3108 5118
653 622 709 726 .¹⁰·

422 799 586 882 Episcopus
604 798 634 862 ll.
653 775 848 864 bononorum
864 799 936 880 regi.

567 957 647 1014 1276.
661 957 787 1014 Februar.

64 1100 237 1172 &abiectos
253 1099 395 1157 Fn'edadcb
412 1117 462 1157 ooo
477 1101 616 1174 Salodurp,
633 1101 686 1158 ecit
703 1104 763 1156 dem
781 1103 851 1156 Tode
867 1101 993 1174 Grcyor'o
1005 1102 1036 1157 X.
1049 1102 1142 1157 loma
1154 1100 1221 1156 nocio
1234 1104 1276 1158 ule

79 1190 185 1247 verber
197 1210 248 1246 con
266 1193 365 1247 Otobor
378 1192 515 1266 bedrdnpt
536 1192 640 1246 erdo’ttet
652 1192 710 1247 sicb
723 1210 770 1248 voa
785 1194 843 1248 dem
858 1193 960 1265 Kdnipe
971 1192 1077 1265 Rudolf
1089 1192 1275 1265 Verbeltanpo·

615 1282 725 1355 befeble.

170 1428 255 1484 Gerb.
270 1428 295 1493 2,
310 1429 352 1483 32.
367 1429 477 1494 Stobbc,
491 1447 532 1484 oo.
547 1427 609 1482 281.

163 1580 223 1661 Qui
241 1578 387 1643 aduersus
404 1585 540 1642 sanctam
556 1580 719 1644 Romanam
737 1580 897 1643 ecclesiam
915 1598 1093 1663 sacrumque
1109 1582 1273 1644 Romanum

62 1688 230 1770 imperium
248 1708 282 1750 se
298 1689 357 1751 iam
374 1688 487 1753 dudum
503 1687 628 1751 vibratis
642 1711 696 1753 sue
709 1688 882 1753 rebellionis
899 1689 1042 1753 cornibus
1056 1691 1275 1754 contumaciter

63 1802 254 1869 erexerunt,
289 1803 378 1879 post
414 1797 615 1860 decessum
651 1798 874 1861 beatissimi
909 1798 1035 1880 patris
1066 1804 1102 1861 et
1132 1799 1273 1862 domini

61 1906 195 1970 nostri
226 1924 322 1987 pape
349 1906 384 1969 G.
409 1905 435 1994 1)
459 1906 628 1972 exultantes
656 1909 687 1970 in
716 1907 807 1974 rebus
824 1908 983 1990 pessimis,
1012 1908 1200 1972 insolescunt
1227 1909 1273 1972 sic

60 2017 214 2080 atrociter
238 2021 268 2079 et
287 2016 448 2089 audacter,
472 2037 508 2079 ac
531 2019 557 2078 si
582 2023 708 2102 utraque
733 2016 864 2100 dignitas
889 2025 920 2082 et
933 2023 1087 2100 potestas,
1116 2036 1190 2102 quas
1205 2017 1270 2081 Deo

59 2125 204 2208 propicio
223 2125 374 2189 credimus
392 2125 586 2200 immortales,
610 2147 666 2209 per
688 2134 816 2191 mortem
832 2127 920 2191 unius
937 2125 1065 2190 hominis
1083 2126 1143 2190 sint
1160 2125 1267 2190 delete.

58 2234 126 2298 Hoc
148 2233 287 2297 innobis
304 2240 335 2296 et
352 2235 483 2298 ecclesia
499 2241 601 2300 nostra
619 2236 707 2298 facile
725 2234 1007 2299 sed'miserabiliter
1024 2243 1071 2300 est
1086 2235 1200 2307 ridere,
1217 2239 1268 2319 qui

59 2364 115 2426 pro
137 2365 174 2408 eo
193 2344 258 2407 solo
274 2345 522 2426 persecucionem
539 2345 678 2427 patimur,
708 2345 891 2409 sustinemus
909 2344 1070 2428 obprobria
1087 2352 1118 2409 et
1134 2352 1269 2411 nostrum

60 2454 278 2516 exterminium
308 2459 519 2539 expectamus,
548 2454 628 2540 quod
655 2460 716 2518 tam
745 2453 810 2517 sedi
832 2454 998 2539 apostolice
1022 2474 1111 2537 quam
1134 2455 1268 2520 Romano

55 2562 190 2646 imperio
224 2561 357 2626 debitam
397 2568 427 2627 et
461 2564 598 2627 devotam
631 2563 820 2645 inpendimus
852 2563 1046 2636 seruitutem,
1087 2564 1197 2647 quibus
1229 2565 1268 2628 ad

55 2671 217 2735 fidelitatis
243 2670 390 2757 obsequia
412 2673 663 2754 recognoscimus
680 2692 734 2736 nos
758 2675 866 2744 teneri,
891 2680 980 2755 prout
1004 2676 1154 2756 presentis
1179 2675 1266 2747 lator,

57 2782 110 2865 qui
143 2781 302 2862 angustias
332 2786 451 2846 nostras
480 2781 713 2846 innumerabiles
741 2781 819 2846 bene
848 2785 945 2854 nouit,
973 2783 1062 2865 plene
1091 2782 1265 2850 sublimitati

54 2891 146 2973 regie
172 2889 324 2954 recitabit.
360 2890 456 2972 Quem
480 2891 576 2954 eciam
600 2891 775 2973 specialiter
797 2891 932 2955 misimus
960 2892 1000 2955 ad
1027 2892 1138 2976 regalis
1166 2893 1262 2975 glorie

55 2994 256 3084 adspectum,
272 3004 304 3063 ut
321 2999 408 3064 nobis
426 3001 462 3062 de
481 3000 641 3064 creacione
659 3002 767 3064 summi
789 2999 939 3083 pontilicis
960 2999 989 3088 2)
1006 3006 1169 3086 uestroque
1191 3023 1263 3085 pro·

55 3131 161 3182 cessu,
181 3129 271 3193 quem
287 3109 454 3174 feliciorem
471 3116 574 3174 nostro
593 3116 673 3174 statu
690 3132 759 3174 esse
777 3110 926 3193 cupimus,
941 3111 991 3194 qui
1005 3130 1062 3174 non
1077 3117 1190 3176 stamus
1208 3114 1263 3178 sed

52 3220 199 3293 labimur,
217 3218 381 3300 investiget
397 3221 551 3301 sagaciter
567 3225 597 3284 et
609 3220 756 3292 sollerter,
770 3238 886 3304 nosque
900 3219 1112 3284 condicionem
1129 3229 1268 3288 nostram.

52 3329 263 3396 miserabilem
280 3331 378 3394 eidem
395 3330 597 3394 commisimus
622 3333 772 3396 maiestati
789 3333 873 3414 regie
891 3333 1106 3415 exponendam,
1123 3339 1157 3398 ut
1174 3334 1260 3399 nobis

53 3442 162 3524 gracie
180 3445 282 3504 vestre
299 3440 456 3506 eonsilium
470 3441 603 3516 retieret,
617 3443 703 3506 cuius
717 3443 850 3524 presidio
864 3445 943 3508 inter
954 3444 1111 3526 angustias
1129 3452 1259 3520 nostras,

54 3571 187 3636 quarum
203 3550 322 3634 pondus
339 3557 370 3615 et
386 3571 528 3616 uumerus
545 3553 593 3615 de·
606 3552 655 3615 die
677 3553 707 3615 in
732 3553 810 3616 diem
833 3560 978 3635 augetur,
1007 3553 1065 3617 hoe
1087 3556 1259 3637 periculoso

53 3668 197 3746 tempore
226 3659 401 3742 dirigamur.
435 3662 467 3723 ln
495 3661 553 3724 hoo
582 3662 661 3725 enim
683 3662 915 3726 deliberacionis
939 3670 1041 3728 nostre
1069 3667 1376 3750 propositumroruau.

51 3772 252 3837 immobiliter
275 3775 322 3833 est
343 3769 509 3844 firmatum,
539 3777 572 3836 ut
593 3773 702 3836 nullius
727 3773 919 3838 adversitatis
935 3774 1070 3856 pondere
1087 3775 1257 3861 nulliusque

52 3881 186 3965 periculi
204 3885 383 3961 tempestate
404 3888 511 3962 pereat
533 3881 588 3943 sed
613 3888 757 3965 appareat
778 3882 875 3964 magis
893 3887 923 3946 et
939 3882 1040 3948 luceat
1057 3884 1139 3949 eirca
1156 3906 1209 3948 ros
1227 3894 1258 3950 et

50 3996 220 4058 Romanum
237 3991 397 4073 imperium
413 3988 488 4054 fides
506 3997 618 4055 nostra.
636 3992 760 4056 Placeat
775 3992 868 4074 igitur
884 3992 979 4074 glorie
996 4000 1096 4058 vestre
1113 3995 1256 4078 princeps

52 4109 82 4166 et
113 4101 237 4167 domine
269 4100 417 4182 gloriose,
450 4120 523 4165 sano
555 4106 655 4163 vestre
688 4100 913 4165 informacionis
946 4103 1072 4168 oonsilio
1104 4104 1256 4168 consolari

51 4217 188 4276 nostram
205 4208 368 4282 miseriam,
386 4211 471 4273 cuius
488 4208 577 4272 finem
595 4214 626 4271 et
642 4229 798 4274 numerum
815 4231 874 4274 non
890 4211 1034 4276 videmus.

83 4527 105 4584 ¹)
124 4527 220 4584 Gregor
232 4523 260 4569 X.
273 4523 395 4569 stirbt10.
408 4527 493 4570 Jonuor
507 4525 574 4570 1276.

95 4603 119 4666 ²)
139 4607 186 4651 ber
198 4615 259 4649 neus
271 4605 341 4660 Papst
353 4606 468 4649 lonoccnz
480 4604 506 4650 V.
520 4605 600 4649 wurde
611 4605 685 4648 sciron
697 4616 731 4648 sm
744 4607 782 4651 21.
795 4607 881 4652 lanruac
894 4607 955 4652 1276
968 4610 1073 4654 erwtblt.

969 4689 1029 4741 20⁹
