3112 5118
1168 300 1243 369 221

57 471 246 532 emolimento
268 469 321 531 fiat
347 468 378 531 in
404 467 522 549 populis
546 467 714 530 iocunditas
737 469 896 550 generalis.
931 469 1068 532 Gaudeat
1088 469 1250 534 letabunda

57 581 84 638 et
104 575 231 640 laudans
255 576 418 646 Alemania,
441 595 473 635 se
494 575 570 638 tanti
593 580 717 637 eventus
740 574 879 637 felicibus
896 576 1043 656 preditam
1059 575 1202 657 auspiciis
1220 584 1251 640 et

56 684 147 745 tantis
167 683 388 744 exultacionum
403 682 543 763 tripudiis
559 681 758 744 iocundatam.
791 682 937 744 Letentur
951 683 1073 765 inquam
1094 684 1203 764 singuli
1220 690 1251 746 et

55 790 251 870 singulariter
278 791 426 860 uniuersi,
456 789 542 852 simul
570 790 716 852 inunum
739 790 821 852 dives
851 795 882 852 et
908 810 1023 872 pauper
1044 791 1195 872 gaudeant
1218 797 1248 855 ct

52 897 170 959 festivis
188 897 383 978 applausibus
407 916 475 958 cum
499 896 664 958 iunioribus
688 895 815 960 iubilent
837 899 990 968 seniores,
1019 877 1088 979 quia
1111 917 1184 960 ecce
1209 899 1246 960 de

52 1005 157 1066 radice
176 1005 280 1084 stirpis
297 1004 428 1084 ingenue
445 1004 559 1084 palmes
575 1004 726 1084 processit
741 1005 858 1066 noviter
874 1024 1041 1085 generosus
1059 1011 1089 1067 et
1104 1007 1249 1068 maiestas

51 1111 140 1192 regia
171 1112 204 1172 in
234 1111 343 1192 pignus
370 1110 561 1174 fructificavit
592 1112 766 1192 egregium,
798 1117 930 1193 optatam
962 1112 1079 1174 diucius
1109 1113 1251 1194 produxit

53 1219 193 1282 sobolem
210 1223 241 1282 et
257 1218 471 1281 bereditarium
486 1218 610 1298 protulit
625 1238 845 1280 successorem.
870 1219 965 1281 Natus
983 1224 1031 1281 est
1046 1219 1146 1300 itaque
1163 1220 1250 1283 nobis

49 1347 128 1409 puer
156 1327 195 1389 ad
223 1327 307 1388 cuius
336 1346 423 1387 omen
439 1325 582 1398 natalicii,
612 1326 776 1405 gloriosum
803 1325 891 1388 velud
920 1325 958 1387 ad
983 1330 1079 1391 ortum
1095 1329 1250 1407 surgentis

51 1455 174 1504 aurore,
208 1433 272 1495 dies
289 1431 376 1495 nobis
406 1433 528 1494 emicuit
555 1433 710 1513 graciosa,
741 1433 810 1514 quia
838 1432 876 1494 de
904 1431 1077 1494 nutancinm
1105 1433 1247 1496 cordibus

50 1541 243 1604 subditorum
259 1539 397 1602 discussa
414 1540 550 1603 dubietas
574 1539 702 1621 ealigine
728 1538 887 1602 cuiuslibet
903 1539 944 1624 a]
962 1540 1086 1622 speique
1103 1540 1249 1603 fluitantis

49 1649 155 1711 nubilo
183 1649 319 1728 relegato
347 1648 483 1710 omnibus
512 1649 599 1728 vigor
624 1647 750 1729 pristine
777 1645 929 1709 fidelitatis
957 1647 1048 1709 rediit
1082 1652 1113 1709 et
1143 1668 1253 1711 serena

49 1755 227 1819 devocionis
246 1755 403 1819 sinceritas
419 1755 572 1818 remeavit.
591 1755 685 1817 Natus
703 1759 750 1816 est
766 1753 866 1835 itaque
883 1752 970 1816 nobis
986 1774 1072 1835 puer,
1088 1774 1144 1836 per
1160 1773 1251 1837 quern

49 1863 157 1926 arduis
174 1864 253 1926 freta
271 1862 466 1944 suggestibus
483 1868 513 1924 et
530 1867 619 1925 aucta
635 1881 730 1943 nuper
747 1861 960 1942 sollempnibus
982 1862 1177 1924 incrementis
1193 1861 1252 1924 im·

48 1971 175 2054 perialis
194 1971 360 2033 eminencie
377 1971 480 2034 inclita
496 1969 644 2033 celsitudo
661 1969 772 2051 poterit
794 1970 944 2050 respirare
969 1973 998 2031 et
1016 1974 1101 2031 cetus
1118 1969 1251 2050 gaudere

49 2078 204 2148 fidelium,
232 2077 301 2160 quia
330 2077 368 2140 ab
392 2077 461 2140 olim
489 2077 575 2140 duasi
593 2078 696 2140 anxins
717 2077 809 2140 rebus
827 2075 925 2142 dubiis
947 2075 1113 2147 tltubabat,
1141 2096 1249 2138 verens

47 2188 155 2249 forsan
172 2186 297 2247 alterius
314 2184 494 2247 detrimenta
510 2184 666 2266 sanguinis
684 2185 856 2266 sceptrique
879 2184 957 2264 regii
982 2183 1108 2264 dampna
1130 2183 1249 2246 timens.

49 2295 150 2357 Natus
168 2299 217 2356 est
234 2293 335 2375 itaque
351 2292 437 2355 nobis
453 2313 544 2374 puer,
567 2293 598 2354 in
615 2313 672 2375 quo
689 2293 862 2374 imperium,
884 2291 972 2353 velud
994 2291 1025 2352 in
1041 2289 1116 2352 turri
1132 2291 1253 2353 fortitu-

50 2402 133 2464 dinis
152 2379 330 2471 stabilitum,
347 2401 510 2462 amulorum
522 2400 716 2462 insolenciam
732 2399 886 2481 reprimet,
900 2398 1073 2478 angustabit
1086 2399 1254 2478 angustias,

50 2508 235 2592 reprobabit
266 2506 425 2590 obprobria
456 2513 487 2570 et
517 2508 680 2570 violencias
711 2506 842 2569 violabit.
883 2505 926 2568 Ex
958 2525 1015 2587 quo
1049 2505 1140 2567 certis
1172 2511 1257 2586 patet

50 2617 191 2687 indiciis,
209 2615 290 2698 quod
307 2615 398 2678 divini
415 2615 518 2695 gracia
534 2614 666 2676 muneris
683 2615 822 2695 graciose
835 2613 945 2674 nostris
959 2613 1112 2694 applaudit
1128 2631 1255 2676 sncces-

51 2724 150 2794 sibus,
169 2726 301 2786 fatorum
317 2723 399 2785 lauet
415 2722 510 2784 series
528 2728 558 2785 et
579 2723 699 2784 fortuna
715 2721 834 2784 fortiter
850 2721 1017 2790 famulatur,
1039 2717 1164 2783 maxime
1189 2739 1256 2782 cum

51 2851 88 2893 ex
95 2829 197 2894 nostri
210 2831 332 2911 generis
346 2829 447 2910 stipite
461 2829 635 2891 excellentis
647 2829 749 2910 plures
762 2828 923 2890 ramusculi
931 2827 1085 2909 pullulant,
1099 2832 1257 2908 emergunt

50 2939 188 3020 ungule,
206 2941 403 2999 succrescunt
417 2936 558 3007 heredes,
575 2937 740 2998 necessarii
752 2936 912 3018 prodeunt,
926 2933 1123 3016 egrediuntur
1139 2933 1256 3015 egregii

50 3047 258 3130 principatus,
276 3065 313 3106 ne
330 3063 432 3107 semen
450 3049 585 3106 nostrum
601 3049 706 3125 pereat
723 3049 753 3105 et
770 3041 914 3124 eclypsim
938 3041 1099 3123 imperialis
1116 3041 1257 3123 prosapia

4 3224 10 3234 ,
51 3155 211 3236 paciatur.
539 3160 541 3162 ’

150 3349 189 3418 a)
205 3347 347 3401 cuiuslibet
360 3363 401 3400 am
415 3346 503 3400 Raude
517 3346 544 3400 V.

263 3539 390 3548 0——-—-

121 3675 204 3718 Wenn
221 3671 471 3724 schirrmacher‚
498 3669 580 3714 Kaisar
601 3669 725 3714 Fridorich
742 3671 769 3714 11.
788 3671 827 3714 [td.
847 3670 870 3725 1,
889 3669 1023 3724 559-563,
1041 3671 1070 3714 im
1089 3669 1257 3726 Widersprueh

120 3757 168 3798 mit
186 3753 267 3798 seiuor
283 3753 384 3811 oigenen
407 3753 559 3808 baretellung
576 3751 695 3809 (dasolbst
711 3764 765 3811 pag.
784 3751 858 3808 273),
881 3751 992 3795 Heinrich
1009 3752 1055 3795 don
1072 3751 1192 3808 Jiingereu
1208 3751 1259 3794 anst

122 3835 189 3881 1241
209 3835 317 3892 geboran
334 3833 430 3876 werden
448 3834 519 3896 itast,
544 3846 571 3876 so
584 3833 669 3876 beruht
686 3834 751 3878 seina
768 3845 845 3890 ganzo
863 3832 993 3876 Deduction
1010 3831 1052 3874 auf
1067 3833 1133 3876 einer
1151 3832 1258 3875 talscbcn

120 3916 261 3970 Erktdrung
283 3913 350 3957 einer
365 3914 441 3972 'Stella
459 3913 482 3957 in
500 3914 551 3957 dem
569 3915 646 3958 Bricle
663 3912 806 3958 Friedrieh's
824 3915 848 3957 11.
868 3926 920 3958 vom
940 3913 962 3956 tr
980 3913 1063 3957 Deobr.
1086 3911 1144 3956 1241
1174 3911 1258 3966 (Mallo.

121 3996 196 4042 Paris
218 3995 247 4040 ad
270 4009 292 4039 a.
315 3993 404 4052 latu:
423 3996 518 4039 duorum
542 3993 679 4037 filiorum
697 3993 796 4054 ndmlicb
818 3993 893 4038 heisst
914 3994 969 4037 dont
986 3993 1050 4037 nicht
1067 3991 1153 4036 zweier
1171 3992 1258 4045 Sbbne,

121 4079 231 4124 eundern
249 4078 280 4122 int
297 4076 510 4136 gleicbbedeuteud
528 4075 570 4120 mit
594 4076 691 4120 duorum
716 4077 899 4129 liberorum,
922 4076 968 4120 und
990 4076 1061 4119 demit
1077 4074 1129 4117 sind
1146 4073 1184 4115 die
1205 4069 1258 4118 hci-

122 4161 174 4204 den
202 4159 292 4202 Kinder
317 4153 458 4202 Friedricb's
486 4158 530 4202 urrd
556 4157 671 4200 leubella's
687 4169 732 4200 von
756 4156 872 4214 drigkand,
899 4156 1046 4212 Margaretba
1063 4154 1109 4198 uod
1126 4155 1257 4208 Friedrich,

121 4241 239 4301 gemeint.
