3168 5124
310 374 360 446 32

310 569 344 634 0.
358 569 415 633 Dei
432 571 535 652 gracia
551 572 740 637 marchiones
757 573 795 636 de
811 575 1030 660 Brandenburg
1046 577 1222 661 obsequium
1239 599 1307 642 cum
1324 578 1364 665 a)
1382 596 1505 662 promp-

308 658 433 744 titvidine
450 682 619 746 voluntatis.
636 684 762 747 Noverit
777 687 954 750 reverencia
969 695 1070 752 vestra
1087 689 1166 772 quod
1183 709 1251 752 cum
1267 689 1305 752 ad
1322 689 1506 752 citasionem

308 795 438 854 vestram
454 789 658 874 Maydeburch
675 791 713 879 b)
735 795 837 857 venire
866 817 923 859 non
952 797 1119 878 possimus,
1147 798 1247 860 causis
1266 795 1503 862 racionabilibus

308 899 520 987 impeditio),
548 901 723 965 familiarem
755 909 889 968 nostrum
906 905 946 992 d)
969 913 1195 988 procuratorem
1224 907 1433 971 constituimus
1466 903 1506 967 ad

308 1009 468 1091 petendum
491 1009 643 1083 inducias,
672 1013 710 1075 ad
732 1014 920 1095 allegandum
938 1019 978 1086 et,
996 1015 1021 1076 si
1039 1036 1165 1078 necesse
1183 1017 1288 1089 fuerit,
1311 1017 1350 1080 ad
1366 1034 1508 1098 compro-

307 1118 437 1181 bandum
460 1139 561 1183 coram
578 1121 663 1184 vobis
688 1123 725 1184 de
746 1105 928 1206 impotencia
950 1124 1089 1187 veniendi
1113 1131 1143 1188 et
1172 1126 1209 1189 ad
1232 1125 1459 1208 appellandum,
1483 1124 1509 1185 si

309 1227 367 1289 sibi
383 1227 478 1292 visum
494 1230 585 1295 suerit
601 1232 763 1313 expediens
780 1239 810 1296 el
826 1235 1001 1296 consultum.
1019 1234 1086 1297 Dat.

334 1489 572 1555 Procuratorlnrn
588 1492 626 1554 orl
639 1495 862 1576 proponendam
879 1497 1088 1576 exceptionem
1106 1495 1277 1560 dilatoriam
1292 1496 1324 1557 ln
1343 1492 1487 1557 rotun.

399 1684 628 1749 venerabilibus
658 1687 785 1751 dominis
811 1695 868 1752 etc.
899 1696 993 1754 totum
1016 1697 1164 1773 utsupra.
1197 1689 1384 1754 Reverencie
1406 1693 1512 1752 vestre

310 1799 412 1857 notum
429 1794 568 1868 iacimus,
586 1797 665 1878 quod
682 1817 737 1859 nos
753 1797 929 1861 familiarem
947 1805 1083 1863 nostrum
1100 1800 1132 1862 C.
1153 1801 1201 1886 e),
1217 1798 1285 1862 11111
1309 1798 1368 1860 loci
1386 1797 1516 1875 canoni-

309 1924 388 1976 cum,
405 1924 496 1988 super
511 1925 614 1976 causa,
637 1925 694 1988 que
711 1907 837 1970 vertitur
857 1909 936 1971 inter
958 1909 1109 1973 dominum
1125 1907 1422 1991 Magdeburgensem
1445 1906 1514 1988 epi-

309 2033 433 2095 scopum
454 2021 591 2096 exparte
608 2035 682 2086 una,
712 2022 742 2079 et
764 2037 818 2079 nos
841 2038 877 2078 111
898 2024 984 2100 parte
1001 2018 1105 2091 altera,
1127 2023 1353 2100 procuratorem
1376 2022 1515 2079 nostrum

310 2124 517 2186 constituimus
539 2125 569 2187 in
592 2125 719 2188 solidum
747 2132 777 2189 et
799 2125 829 2189 in
851 2133 961 2199 totum,
991 2128 1095 2190 dantes
1125 2128 1152 2190 ei
1173 2127 1297 2190 liberam
1326 2131 1514 2208 potestatem

309 2235 507 2316 eroepciones
530 2239 590 2298 tam
608 2235 761 2298 dilatorias
778 2235 892 2308 iudicii,
911 2256 998 2319 quam
1014 2238 1232 2319 peremptorias
1249 2235 1439 2319 proponendi
1461 2234 1515 2322 f),

310 2343 478 2426 appellandi
503 2350 549 2418 11,
578 2346 604 2406 11
629 2343 687 2406 1111
705 2345 866 2426 expediens
891 2345 986 2407 visum
1011 2346 1102 2409 suerit
1124 2353 1155 2410 et
1177 2345 1355 2417 consultum,
1377 2345 1516 2408 totaliter

309 2451 448 2535 11111111)
465 2473 557 2515 causa
573 2455 631 2524 vel,
643 2460 785 2537 quantum
802 2455 848 2517 ius
861 2454 1043 2536 permiserit,
1059 2455 1208 2536 litigandi,
1225 2460 1342 2537 gratum
1360 2461 1393 2518 et
1415 2462 1514 2519 ratum

309 2560 439 2624 habituri
464 2563 599 2645 quitquid
614 2583 670 2644 per
685 2563 782 2645 ipsum
799 2565 829 2626 in
846 2564 951 2627 eadem
967 2565 1019 2628 lite
1037 2565 1150 2628 dictum
1166 2564 1257 2627 luerit
1273 2562 1336 2626 sive
1353 2565 1470 2628 iactum
1484 2571 1516 2628 11

275 2738 277 2743 .
309 2673 367 2736 boc
380 2673 457 2753 parti
475 2672 601 2735 adverse
618 2678 720 2736 notum
738 2672 958 2769 essevolumus
976 2680 1006 2738 et
1022 2681 1171 2738 constare.

311 2932 546 3015 lroenro'torlnm
569 2951 608 3014 od
632 2953 743 3014 11111111
766 2953 923 3015 bononem
946 2954 983 3016 111
999 2953 1226 3035 impetrandum,
1244 2951 1515 3014 contradicendum

730 3066 760 3124 et
776 3061 890 3125 indices
909 3062 1086 3140 eligendum.

401 3258 599 3322 Sanctissimo
617 3259 647 3320 in
664 3258 782 3322 Christo
804 3258 881 3339 patri
906 3264 936 3321 et
952 3259 1071 3321 domino
1095 3257 1130 3321 G.
1148 3256 1261 3342 191111
1284 3256 1389 3339 gracia
1407 3277 1516 3319 sacro-

310 3374 414 3431 sancte
445 3370 577 3433 Romane
610 3368 739 3431 ecclesie
772 3389 886 3433 summo
918 3367 1052 3450 pontifici
1080 3369 1128 3431 Fr.
1162 3368 1267 3430 eadem
1304 3366 1409 3448 gracia
1442 3367 1515 3430 talis

310 3477 440 3540 ecclesie
458 3478 618 3561 episcopus
636 3477 743 3541 devote
761 3477 956 3541 subiectionis
972 3477 1178 3540 reverenciam
1192 3482 1255 3539 tam
1272 3475 1404 3539 debitam
1421 3495 1515 3559 quam

309 3592 453 3669 paratam.
488 3586 713 3673 Sanctitatisi)
734 3593 835 3650 vestre
856 3587 1028 3669 paternitati
1051 3586 1186 3668 cupimus
1209 3605 1277 3648 esse
1305 3590 1407 3647 notum
1431 3586 1517 3669 quod

309 3717 364 3759 nos
381 3696 412 3758 in
429 3695 508 3759 omni
525 3715 617 3759 cansa
634 3702 739 3760 contra
756 3716 809 3759 nos
834 3702 864 3760 et
886 3701 989 3760 1111111
1014 3695 1175 3758 ecclesiam
1199 3701 1331 3758 nostram
1352 3694 1385 3756 in
1407 3701 1515 3760 vestra

309 3811 413 3868 sancta
435 3804 518 3868 curia
535 3810 708 3886 emergente
733 3804 766 3867 C.
789 3805 931 3867 clericum
953 3810 1179 3886 procuratorem
1195 3809 1330 3866 nostrum
1346 3776 1512 3867 constitui-

309 3935 374 3977 mus
387 3914 426 3977 ad
438 3913 657 3995 impetrandum
665 3913 784 3993 gracias
798 3915 947 3995 speciales
962 3919 993 3976 et
1005 3912 1175 3994 generales,
1194 3911 1347 3993 simplices
1359 3912 1467 3975 literas
1482 3918 1514 3975 11

308 4023 465 4106 legendas,
482 4022 520 4085 ad
537 4021 803 4084 contradicendum
819 4028 850 4085 et
872 4022 989 4084 iudices
1007 4021 1188 4103 eligendum,
1207 4020 1313 4083 dantes
1330 4020 1358 4083 ei
1382 4020 1513 4085 liberam

308 4137 491 4216 potestatem
518 4129 719 4193 substituendi
747 4130 804 4193 sibi
833 4130 921 4193 alium
947 4130 993 4192 vel
1023 4129 1108 4201 alios,
1134 4129 1159 4191 si
1183 4129 1241 4192 hoc
1271 4129 1329 4192 sibi
1357 4129 1513 4194 videbitur

311 4241 472 4324 expediens
490 4245 522 4303 11
538 4239 706 4303 consultum
722 4237 772 4325 le),

400 4422 434 4490 a)
450 4438 507 4476 cum
525 4421 593 4474 omni
614 4420 642 4472 Z.
653 4449 687 4459 -
698 4419 730 4488 1)
747 4419 902 4472 bloidbureb
916 4419 943 4472 Z.
959 4429 994 4458 ··-
1007 4419 1038 4486 o)
1054 4417 1187 4501 prepediti
1200 4417 1231 4471 V.
1246 4447 1280 4456 -
1295 4416 1329 4486 d)
1353 4417 1511 4489 magistrum

309 4514 358 4570 Cb.
373 4517 399 4569 Z.
415 4544 443 4553 -
459 4513 491 4582 e)
505 4513 544 4567 111.
558 4513 585 4565 Ζ.
604 4543 631 4551 -
647 4511 679 4583 s)
694 4527 770 4582 prop.
785 4512 826 4565 vel
838 4527 880 4580 ap.
896 4511 978 4564 eciam
993 4511 1015 4563 si
1029 4512 1056 4564 Z.
1074 4540 1102 4549 -
1117 4510 1153 4582 p)
1168 4511 1224 4581 ipsa
1237 4509 1263 4562 Z.
1274 4539 1304 4548 -
1320 4507 1354 4579 1)
1369 4509 1417 4563 Gr.
1431 4510 1459 4564 Z.
1477 4540 1507 4552 -

309 4608 337 4680 i)
354 4604 496 4663 Sanctitati
508 4605 538 4659 V.
558 4634 586 4643 -
602 4604 635 4676 1)
651 4619 725 4658 coos.
739 4604 830 4658 barum
844 4603 998 4659 testimonio
1012 4603 1159 4658 literarum.
1173 4605 1231 4658 Dat.
1242 4618 1310 4657 anno
1325 4609 1379 4656 111.
1395 4602 1422 4656 Z.
