3096 5128
290 349 368 422 460

379 524 586 591 Humilitatem
601 526 737 610 obsequii
745 527 772 589 si
785 545 844 589 non
856 525 1037 609 dedignetur
1047 524 1363 609 obsequiumpersone
1369 524 1487 590 humilis

287 634 318 692 et
334 629 470 706 abiecte,
488 654 540 698 cor
555 635 756 707 humiliatum,
774 655 827 698 cor
843 635 1002 698 contritum
1020 634 1138 718 quando
1155 653 1215 697 non
1230 635 1346 707 affluet,
1367 635 1485 720 wando

286 758 345 801 non
354 739 512 824 liquescet,
521 764 589 806 cnm
598 764 721 826 prorsus
733 741 923 807 adversitatis
933 741 1073 806 incendio
1085 743 1289 807 incandescat.
1304 744 1374 824 Ego
1385 748 1484 807 autem

285 847 382 910 iactus
400 850 509 914 vermis
528 857 559 914 ct
575 873 634 915 non
656 852 762 922 homo,
786 851 981 933 obprobrium
1002 851 1154 915 hominum
1172 857 1203 913 et
1219 851 1350 915 abiectio
1368 850 1482 936 plebis,

285 956 335 1039 qui
352 960 430 1020 omni
462 961 665 1040 cognacione‚
694 959 772 1022 omni
803 959 907 1040 gracia
940 960 1119 1032 destitutus,
1152 959 1231 1022 omni
1264 959 1390 1024 miserie
1419 981 1481 1024 sum

284 1065 460 1137 immersus,
487 1073 617 1132 vestram
629 1067 840 1131 humanitatem
856 1068 998 1132 famosam
1012 1073 1042 1130 et
1059 1067 1171 1151 ubique
1188 1069 1343 1147 vulgatam
1360 1071 1480 1154 plorans

284 1173 408 1256 imploro
424 1177 611 1258 perviscera
628 1176 684 1238 Dei
707 1176 818 1246 nostri,
843 1180 990 1261 quatenns
1008 1197 1053 1239 me
1071 1177 1211 1239 miserum
1228 1181 1260 1238 et
1275 1176 1480 1241 miserabilem

284 1283 799 1355 clericumuestromtotlaboribus,
817 1290 862 1347 tot
874 1285 1018 1366 penuriis,
1036 1290 1081 1348 tot
1094 1284 1214 1357 debitis,
1228 1305 1287 1368 que
1301 1306 1479 1349 enumerare

282 1393 495 1464 verecundum,
510 1392 720 1474 compeditum,
738 1394 973 1456 misericorditer
989 1391 1129 1475 expedire
1147 1398 1177 1455 et
1193 1393 1356 1457 sublevare
1375 1395 1479 1475 digne·

189 1573 192 1579 ⁴
284 1499 353 1563 mini
362 1501 398 1563 de
411 1503 477 1564 lacu
492 1503 609 1564 miserie
628 1507 657 1564 et
673 1503 711 1564 de
726 1503 788 1565 luto
805 1504 891 1574 fecis,
908 1506 941 1565 ut
953 1507 1076 1584 propter
1093 1500 1311 1567 exhibitionem
1327 1505 1478 1584 postulate

282 1609 485 1673 misericordie
500 1609 584 1674 vobis
601 1616 701 1695 optata
718 1611 923 1674 misericordia
941 1611 1137 1691 impendatur.

856 1855 895 1895 m.

711 2001 732 2060 i
748 1999 847 2062 meriti
864 1998 1042 2079 quontitate.

372 2158 606 2222 Commendabili
624 2158 742 2221 domino
759 2178 814 2220 suo
831 2163 862 2220 et
877 2157 1016 2221 fidelibus
1034 2177 1092 2220 non
1109 2156 1303 2219 mediocriter
1319 2159 1471 2220 fructuoso

283 2265 316 2328 C.
335 2270 393 2328 etc.
412 2267 448 2329 H.
468 2271 526 2329 etc.
547 2266 686 2329 affectum
704 2265 840 2350 obsequii
858 2271 888 2328 et
904 2266 1053 2329 effectum.

371 2375 481 2454 Magna
497 2380 543 2437 est
559 2392 667 2454 magno
684 2375 785 2456 precio
803 2372 1003 2458 comparanda
1027 2373 1132 2452 gracia
1154 2378 1271 2444 restra,
1296 2373 1377 2457 quod
1399 2373 1469 2435 iide-

279 2482 350 2546 lium
367 2482 577 2565 obsequiorum
594 2482 771 2544 recordacio
790 2482 872 2562 cogit
887 2482 972 2561 large
989 2481 1163 2562 promittere
1184 2481 1239 2543 sed
1261 2481 1378 2563 largius
1395 2483 1469 2544 elar-
1533 2487 1540 2500 “

280 2590 348 2672 giri.
374 2591 446 2654 Dies
462 2592 563 2675 itaque
581 2590 769 2654 desideratus
786 2589 888 2652 alluxit
904 2587 1012 2658 michi,
1035 2608 1102 2651 cum
1126 2589 1242 2652 devotis
1266 2588 1421 2674 obsequiis
1440 2589 1468 2651 in

280 2700 374 2763 oculis
396 2700 504 2764 vestris
527 2701 622 2762 merui
656 2699 789 2778 graciam
820 2696 964 2760 invenire.
1001 2693 1191 2779 Quapropter
1215 2697 1253 2760 ad
1274 2696 1468 2779 benignitatis

280 2815 379 2872 vestre
397 2807 546 2888 refugium
564 2806 707 2870 audacius
726 2825 849 2868 recurro
866 2810 896 2866 et
913 2804 1072 2883 coniugio,
1089 2808 1253 2887 quatenus,
1277 2806 1470 2869 consideran-

279 2923 324 2981 tes
342 2917 536 2980 deuocionem
553 2913 674 2977 servicii
692 2913 767 2982 mei,
791 2911 876 2975 robis
894 2910 1023 2973 libenter
1038 2910 1161 2976 exhibiti
1177 2917 1208 2974 et
1223 2913 1373 2976 libencius
1390 2912 1469 2976 exbi-

279 3024 381 3096 bendi‚
406 3021 555 3086 diuturnis
580 3021 733 3084 laboribus
751 3020 844 3088 meis,
867 3018 977 3083 debitis
1000 3023 1030 3080 et
1053 3019 1187 3101 penuriis
1210 3019 1379 3083 liberaliter
1400 3041 1469 3084 con-

281 3133 403 3204 solatis,
433 3135 464 3193 ut
488 3135 548 3193 tam
572 3128 680 3191 uestris
705 3149 793 3214 quam
821 3132 987 3190 uestrorum
1026 3125 1179 3211 obsequiis
1212 3126 1348 3192 strictius
1380 3130 1467 3191 simus

278 3240 429 3304 astrictus.

372 3348 637 3434 (Perpendendum
656 3352 718 3415 est,
749 3345 845 3429 quod,
873 3344 944 3406 licet
961 3343 1063 3407 ultima
1080 3342 1227 3426 particula
1243 3343 1303 3406 iam
1317 3344 1398 3408 dicte
1410 3344 1469 3426 epi·
1544 3305 1546 3374 l

278 3460 354 3522 stole
376 3456 513 3520 veracius
546 3456 739 3539 appropietur
771 3454 883 3522 eidem,
922 3455 1127 3514 verumtamen
1155 3452 1228 3514 satis
1267 3456 1468 3536 competenter

278 3572 383 3650 posset
398 3571 459 3629 tam
478 3563 598 3646 scriptis
617 3583 706 3645 quam
723 3560 893 3625 scribendis
910 3560 1046 3642 epistolis
1063 3559 1226 3646 adaptari.)

855 3801 885 3843 a.

696 3947 716 4009 i
734 3947 850 4026 negocii
866 3946 1053 4008 necessitate.

371 4118 524 4180 Timorato
547 4106 610 4172 viro
634 4112 664 4169 et
690 4104 836 4176 studioso,
859 4103 994 4187 implenti
1011 4106 1116 4164 sancte
1132 4097 1258 4163 consilia
1274 4105 1306 4163 et
1322 4100 1470 4174 mandata,

157 4253 201 4292 nu.
212 4251 269 4291 ore.
283 4230 315 4293 C.
335 4231 393 4290 etc.
411 4225 446 4286 H.
465 4227 522 4285 etc.
542 4219 649 4281 devote
665 4213 872 4279 veneracionis
889 4212 1038 4274 ellectum.

368 4333 486 4415 Quanto
504 4329 598 4392 maior
616 4323 784 4388 necessitas
802 4322 840 4384 ad
853 4319 1038 4404 paupertatis
1051 4317 1249 4401 provisionem
1264 4316 1470 4399 compellit-
1543 4297 1545 4390 l

272 4445 464 4530 precipiente
477 4442 572 4503 lama:
590 4453 684 4520 pasce
700 4435 777 4494 ieme
791 4431 976 4501 morientem,
990 4448 1077 4511 quem
1092 4428 1187 4490 sinon
1200 4425 1322 4509 paveris
1337 4423 1470 4488 occidisti

274 4592 317 4602 -
339 4556 423 4617 tanto
442 4547 589 4612 libencius
606 4547 637 4604 et
651 4541 805 4605 liberalius
822 4537 1005 4602 mendicanti
1021 4534 1237 4647 consulendum
1253 4537 1311 4605 est,
1329 4541 1363 4597 nt
1378 4535 1469 4596 mute·
