3114 5110
301 345 379 415 226

298 517 463 588 involucro,
480 515 555 580 tides
573 516 745 579 evidencior
761 514 924 586 babeatur;
942 535 1016 578 ecce
1030 517 1111 599 quod
1125 516 1206 580 bona
1222 517 1280 580 lide
1296 519 1506 599 promittimus

299 629 330 686 et
353 624 390 686 ad
413 624 472 686 hcc
497 644 552 687 nos
576 630 681 686 tenore
697 623 887 704 presencium
913 622 1099 703 obligamus,
1127 623 1208 705 quod
1232 643 1286 686 nos
1303 624 1342 686 ab
1359 623 1506 687 omnibns

298 730 365 802 aliis
390 730 618 813 quibuscunque
643 729 868 794 difficultatibus
892 727 992 793 taliter
1017 729 1165 811 explicare
1190 730 1394 811 disponimus,
1421 733 1506 812 quod

297 839 328 900 in
344 839 476 920 proximo
505 857 584 901 nunc
600 837 724 901 instanti
750 838 829 900 sesto
853 836 1084 900 resurrectionis
1113 837 1263 900 dominice
1286 839 1367 900 iuxta
1395 845 1506 900 vestre

298 945 495 1009 beatitudinis
526 946 668 1027 placitum
700 966 716 1006 e
744 944 873 1024 vestigio
906 944 943 1006 ad
977 964 1118 1007 coronam
1146 945 1262 1026 imperii
1284 946 1505 1026 procedemus.

297 1055 423 1135 Insuper
450 1054 602 1118 sanctitati
629 1058 728 1116 vestre
755 1071 809 1133 pro
838 1053 961 1116 materia
990 1052 1152 1133 congaudii
1179 1054 1331 1134 amplioris
1362 1055 1507 1115 duximus

298 1162 476 1226 fiducialiter
503 1162 731 1232 declarandum,
760 1162 841 1242 quod
869 1162 1024 1224 ordinator
1051 1161 1128 1224 casti
1157 1161 1273 1224 consilii
1298 1167 1329 1222 et
1343 1169 1506 1224 rectarum

299 1273 464 1354 dispositor
478 1270 662 1333 voluntatum
678 1289 733 1331 nos
750 1288 817 1331 cum
834 1266 993 1349 magnifico
1009 1269 1163 1350 principe,
1186 1289 1281 1348 rege
1304 1269 1507 1332 videlicet

295 1378 478 1447 Francis,
502 1378 547 1440 sic
563 1377 750 1440 uniformiter
766 1376 970 1448 concordavit,
988 1377 1068 1458 quod
1083 1377 1159 1440 alter
1175 1382 1310 1439 nostrum
1325 1377 1357 1438 in
1374 1377 1507 1440 alterins

298 1487 451 1568 dampnis,
476 1484 610 1548 comodis
635 1490 667 1547 et
689 1483 854 1546 incomodis
879 1483 992 1548 lactum
1015 1483 1167 1565 proprium
1189 1482 1303 1545 versari
1328 1483 1458 1546 estimet
1475 1490 1507 1544 et

298 1615 384 1658 suurn
401 1593 534 1676 speciale
558 1597 677 1674 reputet
700 1591 858 1655 interesse.
887 1591 1020 1672 Nuper
1044 1591 1195 1673 quidem
1218 1590 1331 1652 nobis
1356 1609 1507 1654 convc-

298 1700 495 1764 nientibus
521 1705 552 1762 et
577 1700 637 1762 leta
665 1698 871 1780 spectantibus
900 1697 1033 1769 visione,
1061 1698 1113 1762 tali
1141 1703 1277 1779 tempore
1304 1702 1396 1779 atque
1415 1697 1504 1770 loco,

297 1809 454 1870 universas
478 1812 509 1870 et
536 1805 670 1887 singulas
691 1804 907 1888 promissiones
931 1826 986 1868 scu
1009 1805 1221 1868 ordinaciones
1250 1803 1417 1866 hincinde
1447 1823 1507 1886 per

301 1920 421 1979 nostros
439 1913 627 1978 consiliarios
644 1913 773 1976 diversis
789 1913 975 1995 temporibus
992 1913 1160 1983 inchoatas,
1184 1917 1214 1975 et
1235 1912 1357 1975 tandem
1381 1912 1507 1975 utrius-

298 2044 356 2106 que
379 2029 513 2086 nostrum
541 2021 713 2104 patentibus
735 2021 831 2084 literis
854 2020 1053 2102 approbatas,
1082 2037 1136 2082 nos
1159 2019 1246 2081 ambo
1268 2037 1359 2100 reges
1382 2021 1507 2100 pariter

298 2130 455 2194 constituti
471 2135 552 2192 ratas
570 2135 601 2190 et
617 2133 720 2210 gratas
744 2127 856 2190 habere
880 2133 911 2190 et
932 2133 1076 2209 perpetuo
1100 2146 1281 2190 conservare
1302 2127 1506 2208 promisimus

298 2239 357 2302 fide
380 2239 449 2302 data
472 2238 547 2300 alter
570 2236 607 2300 ab
642 2237 736 2299 altero
759 2236 953 2307 manualiter,
982 2254 1071 2317 quam
1093 2234 1160 2296 viee
1178 2235 1290 2296 etloco
1307 2234 1505 2315 prestitimus

298 2346 488 2411 sacramenti.
507 2347 571 2408 Hoc
589 2345 684 2406 eciam
702 2344 739 2406 de
765 2344 914 2406 communi
935 2343 1099 2405 adiecimus
1121 2343 1285 2413 voluntate,
1307 2343 1390 2424 quod
1407 2343 1455 2428 a)
1473 2347 1506 2405 in

297 2454 399 2518 litibus
417 2459 448 2517 et
465 2452 685 2536 questionibus,
703 2452 735 2514 in
749 2450 837 2514 bellis
854 2451 985 2532 publicis
1002 2469 1057 2514 scu
1072 2449 1197 2531 privatis
1221 2455 1313 2531 atque
1330 2451 1503 2512 occasione

298 2561 484 2646 quantalibet
500 2581 536 2622 ex
552 2580 630 2622 nnnc
646 2560 693 2621 vel
709 2559 740 2620 in
757 2564 845 2621 antea
861 2559 986 2622 fortuitu
998 2557 1186 2639 inpellemur,
1198 2577 1274 2619 unus
1288 2557 1420 2620 alterum
1437 2563 1505 2620 tam

298 2669 428 2732 fideliter
450 2687 539 2750 quarn
562 2667 687 2729 viriliter
703 2665 865 2736 adiuvabit,
888 2685 944 2727 nec
968 2665 1044 2727 alter
1066 2664 1130 2726 sine
1154 2665 1276 2727 alterius
1298 2664 1503 2746 beneplacito

299 2783 330 2840 et
346 2796 496 2840 consensu
514 2794 581 2837 cnm
594 2773 766 2838 huiusmodi
780 2771 957 2836 tnrbacione
970 2778 1104 2852 treugas,
1116 2791 1223 2853 pacem
1241 2772 1287 2833 vel
1300 2773 1504 2834 concordiam

299 2883 481 2954 celebrabit,
510 2902 566 2945 nec
596 2881 633 2943 de
661 2881 719 2943 biis
743 2886 904 2943 tractatum
926 2878 1072 2960 habebits
1098 2879 1135 2941 ad
1159 2880 1240 2961 qnod
1261 2879 1427 2962 presertim
1444 2902 1503 2943 nos

298 2993 488 3055 astrinximus
517 2989 573 3053 sub
603 2989 739 3052 eiusdem
767 2988 837 3051 fidei
865 2988 1037 3070 sponsione.
1064 2988 1174 3051 Cetera
1196 2989 1290 3059 lator,
1319 2988 1368 3050 cui
1392 3009 1503 3051 aurem

297 3099 492 3163 beatitudinis
516 3097 691 3168 clemencia,
721 3117 824 3173 aurem
848 3097 960 3159 favoris
984 3103 1014 3159 et
1038 3095 1199 3160 credencie
1224 3101 1368 3176 tanquam
1392 3103 1502 3159 nostro

299 3207 518 3290 specialissimo
534 3207 663 3288 petimus
676 3205 826 3280 ¹erhiberi.

389 3369 496 3438 Gregor
514 3369 545 3420 ll.
566 3368 639 3420 batto
658 3383 705 3419 zur
720 3366 938 3436 Kaiserbrbnung
952 3363 1062 3419 lindolss
1086 3364 1274 3435 ursprdnglicb
1294 3364 1342 3417 das
1357 3364 1500 3419 Allerbei·

300 3459 426 3526 ligenfest
447 3457 516 3510 1275
536 3455 678 3510 bestimmt.
700 3455 817 3524 Palaclsy
835 3455 891 3508 ltal.
907 3457 986 3508 Reise
1004 3473 1030 3525 p.
1044 3454 1088 3514 tl,
1103 3472 1144 3509 no.
1159 3455 1220 3508 352.
1245 3453 1356 3524 spinter,
1380 3456 1425 3508 boi
1449 3456 1501 3510 der

301 3546 532 3604 zusammenlrunit
550 3547 597 3600 mit
609 3544 711 3600 liudolf
727 3563 757 3598 cu
778 3545 928 3606 bausanne,
947 3545 1037 3598 wnrde
1055 3545 1081 3598 in
1102 3533 1360 3614 Ubrrcinstimmung
1378 3546 1426 3598 mit
1448 3547 1501 3598 den

299 3638 451 3692 Wiinscben
463 3636 575 3690 Rudolfs
590 3635 636 3690 der
649 3635 755 3690 Termin
769 3637 817 3690 ani
826 3637 969 3704 Ptingsten
983 3634 1054 3687 1276
1068 3634 1242 3688 versehobcn.
1263 3635 1333 3702 Papa
1354 3635 1415 3704 regi
1430 3651 1501 3688 con-

299 3729 415 3790 suleret,
434 3731 463 3779 ut
476 3727 584 3780 Romam
598 3726 632 3780 ad
644 3727 743 3778 lesturn
757 3726 950 3794 penthecostes
964 3724 1015 3796 (21
1032 3725 1080 3778 blei
1096 3724 1183 3796 1276)
1198 3742 1259 3778 cum
1274 3724 1377 3777 duobus
1391 3726 1501 3778 milibus

297 3817 405 3869 militurn
420 3816 529 3876 veniret,
547 3821 577 3868 ut
590 3833 650 3869 enm
663 3817 688 3868 in
701 3816 890 3884 imperatorem
905 3817 1078 3869 Romanorum
1090 3813 1237 3867 solenniter
1250 3820 1402 3867 coronaret.
1425 3812 1498 3866 Ann.

304 3903 650 3967 Basilicnscsltl.G.SS.l7‚
666 3904 783 3958 168116
801 3906 875 3973 llopp
890 3905 915 3966 1,
931 3903 1207 3958 126111111-1111
1225 3903 1268 3956 irir
1281 3903 1373 3956 diesen
1387 3904 1501 3958 Termin

299 3999 377 4065 passt
396 3993 508 4048 Rudolis
526 3994 706 4062 dameldung:
728 4011 770 4048 um
790 3992 924 4061 Plingsten
947 3993 972 4044 in
992 3995 1058 4046 Rom
1083 4010 1114 4045 zu
1136 3993 1207 4052 sein,
1231 3993 1323 4046 wollte
1348 3993 1501 4046 11011111

300 4083 744 4138 1116111111111111111111111111.
766 4083 901 4136 Demnacb
923 4081 1014 4136 wdrdc
1034 4097 1113 4134 unser
1131 4081 1207 4134 Briei
1223 4098 1310 4152 gegen
1330 4082 1405 4135 Ende
1426 4081 1501 4135 1275

300 4175 369 4227 oder
387 4174 422 4224 im
439 4172 540 4226 ianuar
560 4173 629 4226 1276
648 4172 824 4242 gescbrieben
844 4172 914 4235 sein;
939 4171 1005 4223 denn
1026 4173 1108 4224 sebon
1130 4188 1170 4222 am
1189 4170 1231 4222 10.
1250 4171 1308 4224 ,111
1331 4170 1501 4224 1276111111

303 4263 412 4339 Gregor
425 4263 456 4315 x.
480 4263 509 4317 11
527 4262 585 4315 1111
603 4261 1062 4331 1111111211111111111111111111
1082 4265 1172 4314 setzen
1191 4261 1257 4313 sein.
1281 4261 1370 4321 Denn,
1395 4277 1425 4314 so
1447 4263 1501 4313 viel

300 4352 343 4404 icb
369 4352 458 4412 weiss,
480 4351 598 4404 berielcn
622 4368 670 4403 von
695 4351 744 4403 de'n
767 4350 912 4420 folgenden
932 4351 1045 4419 Pipsten
1069 4367 1119 4403 nur
1141 4351 1211 4403 norb
1229 4351 1360 4403 Honorius
1381 4349 1423 4402 lv.
1448 4350 1501 4402 und

391 4512 424 4579 a)
441 4512 462 4562 si
476 4527 508 4563 nu
523 4515 663 4580 ergtnzsn.
