3132 5126
685 525 845 592 tractatas
861 525 899 589 de
915 525 1189 608 appellaelnllas.

831 649 1051 710 ootrmuoma).

435 787 522 853 Sicut
538 784 727 851 confirmacio
750 786 824 851 lacit
844 787 1028 851 sentenciam
1046 807 1115 850 esse
1132 785 1170 875 l]
1183 785 1289 850 utilem
1305 790 1335 848 et
1350 785 1467 856 ualere,
1487 782 1526 844 sic

342 896 507 979 appellacio
522 895 676 979 intercipit
686 901 787 961 actum
798 916 884 960 suum
897 902 928 960 et
943 897 1039 980 ipsam
1054 897 1184 960 transire
1199 917 1258 960 non
1270 894 1419 978 permittit
1430 895 1459 957 in
1470 913 1526 956 rem

338 1006 514 1090 judicatam.
546 1004 633 1070 Unde
651 1006 694 1080 ¹de
716 1005 970 1088 appellacionibus
992 1005 1156 1069 videamus.
1179 1006 1350 1088 Appellacio
1372 1003 1550 1096 secuudum¹

346 1115 420 1180 iuris
438 1113 651 1179 diffinicionem
665 1119 712 1182 est
727 1114 765 1180 ad
782 1115 952 1199 superiores
968 1114 1148 1198 provocacio
1166 1123 1195 1180 et
1211 1117 1273 1180 uult
1287 1115 1352 1180 lieri
1366 1116 1529 1198 plerumque
1549 1099 1551 1168 l

343 1229 412 1288 ante
440 1224 620 1288 sentencias.
654 1223 817 1290 Sciendum
833 1231 949 1297 autern,
977 1217 1057 1308 quod
1084 1225 1249 1308 appellacio
1277 1225 1425 1308 gradatim
1449 1209 1551 1286 dehetl

343 1333 424 1406 lieri,
452 1333 569 1396 scilicet
595 1353 612 1396 a
633 1333 776 1416 plebano,
799 1331 824 1396 si
842 1340 889 1397 est
905 1334 1127 1407 necessarium,
1149 1335 1187 1398 ad
1204 1334 1471 1418 archidyaconum,
1497 1331 1527 1393 al
1550 1309 1552 1390 i

343 1444 554 1508 archidiacono
571 1443 608 1506 ad
626 1443 810 1527 episcopum,
826 1443 864 1508 ab
882 1445 1024 1526 episcopo
1041 1445 1079 1508 ad
1095 1443 1365 1528 archiepiscopum,
1383 1445 1422 1508 ab
1438 1443 1529 1507 archi·

347 1556 490 1637 episcopo
507 1555 545 1616 ad
559 1573 683 1637 papam,
702 1552 757 1617 nisi
775 1555 852 1618 sorte
869 1553 920 1617 liat
936 1554 1029 1617 saltus
1047 1553 1085 1642 e)
1102 1554 1133 1616 in
1149 1553 1326 1638 quibusdam
1333 1555 1480 1642 casibus,
1502 1563 1530 1617 ut
1552 1589 1553 1594 κ

347 1665 372 1727 si
390 1666 467 1728 forte
484 1663 590 1746 aliquis
607 1663 695 1727 iudex
717 1662 795 1726 inter
817 1681 923 1745 papam
947 1668 977 1725 et
998 1662 1157 1744 plebanum
1181 1683 1347 1745 suspensus
1371 1665 1461 1728 fuerit
1487 1669 1531 1725 aut

345 1773 522 1836 interdictus
542 1773 589 1835 vel
609 1772 880 1836 excommunicatus
899 1773 946 1835 vel
960 1773 1037 1836 sorte
1063 1773 1226 1855 negligens
1244 1780 1275 1838 ot
1290 1773 1491 1845 insufficiens;
1506 1777 1531 1834 et

343 1891 414 1948 tunc
442 1884 467 1946 is
484 1881 536 1970 d),
560 1884 610 1967 qui
637 1883 705 1946 talis
733 1889 790 1955 est,
821 1883 936 1947 obmitti
954 1881 992 1970 e)
1015 1889 1116 1966 potest
1148 1891 1178 1948 et
1206 1885 1244 1948 ad
1272 1885 1360 1948 alium
1390 1882 1527 1968 appellari.

345 1996 419 2058 ltem
447 1993 541 2057 omnis
570 1992 733 2076 appellacio
751 1992 842 2056 debet
858 1992 922 2055 lieri
950 2013 1116 2066 excausa,
1144 1994 1285 2059 videlicet
1313 2016 1348 2058 ex
1370 1993 1529 2076 suspicione

348 2104 395 2166 vel
410 2102 449 2190 f)
464 2102 623 2166 manifesto
652 2103 832 2186 gravamine.
862 2101 901 2166 ut
927 2102 978 2165 uhi
1000 2108 1124 2187 propter
1146 2103 1349 2187 suspicionem
1365 2103 1531 2187 appellatur,

346 2236 406 2280 nou
427 2213 540 2278 suflicit
560 2213 703 2302 appellari
718 2210 759 2299 a)
777 2211 961 2275 solummodo
982 2218 1106 2294 propter
1123 2213 1341 2296 suspicionem,
1358 2214 1420 2277 nisi
1445 2211 1533 2294 suspi-

348 2325 442 2390 cionis
471 2344 562 2387 cause
590 2323 748 2386 manifeste
777 2320 941 2405 probentur
970 2327 1001 2384 et
1029 2321 1221 2387 sufficienter.
1254 2325 1328 2387 ltem
1351 2345 1412 2387 non
1434 2320 1534 2385 sufficit

346 2433 468 2516 allegari
496 2432 685 2516 gravamina,
713 2430 771 2495 nisi
798 2450 853 2513 per
880 2430 926 2498 ius
955 2436 985 2493 et
1001 2430 1074 2495 facti
1102 2430 1287 2496 evidencinm
1302 2433 1391 2516 plene
1416 2437 1532 2497 constet.

346 2545 453 2607 Coram
468 2541 617 2606 iudicibus
634 2539 780 2622 delegatis
797 2539 823 2601 si
840 2539 930 2602 fuerit
951 2540 1168 2622 appellandum,
1186 2560 1204 2604 a
1226 2542 1419 2625 delegatione
1442 2540 1533 2625 appel-

345 2652 464 2717 labitou.
496 2652 611 2714 Tamen
638 2648 822 2732 quorundam
844 2654 892 2712 est
908 2648 1024 2731 opinio,
1058 2649 1138 2733 quod
1155 2653 1185 2712 in
1208 2649 1320 2716 iudicio
1338 2651 1533 2735 delegatorum

349 2761 511 2847 appellacio
532 2760 627 2825 eciam
637 2779 693 2843 per
711 2760 803 2822 saltus
821 2757 886 2824 lieri
898 2760 1033 2847 valeat1)
1052 2766 1083 2826 et
1096 2760 1211 2824 eisdem
1230 2761 1274 2824 sic
1289 2759 1342 2847 l),
1360 2765 1386 2826 si
1406 2764 1478 2828 alias
1495 2763 1534 2822 cst

351 2875 477 2958 ydonea‚
494 2871 698 2937 deferendum.

440 2983 485 3046 De
501 2979 753 3066 appellacionihus
770 2985 840 3044 suut
853 2979 959 3061 regule
975 2981 1147 3062 generales:
1166 2982 1270 3047 Omnis
1286 2983 1451 3066 appellacio
1466 2982 1497 3046 lit
1509 2980 1534 3044 in

352 3092 481 3176 scriptis.
494 3092 642 3175 Inprimis
655 3095 785 3175 apponet
799 3089 831 3175 i)
845 3088 995 3171 appellans
1009 3110 1117 3154 nomen
1129 3111 1224 3166 suum,
1238 3093 1347 3157 deinde
1360 3085 1535 3158 nomenoius

351 3205 398 3268 vel
415 3223 516 3268 eorum
532 3208 637 3268 contra
653 3221 741 3285 quem
757 3199 804 3263 vel
820 3218 895 3282 quos
918 3199 1064 3281 appellat,
1088 3200 1197 3266 deiude
1214 3223 1335 3266 causam
1352 3201 1535 3286 gravaminis,

351 3332 440 3398 quam
469 3334 529 3378 non
550 3311 662 3376 sufficit
684 3309 788 3374 dicere
810 3307 866 3370 scd
888 3305 984 3371 eciam
1001 3307 1169 3392 specificari
1192 3317 1319 3394 oportet.
1352 3311 1535 3378 Postmodum

356 3423 511 3506 subiungit
527 3423 679 3506 appellans
694 3419 753 3494 ,ad
769 3418 858 3482 talem
874 3417 1005 3491 locum“,
1021 3419 1068 3482 vel
1087 3420 1146 3493 „ad
1168 3423 1258 3486 talem
1274 3421 1426 3487 iudiccm“
1443 3421 1481 3508 le)
1495 3419 1535 3482 uel

353 3534 526 3619 specialiter
539 3532 598 3607 ,ad
614 3530 765 3596 domiuum
779 3538 921 3610 papam“,
934 3532 964 3591 et
976 3527 1007 3590 in
1019 3526 1077 3591 line
1093 3528 1177 3611 pouit
1189 3551 1222 3593 sc
1238 3537 1268 3596 et
1284 3551 1339 3594 sua
1355 3531 1411 3595 sub
1424 3536 1536 3616 protec-

350 3627 464 3711 tionem
491 3643 572 3715 eius,
600 3640 640 3704 ad
663 3659 752 3723 quem
778 3637 915 3720 appellat.
947 3635 986 3700 ut
1013 3636 1039 3698 si
1066 3639 1231 3720 appellatur
1253 3641 1286 3727 ¹)
1310 3640 1349 3704 ad
1376 3641 1535 3708 terminum.

352 3757 496 3825 terminus
513 3752 603 3818 debet
617 3749 697 3834 poni.
730 3749 804 3813 Item
820 3746 993 3819 sciendum,
1015 3746 1042 3810 si
1058 3749 1223 3831 appellatur
1239 3749 1277 3816 de
1293 3750 1443 3816 iudicibus
1465 3749 1538 3815 dele-

355 3867 450 3952 gatis,
477 3865 573 3928 torma
595 3856 799 3941 delegacionis
828 3856 886 3921 erit
912 3856 968 3920 sulo
997 3877 1100 3922 eorum
1128 3861 1277 3927 sententia
1304 3860 1351 3925 vel
1378 3861 1482 3946 aliquis
1505 3857 1538 3920 ab

355 3979 453 4062 aliquo
485 3970 675 4058 gravamine;
715 3966 760 4030 sic
792 3986 847 4050 per
879 3966 978 4030 omnia
1008 3967 1115 4031 modus
1147 3970 1316 4036 seruabitur
1347 3971 1538 4055 supradictus,

354 4086 528 4168 Exemplum
542 4083 630 4148 inira.

448 4252 481 4318 a)
507 4249 574 4304 Dist.
600 4247 643 4303 xl.
671 4245 746 4299 V.-
769 4243 801 4315 b)
829 4242 1106 4312 esselalnltV.-c)
1125 4242 1249 4297 salutatio
1268 4244 1396 4316 V‚-d)
1414 4243 1454 4300 hi,
1472 4243 1539 4298 z„-

358 4344 390 4415 e)
403 4341 530 4398 committi
542 4341 571 4394 V.
585 4371 621 4417 ‘.
632 4338 664 4409 f)
679 4355 712 4392 ex
724 4337 751 4390 Z.
766 4367 799 4376 —
810 4337 847 4407 p)
861 4335 971 4404 allegari
985 4335 1013 4386 Z.
1027 4364 1059 4374 -
1074 4332 1108 4404 lo)
1126 4334 1164 4389 sit
1177 4353 1209 4390 zu
1229 4336 1304 4389 lesen
1317 4366 1352 4377 -
1362 4337 1391 4408 ἢ
1408 4337 1496 4408 pom
1511 4361 1538 4372 .-

357 4434 390 4504 le)
404 4433 458 4488 tale
477 4431 611 4486 iudicium.
627 4429 656 4484 Z.
668 4459 703 4469 -
717 4427 741 4498 l)
764 4425 884 4498 appellat
895 4425 938 4496 V„

355 4552 683 4568 ———-—-—n—-

382 4619 405 4687 ¹)
423 4622 479 4668 llier
493 4633 555 4666 murs
573 4619 616 4674 „ad
633 4619 730 4677 papam⁰⁸
748 4614 848 4674 argtnzt
865 4612 911 4658 und
927 4612 988 4659 donc
1005 4613 1044 4659 fur
1060 4612 1148 4662 eisdem
1166 4612 1241 4659 eidam
1258 4616 1355 4674 galesun
1366 4616 1466 4663 wardan.
