3116 5124
329 327 405 402 136

1545 449 1547 498 l

324 503 427 586 gracie
444 523 497 567 sue
514 502 650 586 provehit
665 503 858 568 incrementis
880 503 917 590 ¹).
946 500 1122 567 Admoneris
1144 501 1256 586 quippe
1277 499 1496 584 provehentihus

322 620 353 678 te
375 611 572 676 beneficentic
594 613 651 676 Dei
680 611 782 684 donis,
811 618 843 676 ut
865 611 903 676 de
919 611 1072 695 perceptis
1088 611 1208 694 gracias
1225 611 1388 682 exhibens,
1411 617 1496 694 etpro

322 723 441 787 modulo
473 729 525 786 tuo
554 721 653 785 divine
681 722 819 803 potencie
845 721 976 785 reddens
1008 720 1108 784 debite
1141 720 1317 805 obsequium
1349 720 1498 791 servitutis,

321 830 475 895 beneficiis
506 829 678 913 potioribus
710 830 849 911 augearis
881 829 918 894 ah
951 851 1006 902 eo,
1038 828 1087 913 qui
1120 849 1212 912 super
1243 831 1360 894 minora
1382 828 1497 905 fidelem,

322 938 457 1022 ampliori
473 938 629 1003 constituit
644 939 872 1022 magnificencia
888 959 980 1023 super
995 941 1095 1003 multa.
1127 940 1168 1004 Ut
1189 939 1280 1022 igitur
1302 939 1403 1003 divine
1419 939 1547 1022 largi·

320 1049 391 1112 tatis
412 1068 536 1112 munera
552 1048 633 1112 circa
655 1055 685 1112 te
707 1048 772 1111 sine
794 1048 964 1131 penitencia
986 1055 1198 1130 perseverent,
1214 1069 1317 1112 eorum
1334 1049 1498 1131 largitorem

320 1157 431 1222 tributo
447 1157 576 1230 iusticie,
593 1177 751 1242 perquam
767 1157 806 1221 ab
822 1158 871 1221 illo
887 1157 952 1240 pari
975 1156 1075 1221 debito
1093 1158 1234 1240 exigeris,
1256 1177 1316 1222 non
1333 1156 1498 1228 defraudem

320 1286 378 1351 que
394 1266 488 1349 ipsius
505 1271 584 1340 sunt,
600 1265 742 1330 videlicet
757 1264 827 1329 fidei
842 1266 1013 1349 puritatem,
1035 1272 1066 1330 et
1087 1285 1145 1350 que
1162 1274 1231 1332 sunt
1253 1266 1376 1331 Cesaris
1394 1265 1497 1335 Cosani,

320 1397 447 1461 operose
475 1376 592 1441 scilicet
617 1375 768 1441 fidelitatis
790 1375 967 1459 obsequium
989 1375 1167 1440 exhibendo.
1201 1375 1274 1440 Cum
1296 1377 1379 1440 enim
1400 1375 1499 1458 regalis

319 1492 453 1569 potestas
480 1506 498 1550 a
524 1487 589 1550 Deo
617 1486 657 1551 sit
683 1493 715 1550 et
746 1486 899 1551 ordinetur
925 1486 964 1550 ad
992 1487 1106 1559 ileum,
1134 1491 1208 1552 nutu
1234 1485 1335 1550 divino
1365 1485 1498 1568 legittime

319 1595 510 1678 dispensata,
532 1595 582 1679 qui
600 1593 627 1658 ei
645 1593 777 1659 officium
792 1594 893 1660 debite
910 1593 1107 1660 subiectionis
1123 1594 1278 1679 inpendit,
1301 1595 1405 1659 divine
1422 1595 1499 1658 obse-

319 1705 420 1789 quitur
440 1706 585 1770 voluntati
620 1710 651 1768 et
677 1727 694 1767 e
723 1724 867 1769 converso
885 1704 993 1779 eidem,
1021 1705 1073 1788 qui
1105 1705 1203 1768 divine
1235 1707 1385 1788 potestati
1401 1704 1498 1775 obviat,

318 1815 503 1880 adversatur.
537 1816 612 1878 ilinc
639 1814 794 1898 estquod,
822 1835 890 1878 eum
918 1814 1040 1879 celestis
1069 1814 1232 1897 disposicio
1257 1813 1481 1878 karissimum
1474 1835 1498 1875 m

223 1937 237 1962 ¹
318 1923 438 1988 Christo
464 1923 555 1990 lilium
583 1924 632 1996 Ν.,
660 1943 764 2006 regem
779 1923 978 1987 Romanorum
1005 1924 1161 1996 illustrem,
1187 1923 1498 2007 provideritccclesio

318 2031 468 2098 katholico
484 2034 662 2098 advocatum
678 2040 709 2096 et
724 2038 975 2115 propugnatorem
991 2033 1099 2117 populo
1117 2031 1291 2104 christiano,
1307 2039 1339 2096 te
1357 2031 1401 2095 illi
1416 2031 1499 2095 omni-

317 2142 415 2207 modis
437 2149 556 2226 oportet
578 2142 686 2208 studiis
707 2142 738 2205 in
754 2142 818 2206 uelo
840 2141 959 2205 sincere
975 2140 1045 2205 fidei
1062 2139 1224 2214 coherere,
1246 2141 1311 2225 qui,
1334 2141 1426 2204 velud
1439 2159 1499 2223 pars

221 2275 223 2278 ·
317 2251 451 2335 corporis
468 2253 543 2326 eius,
571 2272 625 2336 pro
643 2251 801 2316 distributa
822 2250 877 2315 tibi
900 2250 1038 2334 potencie
1060 2251 1202 2334 porcione
1226 2250 1389 2335 cooperari
1417 2249 1498 2312 debes

316 2362 414 2426 eidem
430 2362 461 2427 in
476 2361 718 2426 incumbencium
734 2360 898 2424 ministerio
915 2361 1076 2426 actionum.
1106 2359 1254 2442 Quocirca
1270 2380 1327 2445 per
1344 2358 1498 2443 apostolica

316 2473 428 2555 scripta
458 2473 633 2538 mandamus
666 2478 697 2536 et
726 2491 868 2554 rogamus
900 2471 931 2533 in
953 2471 1098 2544 llomino,
1131 2476 1277 2554 quatenus
1311 2470 1416 2533 eidem
1442 2467 1495 2550 regi

314 2582 463 2646 adherens
491 2580 619 2648 fideliter
646 2587 677 2645 et
703 2586 857 2664 potenter,
886 2600 986 2644 curam
1009 2579 1160 2644 katholico
1182 2579 1268 2653 fidei,
1293 2580 1494 2643 ecclesiastice

310 2689 458 2755 libertatis
475 2690 634 2774 negocium
661 2710 697 2753 ac
724 2688 848 2753 Romani
879 2689 1083 2772 reparaoionis
1115 2688 1231 2771 imperii
1250 2688 1301 2775 ²),
1335 2708 1397 2773 que
1428 2688 1493 2751 iden

338 3022 363 3082 ¹)
381 3024 426 3070 itae
448 3025 514 3082 pacat
535 3021 681 3069 vortroltlich
706 3020 748 3067 aui
768 3020 812 3064 dan
830 3019 894 3064 Sohn
911 3019 953 3066 dec
969 3005 1059 3080 lidoigl
1075 3033 1120 3067 von
1138 3019 1254 3072 athmon,
1278 3019 1441 3074 1110111111,
1461 3015 1493 3060 dev

374 3107 396 3151 in
414 3106 457 3152 dor
473 3107 556 3152 lilithc
583 3105 663 3152 saiuer
679 3103 772 3162 lugenti
789 3114 849 3160 ganz
868 3105 1013 3148 onerwartat
1029 3103 1052 3148 in
1075 3103 1121 3148 dea
1139 3103 1215 3147 Recita
1231 3114 1278 3147 von
1297 3091 1439 3148 deterreiolr
1454 3097 1492 3144 uod

373 3187 517 3234 Steiermark
539 3187 678 3246 geiommau
697 3198 753 3231 vor.
773 3185 823 3230 Wie
845 3183 1045 3243 cooperaturum,
1066 3185 1106 3231 hat
1121 3185 1183 3230 mein
1202 3184 1296 3230 Frouud
1319 3185 1363 3230 Dr.
1374 3167 1489 3228 Odorem

373 3270 445 3331 (,oie
455 3269 600 3329 Erwcrbung
617 3259 764 3314 dctorrcicho
780 3267 853 3312 durch
871 3267 970 3314 Ottokor
986 3280 1032 3313 von
1049 3265 1179 3326 Bdhmcn“)
1198 3267 1221 3312 in
1244 3267 1287 3313 deu·
1307 3263 1446 3312 Zeitsohrib
1460 3262 1492 3307 liu

370 3352 565 3398 deterreichisehe
582 3349 719 3410 Gymnasien
737 3349 807 3403 185⁷,
824 3348 879 3394 fleo
895 3349 919 3400 2,
936 3347 1046 3408 gcictvoll
1064 3349 1198 3408 dargalcgt.

331 3429 357 3492 ²)
374 3434 419 3479 Dae
437 3434 551 3489 bonaich,
574 3433 627 3478 dato
643 3433 723 3478 dieser
739 3429 805 3475 Briel
819 3429 900 3476 mitten
916 3429 941 3475 iu
958 3429 1004 3476 dea
1020 3431 1134 3487 llfimplcn
1157 3430 1274 3475 zwiuchen
1292 3429 1348 3476 dem
1368 3429 1437 3487 Papct
1450 3423 1488 3471 ιιι1

370 3515 415 3564 deu
433 3515 542 3561 sororem
563 3503 867 3573 gecchriebeuiut.'1)er,
892 3512 931 3558 tir
952 3512 1060 3557 walchen
1082 3511 1125 3556 der
1140 3512 1212 3571 Papst
1235 3511 1287 3558 hier
1305 3513 1437 3559 (taborum
1451 3506 1490 3554 md

370 3597 478 3644 Beistand
489 3599 610 3657 verlangt,
623 3597 653 3641 ist
665 3595 701 3641 ain
714 3594 877 3654 oegenkontg.
890 3593 1001 3639 Heinrich
1013 3593 1089 3652 Ruspe
1101 3595 1162 3639 lanu
1174 3593 1277 3639 euntem
1293 3596 1363 3650 eoin,
1380 3594 1437 3641 dcun
1447 3587 1491 3635 bul

370 3680 429 3724 nach
445 3681 523 3725 scihar
534 3680 599 3726 Wahl
616 3677 704 3740 (1216,
720 3675 821 3736 111122)
844 3675 925 3720 worda
937 3665 1074 3721 dutcrroich
1084 3677 1157 3722 durch
1169 3676 1212 3722 deu
1232 3676 1284 3722 Tod
1295 3675 1439 3722 Friedrioh'e
1459 3671 1492 3716 te

374 3761 522 3806 strettoaren
541 3759 633 3822 (tato,
650 3761 704 3807 Jooi
723 3758 764 3818 15)
782 3759 920 3813 betrentot,
938 3758 976 3803 fuir
992 3759 1032 3803 ihu
1048 3759 1098 3805 also
1115 3759 1202 3804 kounto
1219 3757 1262 3804 der
1280 3759 1353 3815 Pupst
1370 3757 1409 3802 bei
1424 3755 1488 3801 ciuem

370 3843 479 3902 Herzcge
495 3856 541 3889 von
551 3832 688 3889 osterreich
705 3842 770 3888 nieht
793 3841 919 3887 aiotreten.
945 3843 976 3888 So
994 3841 1088 3887 werden
1106 3842 1150 3887 wir
1171 3840 1213 3887 nui
1231 3841 1277 3886 dou
1294 3841 1376 3900 lionig
1394 3837 1491 3884 wilhelm

367 3936 414 3970 von
425 3924 524 3970 ilolland
540 3925 643 3984 goldhrt.
661 3949 687 3960 -
704 3925 743 3969 dle
759 3923 802 3968 der
815 3922 892 3982 jungo
906 3924 1000 3983 Herzog
1012 3923 1099 3971 otaker
1115 3924 1154 3969 1ι1ι·
1169 3923 1235 3969 seluo
1252 3923 1302 3970 Eho
1318 3923 1364 3968 mit
1381 3921 1425 3968 dor
1439 3920 1491 3964 iler-

368 4086 392 4133 1.
411 4090 463 4135 Juli
489 4088 551 4135 1213
575 4090 662 4134 ueiuem
684 4087 832 4134 Poniteutiar
854 4089 980 4142 velarem,
1014 4087 1118 4134 diuselba
1148 4088 1198 4132 eret
1222 4087 1284 4133 dano
1315 4100 1348 4133 cu
1374 4083 1490 4133 ertheiler,

365 4184 433 4218 vanu
450 4171 493 4217 dor
508 4169 587 4231 llboig
603 4181 650 4214 von
666 4166 769 4213 Bohmou
786 4166 832 4213 und
848 4166 932 4213 descen
951 4167 1028 4218 Sohn,
1046 4167 1089 4212 der
1101 4167 1195 4226 Herzog
1211 4179 1257 4212 voa
1270 4157 1426 4236 dotcrreich‚
1442 4161 1488 4208 eid·

368 4253 415 4300 iich
430 4254 514 4315 gelobt
528 4253 604 4298 heheu
621 4250 730 4303 virdun,
753 4249 797 4295 deu
814 4250 1040 4309 romischenlidnig
1054 4248 1163 4295 wilhelm
1181 4262 1211 4296 au
1226 4229 1405 4296 uutorstaitaan.
1422 4244 1488 4306 (111]-

367 4335 609 4390 retenturam
629 4333 732 4390 Palaclry
755 4334 809 4378 ltal.
827 4332 896 4378 Reice
914 4343 953 4377 no.
972 4332 1019 4377 221
1036 4331 1083 4377 und
1104 4333 1230 4378 Loreuzl.
1248 4344 1271 4377 c.
1288 4325 1488 4388 Separatabdruci

364 4420 387 4466 S.
405 4417 436 4463 23
453 4416 490 4477 ff.)
508 4417 563 4463 ilict·
579 4415 654 4462 hohen
670 4413 715 4460 wir·
731 4427 777 4460 nun
795 4413 865 4462 einen
880 4413 983 4468 briei,
975 4426 1001 4459 ru
1024 4414 1139 4460 melchom
1164 4414 1207 4458 der
1223 4415 1309 4472 Papct,
1328 4425 1380 4458 was
1397 4424 1423 4456 er
1438 4408 1483 4453 iri-

365 4500 408 4546 her
428 4499 502 4545 durch
523 4499 604 4546 scinco
622 4497 768 4546 Pdnitentiar
792 4497 901 4556 verlangt
926 4496 1008 4551 hatto,
1022 4497 1095 4542 selbot
1112 4495 1215 4542 tordcrt=
1233 4497 1259 4540 ut
1275 4494 1356 4540 divine
1373 4490 1485 4551 largitati·

379 4594 475 4627 munera
499 4580 564 4627 circu
588 4585 613 4626 tc
638 4580 688 4626 uiuo
702 4578 831 4638 penitentia
846 4579 1012 4636 perseverent,
1038 4577 1079 4623 dac
1095 4577 1183 4633 heiut,
1206 4575 1249 4623 oct
1263 4577 1307 4623 don
1321 4575 1397 4633 Popst
1411 4571 1481 4622 seito

368 4006 439 4065 zogin
468 4007 615 4067 margaretha
642 4006 679 4052 die
701 4008 831 4064 poputocne
852 4007 951 4064 dispens
978 4007 1133 4061 macheronta,
1166 4006 1245 4052 hosati
1267 4005 1390 4052 innocens
1407 4003 1441 4048 lv.
1461 4011 1490 4044 nr
1543 4005 1545 4040 l
