3100 5116
259 290 337 363 394

251 464 394 546 provisio,
411 484 469 550 que
484 465 631 550 pollentes
647 486 795 549 personas
812 467 942 531 libenter
958 466 1082 540 extollit,
1105 471 1136 528 et
1154 465 1243 548 erigit
1258 465 1454 529 virtuositate

255 573 441 656 prefulgidas
458 579 489 637 et
504 573 775 656 circumspectione
797 577 961 659 preclaras,
985 579 1028 648 ut,
1051 573 1132 638 sicut
1154 596 1189 638 ex
1204 573 1295 656 glebe
1313 575 1456 639 fecundi-

255 688 321 746 tate
347 683 459 747 letatur
487 681 637 764 agricola,
667 684 746 747 sicut
775 684 930 748 ortulanus
960 684 1071 748 exultat
1099 704 1136 745 ex
1158 683 1312 755 flosculis,
1337 684 1384 748 sic
1400 704 1457 748 nos

255 791 439 874 gaudeamus
455 812 492 855 ex
504 789 739 875 obsequencium
755 793 837 858 cultu
854 793 996 856 continuo
1010 793 1127 857 fructus
1141 792 1272 874 exoptati
1284 793 1457 877 manipulos

255 905 453 983 reportantes.
471 899 641 983 Eapropter
657 919 784 963 noscere
797 901 932 965 volumus
949 900 1118 973 universos,
1135 905 1195 964 tam
1211 907 1457 987 posterosflquam

254 1013 424 1090 presentes,
442 1009 522 1092 quod
539 1029 607 1072 cum
624 1010 769 1073 honestus
787 1011 827 1096 a]
838 1009 884 1074 vir
899 1009 951 1081 Ν.,
967 1009 1068 1073 innate
1087 1008 1145 1071 sibi
1169 1028 1186 1071 a
1202 1011 1454 1092 progenitoribus

255 1117 317 1180 suis
335 1117 413 1181 avite
429 1116 582 1181 fidelitatis
599 1118 755 1192 instinctu,
773 1139 848 1202 erga
864 1139 919 1182 nos
943 1125 973 1181 et
988 1119 1153 1183 Romanum
1176 1119 1334 1202 imperium
1350 1121 1456 1186 inces-

256 1231 360 1290 santer
374 1226 487 1290 eniteat
509 1229 604 1310 gratis
628 1227 771 1312 operibus
795 1234 825 1293 et
847 1228 1003 1318 obsequiis
1019 1228 1195 1299 fructuosis,
1212 1250 1277 1299 nos,
1295 1231 1458 1313 cupientes

254 1341 378 1420 propter
398 1336 458 1400 boc
480 1336 577 1420 ipsum
599 1337 790 1420 prerogativa
819 1338 931 1402 favoris
956 1344 986 1402 et
1006 1337 1111 1420 gracie
1127 1337 1272 1422 prosequi
1289 1340 1458 1424 specialis:

256 1446 353 1509 eidem
368 1445 406 1510 N.
425 1450 456 1508 et
471 1447 534 1510 suis
551 1446 714 1509 heredibus
730 1448 849 1528 plenam
862 1452 894 1510 et
905 1426 1031 1511 liberam
1043 1447 1149 1510 damus
1164 1449 1357 1530 presencium
1375 1453 1458 1514 serie

256 1559 446 1640 potestatem,
463 1553 675 1619 tabellionatus
693 1555 825 1619 officium
840 1557 907 1621 rice
925 1561 1028 1619 nostra
1044 1555 1200 1640 nostrique
1218 1560 1253 1638 b)
1267 1559 1398 1622 nominis
1417 1560 1457 1648 c)

256 1664 461 1728 committendi
479 1664 748 1736 etauctoritatem,
771 1665 928 1749 prestandi
955 1669 1072 1730 tutores
1102 1670 1133 1728 ct
1160 1670 1329 1737 curatores,
1352 1667 1452 1733 iuter-

254 1774 386 1860 ponendi
411 1773 581 1846 decretum,
610 1775 775 1855 protocolla
804 1779 835 1838 et
857 1774 1056 1838 instrumenta
1086 1772 1224 1837 similiter
1252 1779 1457 1861 exemplandi,

256 1883 396 1946 alimenta
429 1882 612 1946 decernendi
644 1888 675 1946 et
706 1883 804 1947 omnia
836 1882 986 1954 faciendi,
1020 1902 1091 1966 que·
1111 1882 1149 1945 ad
1181 1882 1280 1966 ipsum
1313 1892 1459 1968 spectant

256 1991 397 2064 officium,
413 2012 543 2074 persone
555 1993 603 2056 rel
616 1993 754 2075 personis
767 1992 904 2076 ydoneis,
918 2013 992 2078 quas
1006 1992 1104 2055 eidem
1115 1992 1226 2056 uiderit
1239 2001 1459 2077 congruentes,

253 2102 374 2184 proviso
401 2107 502 2165 tamen
528 2101 612 2184 prius
642 2121 730 2185 quam
753 2103 791 2165 ad
813 2102 911 2186 ipsum
935 2106 1106 2166 assumatur
1127 2101 1276 2174 officium,
1302 2109 1459 2187 quatenus

254 2213 419 2275 iuramento
443 2210 595 2274 fidelitatis
619 2210 736 2283 debite,
766 2210 846 2297 quod
868 2231 923 2295 per
945 2211 1043 2296 ipsum
1058 2212 1094 2276 N.
1114 2215 1146 2274 et
1167 2231 1239 2274 suos
1255 2211 1389 2278 heredes
1417 2214 1459 2278 ab

254 2323 329 2406 ipsis
346 2321 425 2403 exigi
441 2320 578 2386 volumus
595 2325 625 2382 et
640 2320 782 2403 prestari,
795 2321 991 2406 solempniter
1003 2319 1090 2384 nobis
1104 2321 1277 2404 nostrisque
1290 2341 1459 2387 successo-

254 2430 338 2494 ribus
356 2430 571 2513 astringantur.

792 2603 795 2607 ’
829 2636 892 2707 aa.

258 2820 363 2880 lerna
378 2815 544 2900 prlrllegtl‚
568 2834 628 2898 quo
650 2815 758 2880 clrltas
774 2813 984 2897 prlrlleglatur
999 2814 1079 2895 quod
1095 2815 1176 2878 elrcs
1193 2814 1239 2877 ιιΙ
1258 2833 1319 2878 rm
1336 2816 1460 2900 porslrt

502 2928 589 2989 extra
606 2925 756 2990 olrltotcm
773 2943 855 2988 suam
872 2923 961 2990 cltarl
978 2921 1026 2985 rel
1042 2923 1206 2986 conrenlrl.

630 3082 708 3137 1276.
728 3082 829 3137 lanuar
847 3081 892 3134 26.
911 3082 1079 3152 Nurenberg.

257 3228 344 3300 lionig
356 3227 462 3299 liudolf
470 3227 570 3300 defecit
581 3227 628 3283 die
640 3229 746 3300 Bdrper
758 3245 807 3282 von
822 3224 1074 3282 &berodach-llud
1092 3243 1141 3280 con
1159 3225 1284 3296 fremdca
1301 3224 1457 3282 sericum.

348 3375 475 3436 cernere
487 3375 513 3439 a,
528 3335 719 3446 sumamma
731 3373 798 3443 neg.
812 3373 889 3436 nuo..
903 3389 946 3427 no.
959 3371 1022 3426 aso.

347 3521 392 3585 Ad
422 3521 481 3584 boc
512 3521 551 3584 ad
583 3539 721 3604 supreme
753 3518 910 3601 dignitatis
938 3517 1055 3600 apicem
1083 3537 1100 3579 a
1130 3536 1271 3600 supremo
1300 3521 1332 3578 et
1359 3516 1457 3601 primo

244 3651 418 3715 regnorum
441 3633 572 3694 omnium
600 3628 754 3692 conditore
778 3628 992 3710 cognoscimus
1020 3646 1075 3689 nos
1103 3631 1247 3696 vocatos,
1277 3626 1360 3709 quod
1386 3626 1457 3689 dum

256 3741 376 3806 cunctis
390 3739 445 3805 sub
463 3741 558 3804 tutela
574 3739 668 3803 nostri
685 3738 842 3820 regiminis
852 3735 1032 3800 constitutis
1049 3735 1079 3796 in
1096 3734 1160 3797 iure
1184 3734 1247 3797 sive
1266 3734 1458 3797 exhibicione

257 3851 330 3915 iuris
352 3850 459 3914 faciles
482 3850 628 3913 debemus
650 3848 779 3910 existere
803 3850 833 3909 et
850 3847 880 3909 in
898 3844 1001 3927 gracia
1017 3843 1175 3906 liberales:
1201 3841 1259 3904 rllis
1277 3843 1456 3925 ampliorem

152 4020 154 4026 .
256 3961 390 4043 graciam
407 3964 437 4023 et
452 3959 573 4023 maioris
590 3957 693 4040 gracie
708 3955 925 4038 plenitudinem
942 3951 1065 4035 dignum
1077 3950 1215 4014 ducimus
1228 3950 1389 4032 impertiri,
1406 3950 1457 4034 qui

256 4091 274 4134 a
291 4069 402 4133 nostris
418 4073 450 4132 el
466 4068 584 4152 imperii
600 4065 737 4130 serviciis
754 4063 843 4127 nullis
861 4062 1074 4126 adversitatum
1090 4058 1261 4122 turbinibus
1275 4060 1456 4124 avelluntur.

156 4175 162 4188 '
258 4181 333 4244 Cum
349 4179 452 4265 itaque
470 4178 572 4243 dilecti
590 4175 630 4262 α)
647 4174 700 4238 lilii
715 4175 753 4239 N.
772 4177 810 4255 d)
827 4177 888 4236 lam
911 4172 1019 4235 devote
1041 4168 1195 4232 fidelitatis
1218 4166 1350 4233 servicia
1370 4167 1458 4233 nobis

254 4288 457 4372 impenderint
473 4292 504 4351 et
520 4285 704 4370 Impendent,
722 4282 801 4368 quod
819 4282 951 4363 ipsorum
968 4298 1076 4362 preces
1094 4277 1173 4362 apud
1190 4280 1327 4340 nostram
1343 4277 1457 4342 maies-

347 4436 382 4504 c)
395 4432 560 4505 etproridus
574 4431 601 4484 Ζ.
626 4459 660 4494 ···.
683 4428 715 4497 d)
735 4427 820 4480 nostri
839 4427 865 4478 la
887 4455 920 4464 —
940 4424 971 4487 c)
987 4423 1092 4478 nomine
1110 4421 1131 4476 v
1150 4421 1203 4474 und
1221 4419 1250 4474 Z.
1265 4449 1299 4458 -
1313 4420 1349 4488 d)
1368 4419 1457 4476 dilecti

256 4525 402 4583 meb
657 4537 671 4550 ι
