3116 5124
286 260 363 335 att

281 439 393 499 sentes.
426 435 542 501 Poteris
559 443 657 502 autem
673 458 733 503 uon
748 438 896 506 immerito
912 439 1084 514 formidare,
1102 441 1183 525 quod
1197 441 1312 506 fatuam
1327 440 1469 507 videlicet

281 552 313 608 et
339 546 555 611 infructuosam
583 547 741 613 ficulneam
776 549 807 614 in
840 549 1008 616 sterilitatis
1039 550 1202 617 vindictam
1234 553 1323 618 ultrix
1355 552 1469 616 securis
1554 606 1556 611 ,

281 653 409 727 excidat,
426 654 452 717 si
469 676 548 720 nunc
564 656 627 721 lota
646 657 831 722 stercoribus
848 657 976 726 fructum
994 681 1052 724 uon
1069 660 1178 725 lecerit
1195 661 1388 746 exquisitum.

848 883 910 954 21.

667 1079 746 1162 laps
761 1078 891 1145 ecclesie
906 1079 1076 1162 lugdono.

283 1234 368 1291 Urbate
387 1237 404 1290 1
408 1237 432 1292 V.
450 1243 514 1292 aetat
532 1235 583 1292 deo
600 1234 762 1310 Enbioebof
779 1255 829 1292 von
850 1237 1013 1307 Camertum
1034 1255 1092 1296 eum
1109 1239 1281 1312 pdpotlirbea
1301 1239 1420 1312 cepaea
1442 1238 1470 1292 te

803 1331 933 1403 &ww

362 1472 468 1538 bivine
487 1473 639 1557 sapiencie
658 1474 861 1540 inscrutabilis
874 1474 1017 1549 altitudo,
1045 1496 1103 1561 que
1117 1481 1343 1541 sacrosanctam
1356 1477 1467 1540 Roma·

278 1601 346 1646 nam
363 1582 524 1648 ecclesiam
539 1584 570 1649 in
585 1584 673 1649 huius
689 1584 790 1648 mundi
806 1585 963 1650 latitudine
979 1585 1138 1659 stabilivit,
1162 1585 1204 1650 ita
1219 1585 1357 1668 regimen
1373 1585 1468 1668 ipsius

277 1700 307 1756 et
322 1690 575 1774 gubernacionem
600 1693 727 1759 mirabili
743 1694 913 1778 provisione
931 1694 1094 1779 disposuit,
1122 1701 1155 1758 ut
1171 1694 1208 1758 ad
1225 1715 1292 1758 cam
1308 1694 1471 1758 salubriter
1554 1680 1558 1699 ‘

245 1858 249 1868 .
276 1800 500 1883 gubernandam
516 1803 615 1885 plures
632 1803 663 1866 in
679 1810 795 1887 partem
812 1804 1019 1868 sollicitudinis
1041 1809 1283 1877 assumerentur,
1311 1804 1409 1888 ipsius
1430 1803 1469 1888 a)

275 1911 347 1976 licet
367 1930 421 1994 pro
439 1913 560 1977 unitatis
578 1913 707 1977 ecclesie
729 1912 914 1978 firmamento
938 1913 1072 1979 obtineat
1093 1913 1308 1997 plenitudinem
1330 1919 1469 1996 potesta·

272 2022 321 2084 tis.
338 2020 435 2085 Voluit
447 2023 536 2094 enim,
553 2027 596 2094 ut,
613 2023 777 2087 secundum
790 2023 869 2107 quod
886 2043 952 2087 eam
968 2023 1128 2108 alloquitur
1142 2024 1173 2086 in
1183 2022 1332 2106 propheta
1355 2021 1395 2108 1),
1412 2041 1466 2105 pro

273 2129 409 2213 patribus
436 2131 464 2194 ei
491 2129 544 2194 lilii
571 2139 784 2205 nascerentur,
816 2133 867 2215 qui
896 2152 986 2215 super
1015 2152 1132 2196 omnem
1166 2139 1276 2197 terram
1310 2131 1467 2215 principes

273 2238 427 2304 constituti
444 2246 562 2312 essent,
580 2240 707 2305 nominis
725 2242 770 2306 sui
787 2241 897 2326 ubique
914 2261 1062 2306 memores
1079 2249 1110 2306 et
1126 2240 1312 2324 evangelice
1328 2240 1467 2304 veritatis

272 2347 367 2412 incliti
382 2353 588 2432 preceptores.
620 2351 698 2444 ilinc¹
714 2357 777 2424 est,
801 2351 880 2435 quod
896 2352 1028 2416 Romana
1046 2351 1193 2423 ecclesia,
1223 2350 1271 2412 cui
1287 2349 1466 2432 precipuum

271 2459 353 2522 Deus
381 2458 507 2524 contulit
539 2479 630 2543 super
661 2481 764 2525 omnes
793 2460 939 2525 ecelesias
974 2461 1198 2543 magistratum,
1224 2459 1308 2543 pium
1330 2459 1371 2522 ad
1395 2458 1467 2522 alias

271 2567 386 2630 babens
408 2574 542 2632 matema
566 2569 735 2650 provisione
751 2577 941 2652 respectum,
968 2570 1093 2654 provide
1109 2569 1147 2633 ab
1164 2568 1253 2633 inicio
1272 2574 1303 2632 et
1324 2567 1467 2632 laudabili

272 2676 418 2740 hacteuus
445 2676 641 2741 observancia
668 2678 846 2752 custodivit,
873 2687 907 2743 ut
929 2700 965 2743 ex
987 2678 1115 2743 diversis
1142 2676 1244 2741 mundi
1266 2676 1411 2760 partibus
1433 2675 1464 2738 ad
1551 2712 1558 2729 ι

272 2785 440 2848 huiusmodi
473 2785 671 2851 ministerium
704 2786 941 2870 adimplendum,
974 2790 1054 2852 viros
1089 2788 1253 2872 prudentes
1281 2786 1463 2858 abscideret

273 2914 399 2978 quorum
428 2895 564 2961 doctrina
593 2903 624 2960 et
646 2899 824 2994 auctoritate
853 2899 909 2962 sub
931 2899 1055 2962 Romani
1083 2896 1232 2981 pontificis
1261 2895 1463 2959 moderamina

273 3003 462 3076 constitutis,
482 3005 561 3088 quod
577 3005 642 3089 ipse
658 3026 712 3090 per
729 3027 761 3069 se
778 3027 837 3070 non
853 3013 988 3088 poterat,
1005 3007 1110 3089 procul
1126 3005 1307 3069 distantibus
1326 3003 1465 3068 ecelesiis

271 3114 463 3178 ministraret.
494 3115 580 3180 Unde
597 3122 628 3180 et
643 3137 708 3190 nos,
726 3117 787 3202 qui,
803 3117 875 3181 licet
891 3117 1140 3182 insufficientibus
1157 3115 1282 3188 meritis,
1299 3115 1332 3179 in
1349 3113 1466 3179 sublimi
1555 3150 1558 3169 ·

273 3243 375 3288 sumus
404 3223 538 3287 eiusdem
566 3226 695 3290 ecclesie
724 3225 763 3313 b)
792 3228 913 3309 specula
941 3227 1113 3299 constituti,
1145 3231 1263 3310 patrum
1296 3230 1467 3288 nostrorum

278 3332 415 3416 vestigiis
443 3333 633 3407 inherentes,
666 3334 707 3399 ita
735 3335 916 3400 intendimus
945 3357 1013 3400 eum
1040 3336 1098 3400 Dei
1125 3334 1272 3398 adiutorio
1301 3333 1467 3397 iniunctum

278 3442 364 3506 uobis
381 3441 578 3507 ministerium
594 3443 677 3508 eirca
693 3444 841 3527 proximas
859 3445 1006 3510 ecclesias
1023 3465 1141 3528 gerere,
1160 3451 1193 3507 ut
1210 3443 1317 3527 quibus
1335 3443 1467 3508 locorum

273 3551 426 3634 posicione
449 3551 611 3625 distamus,
642 3559 788 3635 oportuna
810 3561 912 3619 nostra
927 3554 1120 3638 providencia
1138 3552 1246 3617 debeat
1261 3573 1322 3617 non
1347 3553 1465 3616 deesse.

276 3661 454 3744 specialiter
492 3666 592 3724 autem
629 3663 817 3744 anglicanam
856 3664 1015 3727 ecclesiam
1046 3669 1171 3747 paterne
1209 3663 1468 3727 consideraciouis
1551 3686 1558 3717 a

274 3768 369 3832 oculis
392 3769 559 3844 intuentes,
588 3772 626 3835 ad
650 3773 775 3836 salutem
793 3773 887 3856 ipsius
904 3779 935 3836 et
951 3772 1097 3857 speciales
1114 3773 1145 3836 in
1163 3771 1282 3837 Christo
1305 3773 1471 3855 proiectus,
1551 3794 1552 3797 ¹

278 3879 426 3942 communi
456 3880 581 3944 fratrum
610 3888 778 3946 nostrorum
808 3883 932 3947 consilio
963 3883 1151 3947 decernimus
1175 3882 1415 3966 disponendum,
1441 3887 1472 3945 ut
1553 3912 1558 3939 ι

277 3989 483 4054 Cauturiensis
511 3991 774 4074 archiepiscopus,
807 3992 844 4054 de
873 3991 958 4057 cuius
986 3992 1119 4066 meritis,
1153 3992 1282 4065 virtute,
1317 3991 1471 4075 sapiencia
1555 4030 1558 4045 ·

370 4152 405 4221 a)
423 4151 476 4207 vor
493 4151 592 4223 ipsius,
606 4151 653 4208 das
667 4154 762 4210 leinon
777 4153 842 4211 Sina
855 4154 942 4227 gicht,
961 4155 998 4212 ist
1009 4148 1083 4213 wohl
1095 4172 1165 4230 papa
1179 4154 1245 4212 oder
1258 4171 1328 4212 uuus
1343 4127 1469 4212 solemn.

282 4270 311 4281 -
327 4241 360 4312 b)
375 4242 460 4300 eiusd.
474 4243 540 4298 secl.
554 4260 594 4298 am
608 4243 710 4300 Raude.

276 4399 601 4416 m

235 4562 238 4568 ,
300 4515 326 4578 ¹)
345 4517 424 4564 crare.
443 4517 519 4574 ras.
