3168 5124
1217 379 1241 450 3·

39 553 158 639 patebit.
172 591 219 604 -
232 555 399 621 Sciendum
415 554 495 640 quod
512 559 640 638 quatuor
652 554 690 618 de
703 554 803 618 causis
820 554 974 638 proprium
988 573 1096 618 nomen
1111 575 1243 638 persone

40 665 213 748 recipientis
238 665 281 752 a)
297 665 329 728 in
352 665 531 729 salutatione
547 671 684 729 tacetur:
702 665 829 747 primum
847 685 883 727 ex
899 684 935 728 eo
953 683 1021 728 cum
1037 684 1097 727 non
1112 684 1244 747 persone

42 775 93 838 sed
108 775 250 857 dignitati
268 773 412 838 scribitur
431 775 476 862 ¹),
495 773 629 838 secundo
647 773 765 858 quando
783 793 891 847 nomen
907 774 1061 857 proprium
1076 774 1243 856 ignoratur,

42 885 128 948 tercio
145 884 271 968 quando
289 884 406 949 duobus
424 882 581 968 equalibus
598 883 758 956 scribitur,
781 905 836 958 ne,
866 883 892 945 si
909 904 986 947 unus
1003 884 1086 966 prius
1103 890 1243 966 ponatur,

46 995 121 1059 alteri
148 993 204 1058 liat
230 995 356 1068 iniuria,
392 1000 423 1059 et
450 1000 523 1059 tunc
552 995 682 1077 dignitas
710 994 758 1057 vel
787 992 918 1057 osticium
946 993 1066 1076 supplet
1093 993 1248 1057 desectum

46 1105 186 1178 nominis,
211 1113 328 1194 quarto
355 1110 480 1188 propter
501 1104 686 1168 collisionem
708 1103 877 1175 vitandam,
904 1109 938 1167 ut
959 1102 1078 1187 quando
1102 1101 1245 1166 scribitur
1254 1115 1345 1156 rotsi-

41 1191 278 1298 ougregauon'
300 1215 347 1277 vu
375 1213 565 1279 murcidum.
609 1214 654 1277 ne
683 1213 740 1277 ms
769 1212 906 1277 omnious
937 1213 1066 1296 experiri
1097 1218 1184 1296 potes
1215 1213 1247 1276 m

40 1325 144 1390 formis
161 1325 382 1389 salutationum.

129 1435 280 1501 Salutatio
296 1455 369 1499 vero
391 1433 611 1499 diversificatur
632 1434 799 1499 secundum
821 1433 1026 1497 diversitatem
1042 1431 1082 1518 ὂ)
1097 1431 1247 1516 persona·

40 1565 120 1618 rum,
146 1563 209 1628 que
231 1545 339 1627 triplex
363 1550 429 1609 est:
453 1545 573 1619 maior,
595 1545 702 1610 medio
725 1549 756 1608 et
776 1545 890 1610 minor.
904 1548 935 1607 ct
958 1544 1017 1607 boc
1039 1543 1147 1606 tamin
1164 1542 1245 1606 clero

46 1675 131 1738 quam
160 1660 246 1718 extra
274 1656 397 1719 clerum.
430 1655 572 1720 Maiores
595 1655 798 1742 persuasio
826 1657 912 1733 clero
942 1658 1028 1718 sunt:
1052 1651 1247 1736 apostolicus,

43 1765 231 1848 patriarche,
262 1765 424 1848 primates,
457 1764 645 1837 cardinales,
673 1763 913 1847 archiepiscopi,
942 1761 1094 1846 episcopi,
1126 1760 1247 1856 regales

43 1874 168 1939 abbates
175 1895 185 1946 ;
216 1875 321 1941 medie
331 1896 473 1962 persone
495 1875 530 1940 in
552 1877 656 1948 clero,
684 1880 718 1938 ut
742 1872 868 1937 abbates
893 1873 1062 1956 simplices,
1090 1870 1247 1954 prepositi,

43 1985 158 2067 priores
175 1989 207 2048 et
223 2004 327 2047 omnes
345 1983 448 2047 elerici
464 1983 611 2047 habentes
625 1983 806 2066 dignitates3
822 1984 927 2049 minor
939 2003 1083 2070 persona
1098 1981 1133 2047 in
1149 1983 1247 2051 clero,

47 2099 79 2158 ut
100 2094 251 2176 simplices
274 2093 411 2178 plebani,
439 2095 614 2160 sacerdotes
632 2094 857 2179 qualescunque
874 2098 905 2158 et
921 2092 1083 2157 scolastici.
1108 2091 1249 2159 Maiores

134 2259 170 2330 o)
188 2275 261 2328 pere.
284 2272 341 2313 rec.
354 2258 423 2314 lehlt
435 2257 465 2314 V.
483 2289 512 2299 -
525 2257 557 2330 b)
578 2257 761 2314 diversitatum
774 2256 804 2312 V.

44 2411 375 2424 ——————-—

62 2514 87 2575 ¹)
104 2515 156 2560 von
169 2513 221 2562 bier
232 2527 262 2559 ιιι
275 2477 315 2561 bat
327 2517 344 2560 Ζ
356 2515 469 2578 tolgeude
481 2514 648 2560 abweicbende
660 2517 781 2577 Fassung:
798 2513 903 2558 secundo
916 2513 1007 2571 quando
1025 2523 1110 2558 nomen
1125 2510 1249 2569 proprium

108 2597 235 2657 ignoratur
248 2599 273 2642 et
284 2601 341 2642 tunc
353 2611 399 2655 pro
410 2597 463 2656 ipso
476 2597 576 2655 proprio
588 2597 682 2642 nomine
699 2597 745 2642 duo
764 2597 850 2653 puncta
868 2595 923 2653 poni
941 2595 1039 2650 debent,
1060 2592 1137 2640 tercio
1154 2594 1248 2642 tacetur

111 2682 213 2738 propter
225 2679 389 2725 contusionem
407 2680 539 2735 vitandam,
556 2680 583 2725 ut
601 2681 692 2738 quando
709 2677 890 2739 congregationi
909 2677 981 2723 alicui
992 2677 1105 2723 scribitur
1115 2678 1166 2724 sive
1179 2678 1249 2724 alteri

112 2761 273 2817 multitudini,
295 2763 325 2808 dc
346 2763 430 2821 quibus
449 2763 551 2822 siugulis
571 2775 614 2808 suo
635 2764 658 2806 in
678 2763 733 2807 loco
760 2760 823 2806 circa
847 2760 936 2821 formas
957 2761 1123 2806 salutationum
1146 2759 1249 2820 experiri

110 2846 216 2902 poteris.
241 2843 368 2891 Sciendum
386 2847 512 2903 preterea,
532 2846 596 2903 quod
615 2845 685 2890 ctiam
702 2842 817 2900 aliquibus
838 2855 867 2888 ex
888 2841 964 2888 causis
976 2830 1080 2888 'tacetur
1099 2843 1123 2887 in
1136 2843 1249 2906 (epistole

107 2927 239 2982 salutatio,
258 2927 354 2974 scilicet
364 2928 456 2985 quando
469 2927 603 2974 scribentes
614 2940 640 2973 se
659 2927 744 2972 nolunt
761 2925 925 2978 manifestare,
943 2925 996 2969 item
1009 2927 1101 2982 quando
1113 2926 1246 2971 scribentes

111 3011 245 3056 formidant
265 3010 295 3055 ds
312 3010 375 3056 malo
394 3013 472 3069 aliquo
498 3010 628 3070 publicari,
654 3009 709 3054 item
730 3008 821 3067 quando
842 3009 943 3053 mortem
961 3006 1062 3063 aliocujus
1082 3007 1189 3052 scribunt
1209 3009 1249 3053 aut

108 3093 215 3139 similem
234 3094 327 3149 turpem
345 3105 437 3138 causam
455 3095 493 3138 rel
510 3106 596 3138 casum.
620 3095 677 3138 ltem
689 3093 789 3138 'tacetur
805 3089 829 3134 in
841 3089 918 3136 literis
935 3090 1084 3143 conductus,
1105 3104 1150 3148 que
1169 3091 1250 3136 solent

110 3175 165 3220 dari
177 3174 314 3221 viatoribus
329 3189 373 3233 pro
391 3175 554 3222 assentatione
572 3187 727 3233 personarum
746 3175 770 3219 ct
786 3186 879 3219 suarum
891 3185 967 3217 rerum
977 3202 985 3226 ,
995 3185 1061 3234 ‘quas
1074 3173 1175 3227 ducunt;
1191 3186 1250 3231 quas

108 3257 230 3302 videlicet
241 3255 324 3303 literas
339 3260 452 3316 precipua
463 3257 583 3316 principes
596 3255 764 3316 pertarmidos
777 3255 928 3300 districtuum
940 3267 1035 3300 suorum
1047 3255 1104 3300 dare
1116 3257 1195 3302 solent
1211 3258 1250 3302 vel

110 3340 185 3386 etiam
198 3341 239 3385 alii
251 3341 369 3386 interdum
386 3343 514 3399 potentes,
532 3354 628 3399 quarum
646 3339 717 3386 ctiam
734 3339 810 3383 forme
823 3351 866 3383 suo
878 3337 900 3382 in
912 3340 965 3384 loco
978 3339 1069 3395 patent.
1082 3363 1111 3372 —
1124 3338 1249 3386 Sciendum

109 3425 185 3470 etism
198 3424 263 3481 quod
274 3423 295 3468 si
306 3437 349 3482 par
359 3425 411 3482 peri
427 3425 532 3479 scribat,
549 3435 653 3482 persona
670 3433 764 3479 semper
781 3421 921 3477 recipientis
937 3422 1038 3480 preponi
1054 3421 1139 3476 debet,
1158 3421 1179 3466 si
1190 3434 1250 3467 vero

108 3504 188 3550 maior
206 3506 291 3552 minori
308 3519 348 3551 seu
367 3507 443 3552 minor
460 3507 550 3552 scribat
561 3505 657 3560 maiori,
674 3504 749 3550 maior
759 3516 855 3560 semper
865 3515 967 3562 persona
980 3503 1091 3562 proponi,
1110 3505 1134 3550 et
1145 3507 1192 3551 hoc
1204 3508 1250 3557 tam

114 3589 138 3633 iu
152 3587 242 3633 ordine
254 3589 429 3643 ecclesiastico,
441 3603 508 3647 quam
521 3589 590 3635 etiam
603 3587 714 3641 seculari,
727 3589 828 3642 excepto
845 3586 937 3643 quando
954 3587 1072 3634 manifesti
1087 3589 1175 3634 inimici
1188 3592 1250 3642 eunt,

111 3673 172 3716 tuuc
184 3682 288 3730 persona
300 3671 417 3717 mittentis
428 3683 454 3716 se
466 3682 562 3730 semper
572 3669 695 3728 preponit.
706 3669 774 3714 Solet
792 3669 870 3714 tomen
882 3669 999 3714 interdurn
1012 3671 1088 3715 maior
1102 3672 1214 3717 minorem
1228 3673 1251 3717 in

109 3752 259 3799 salutatione
277 3765 411 3810 preponere
423 3755 505 3799 etlroc
522 3765 591 3798 cauea
609 3752 774 3806 humanitatis,
794 3751 820 3794 ut
837 3751 857 3795 si
873 3751 973 3808 simplex
988 3755 1106 3810 prelatus,
1126 3754 1197 3800 abbas
1214 3755 1252 3800 val

113 3836 257 3894 prepositus
274 3835 344 3881 alicui
366 3837 450 3882 minori
469 3837 498 3882 de
515 3837 596 3891 clero,
619 3835 702 3892 utpote
719 3833 819 3893 plebano
836 3834 937 3892 simplici
955 3833 992 3880 vel
1003 3834 1209 3882 alterieimilitsm
1222 3837 1252 3881 de

111 3919 227 3972 clericis,
244 3931 312 3977 quam
330 3919 359 3964 de
376 3917 444 3965 laicis
461 3919 565 3974 scribat,
583 3919 652 3973 tales,
667 3921 694 3963 ut
710 3917 819 3964 diximus.
839 3919 978 3976 quandoque
995 3921 1130 3975 preponunt
1146 3920 1169 3964 in
1186 3920 1252 3964 salu-

111 3999 213 4046 uticae.

143 4082 274 4128 Promissis
285 4082 373 4141 itaque,
386 4084 449 4128 sicut
460 4096 489 4128 ex
501 4082 684 4141 precedentibus
696 4083 777 4140 patet,
790 4081 908 4140 aliquibus
920 4083 1072 4140 generalibus
1083 4084 1187 4144 regulis,
1207 4099 1252 4144 que

110 4166 177 4212 circa
189 4165 356 4211 salutationem
374 4167 511 4212 necessario
524 4166 693 4226 cognoscenda
710 4167 734 4212 et
751 4166 900 4212 observande
916 4168 985 4222 eunt,
1004 4180 1065 4213 nunc
1081 4168 1254 4226 subsequenter

108 4247 232 4307 speciales
250 4247 302 4293 eivs
320 4247 345 4293 in
364 4248 445 4306 specie
465 4247 569 4294 formula
591 4249 774 4302 salutationum,
795 4249 988 4306 quemadmodum
1008 4251 1062 4294 illas
1084 4251 1253 4308 exemplariter

111 4334 258 4390 prosecutus
269 4343 329 4386 enm,
340 4331 380 4378 bic
397 4333 562 4389 competenter
573 4330 689 4378 haberent
701 4330 786 4376 inferri
800 4333 824 4377 et
836 4344 967 4390 congruum
980 4333 1096 4380 haberent
1107 4335 1193 4380 locum.
1206 4334 1252 4382 Sed

106 4426 152 4475 ego
173 4414 230 4460 illae
246 4414 271 4464 ia
288 4415 432 4482 quaternulo
449 4412 599 4472 conscriptas
617 4413 641 4458 in
659 4411 705 4458 bue
722 4413 797 4458 totius
819 4425 906 4461 summe
929 4415 1011 4460 censui
1028 4416 1172 4462 anectendas
1190 4417 1214 4461 et
1230 4417 1253 4462 in

108 4495 231 4554 principio
248 4496 365 4542 tractatus
380 4495 489 4542 'eiusdem
507 4508 601 4542 cansam
618 4495 698 4542 lector
715 4492 820 4544 inveniet
837 4510 880 4542 cur
897 4509 936 4544 eae
953 4511 999 4544 non
1011 4497 1050 4543 hio
1062 4499 1101 4544 esd
1114 4499 1194 4557 potius
1206 4500 1254 4544 illic

106 4579 246 4626 locaverim.
272 4602 302 4614 -
322 4577 427 4637 Explicit
445 4578 476 4626 de
497 4577 571 4636 prima
592 4579 661 4636 parts
684 4579 800 4636 epistole,
823 4593 869 4638 que
892 4581 929 4626 est
945 4581 1072 4636 salutatio,
1099 4583 1208 4642 sequitur
1225 4583 1254 4627 de

110 4662 218 4709 exordio.

993 4744 1038 4803 1.
