3108 5118
643 704 706 776 bl.

412 882 473 944 lter
490 883 687 945 Romanorum
704 882 824 944 snbdlto
841 900 906 958 suo,

62 1039 153 1108 Konr'y
166 1037 273 1108 liudolf
286 1037 417 1111 enprfieblt
433 1040 603 1103 demandam,
630 1037 808 1092 bezeichneten
830 1037 1061 1103 Ordenadrddern‚
1086 1037 1130 1092 die
1147 1037 1175 1092 in
1189 1039 1261 1093 einer

272 1128 350 1181 stade
366 1128 408 1181 ein
425 1127 583 1182 Gotteabaua
594 1128 752 1198 permundet,
766 1144 814 1179 eur
829 1127 900 1182 Seite
914 1147 946 1182 aa
960 1127 1058 1183 stelen.

154 1274 309 1353 Acceptus
330 1271 499 1342 Altissimo,
534 1271 620 1334 nobis
650 1291 771 1354 quoque
799 1272 936 1353 placidus
964 1272 1084 1336 humilis
1109 1271 1186 1340 ¹ordo
1214 1272 1264 1343 N..

63 1379 183 1443 celebis
201 1381 262 1442 vite
279 1361 558 1462 fraglancianostri
575 1380 697 1461 spiritus
715 1380 758 1443 sic
774 1380 924 1443 recreavit
939 1379 1114 1450 intrinseca,
1131 1379 1211 1462 quod
1226 1378 1264 1440 ad

61 1487 129 1551 eius
155 1488 316 1569 augendos
336 1488 492 1568 profectus
514 1491 545 1549 et
568 1487 694 1549 comoda
715 1487 906 1568 procuranda
927 1486 1057 1549 libenter
1079 1486 1265 1566 assurgimus

61 1601 93 1658 et
108 1595 321 1658 favorabiliter
335 1594 522 1657 inclinamus.
540 1594 617 1657 Hinc
634 1599 692 1666 est,
710 1594 790 1677 quod
807 1613 861 1675 pro
879 1595 1013 1657 eiusdem
1031 1595 1144 1657 ordinis
1161 1594 1266 1656 fratri·

60 1702 137 1773 bus,
169 1703 222 1784 qui
255 1701 429 1764 incivitate
452 1701 489 1763 N.
513 1702 577 1764 Deo
600 1700 803 1764 habitaculum
828 1700 1021 1772 dedicarunt,
1049 1701 1267 1782 benignitatem

60 1817 145 1872 tuam
174 1809 370 1890 deposcimus
399 1815 430 1870 et
457 1828 617 1890 rogamus,
647 1814 794 1891 quatenus
824 1808 868 1869 eis
896 1828 951 1892 pro
979 1807 1080 1870 divina
1102 1814 1266 1890 nostraque

60 1917 243 1980 reverencia
260 1917 291 1978 in
307 1917 368 1980 suis
385 1915 617 1979 necessitatibus
635 1915 679 1978 sic
696 1916 834 1986 assistas,
851 1922 884 1979 ut
899 1915 955 1978 tibi
973 1920 1093 1978 creseat
1111 1916 1266 1978 admoniti

62 2024 215 2088 cumulum
241 2024 321 2103 apud
342 2023 437 2098 Deum
461 2029 491 2086 et
512 2023 588 2103 apud
613 2042 669 2084 nos
691 2023 730 2085 ad
751 2022 901 2085 beacioris
928 2021 1137 2084 benivolencia
1166 2022 1267 2084 incre-

63 2136 209 2193 mentum.
907 2145 909 2150 ·

645 2445 707 2515 58.

414 2619 476 2682 lter
492 2620 689 2683 ltornarornnr
705 2619 736 2683 ll.
754 2620 843 2682 mllltl
860 2638 923 2682 sno.

63 2780 154 2850 Koniy
168 2777 278 2849 Rudolf
285 2776 393 2848 fordcrt
405 2777 483 2831 cinea
495 2777 581 2832 uterer
595 2775 654 2848 auf,
679 2776 738 2831 siet
751 2778 797 2841 mit
810 2777 908 2831 seiaem
925 2778 1031 2848 Geyner
1043 2796 1075 2832 zu
1088 2777 1266 2847 cerplea‘cbcn,

163 2871 201 2922 da
215 2886 246 2922 er
258 2875 330 2922 sonet
342 2867 388 2920 mit
401 2867 449 2920 der
459 2865 636 2937 pceetzlicben
652 2868 765 2937 Strenue
776 2884 858 2937 peperi
873 2866 920 2920 ibn
935 2866 1065 2938 vorpeben
1078 2873 1175 2922 mttere.

158 3013 333 3094 Querelau,
361 3031 449 3094 quam
466 3011 502 3075 N.
528 3013 565 3075 de
593 3018 623 3074 te
653 3031 754 3075 coram
782 3018 884 3076 nostra
910 3013 1069 3095 presencia
1097 3012 1184 3075 nobis
1211 3031 1266 3092 pro

63 3120 212 3184 tribunali
241 3118 417 3181 sedentibus
434 3118 591 3200 deposuit,
615 3123 779 3201 estusque
802 3120 877 3183 adeo
899 3125 1090 3201 prosecutus,
1113 3118 1267 3202 quodnisi

64 3249 138 3292 cum
157 3247 194 3290 eo
213 3225 363 3288 amicabili
381 3226 605 3308 composicione
622 3245 796 3309 componas,
814 3233 919 3290 contra
934 3233 975 3299 te,
994 3229 1132 3310 exigente
1148 3227 1267 3290 iusticia

62 3339 172 3419 rigore
191 3335 368 3398 sentenciali
383 3336 549 3417 procedere
566 3356 620 3398 nos
638 3341 766 3417 oportet.
796 3335 945 3416 Quocirca
961 3337 1097 3400 lidelitati
1114 3342 1165 3398 tue
1181 3355 1268 3396 man·

66 3447 191 3515 damus,
215 3448 378 3527 quatenus,
400 3443 592 3507 severitatem
608 3442 727 3507 iusticie
745 3444 847 3506 debita
863 3444 1070 3508 satisfactione
1086 3444 1265 3525 preveniens

63 3560 100 3616 et
128 3552 265 3621 evitans,
294 3571 361 3613 cum
387 3551 524 3633 predicto
541 3552 579 3614 N.
599 3552 761 3615 concordie
789 3552 894 3615 modos
923 3553 1040 3633 cogites
1065 3557 1095 3614 et
1119 3551 1268 3633 exquiras,

68 3659 210 3742 alioquin
226 3658 286 3739 ipsi
302 3658 332 3718 in
354 3659 420 3721 iure
444 3659 552 3722 deesse
577 3680 637 3722 non
658 3678 836 3740 possumus,
867 3661 938 3742 quin
960 3666 1067 3723 contra
1089 3664 1119 3721 te
1141 3657 1268 3721 finaliter

63 3763 331 3834 animadversione
347 3764 504 3856 iudicaria,
524 3766 603 3829 sicut
619 3766 700 3827 racio
718 3767 895 3847 expostulat,
912 3767 1111 3848 procedamus
1126 3765 1176 3850 a).

159 3962 195 4032 a)
208 3959 388 4033 procedamus
402 3961 530 4031 corrigirt
543 3964 585 4017 sur
597 3963 774 4032 procedemus
789 3963 817 4016 V.
