3116 5124
629 591 690 666 23.

385 769 461 856 l'cpe
481 771 582 835 scribit
598 769 805 851 dysterclensls
823 772 905 836 ordo.

49 931 107 986 Der
126 929 405 987 &commeream
429 930 501 985 diuet
524 931 575 986 dea
598 931 695 1002 Papae,
719 947 763 982 um
784 947 831 984 vor
850 930 1028 1002 Bedrttolmop
1049 933 1105 986 aad
1128 929 1241 987 Uarecdt

51 1020 190 1076 huelem
201 1041 234 1076 au
247 1021 316 1088 sein,
330 1023 394 1078 daec
407 1019 436 1075 ia
448 1019 643 1093 zweifeldoften
655 1021 754 1084 Follec,
767 1039 842 1076 wenc
859 1020 943 1076 ciuem
957 1022 1240 1080 Cistereo'easermoacd

49 1113 126 1186 oder,
142 1113 251 1167 [ωπον
272 1121 354 1168 etwas
374 1112 527 1186 odomlonpt
547 1111 631 1176 mirri,
654 1111 699 1166 die
717 1111 858 1182 ecdqiltipe
876 1111 1071 1187 Enteedeiduap
1082 1113 1178 1170 ‚duret
1191 1115 1243 1168 dea

146 1203 198 1258 All
211 1203 273 1270 ,und
291 1200 367 1256 einen
385 1201 609 1275 dimopecoqeaea
627 1201 724 1257 Monet
741 1201 939 1274 derdeipesitlort
956 1189 1062 1262 werden
1079 1207 1151 1260 colle.
1234 1263 1238 1275 A

148 1365 271 1430 Crescit
287 1363 347 1430 diei
362 1365 480 1430 malicia
502 1385 556 1429 sua
578 1371 608 1428 et
624 1365 756 1448 pericula
771 1361 915 1448 temporis
931 1367 1132 1440 invalescunt,
1154 1369 1196 1431 ita
1212 1373 1244 1432 ut

57 1494 137 1558 quos
153 1475 286 1558 predixit
301 1475 451 1557 apostolus
470 1475 534 1538 dies
550 1473 703 1539 videamus
720 1474 833 1538 instare
849 1476 1043 1548 novissimos,
1071 1478 1102 1540 in
1125 1477 1243 1560 quibus,
1262 1481 1263 1486 ’

57 1583 258 1648 habundante
274 1583 442 1668 iniquitate,
458 1585 615 1647 multorum
626 1581 738 1646 karitas
750 1583 931 1666 refrigeseit.
950 1584 1130 1667 Specialiter
1145 1590 1244 1648 autem

57 1693 208 1756 adversus
236 1691 407 1756 sanctitatis
433 1699 533 1756 vestre
561 1691 653 1764 lilios,
676 1691 917 1776 cysterciensem
944 1692 1083 1757 videlicet
1111 1691 1245 1756 ordinem

58 1799 249 1884 prolitentes,
271 1800 366 1864 seculi
386 1799 474 1864 huius
495 1819 577 1863 mare
598 1799 745 1863 inundans
762 1799 803 1886 a)
827 1806 857 1866 et
878 1806 1050 1864 tumescens
1074 1805 1104 1864 et
1125 1801 1245 1864 obiectu

63 1931 131 1974 sese
157 1915 260 1976 vestre
287 1909 480 1992 protectionis
502 1907 645 1983 illudens,
673 1915 736 1974 tota
758 1910 789 1972 in
810 1931 864 1974 nos
887 1915 1065 1993 tempestate
1088 1909 1246 1992 consurgit

65 2020 183 2102 rugiens
217 2019 434 2103 quodammodo
467 2025 502 2090 et
528 2024 632 2081 contra
663 1999 768 2081 vectes
798 2024 829 2081 et
859 2018 973 2091 hostia,
1006 2038 1064 2103 que
1091 2019 1244 2101 posuistis,

64 2128 275 2200 inmurmurat,
295 2127 473 2210 ,dedignans
502 2126 619 2191 scilicet
654 2127 765 2190 dictum
793 2127 867 2191 sibi:
903 2127 1058 2211 hucusque
1086 2127 1188 2190 venies
1216 2131 1247 2204 et

61 2237 192 2320 amplius
223 2253 283 2300 non
313 2236 460 2317 procedes
481 2235 517 2322 1).
552 2235 633 2299 Ecce
666 2235 786 2318 quidem
816 2234 867 2299 tilii
898 2237 999 2299 mundi
1029 2235 1133 2308 huius,
1172 2254 1246 2319 quos

64 2344 285 2430 prudenciores
301 2342 369 2406 filiis
385 2343 460 2434 lucis
476 2344 587 2407 veritas
605 2344 671 2427 ipsa
685 2344 863 2427 pronunciat
880 2343 920 2432 ²),
937 2345 1070 2407 invident
1086 2341 1248 2408 nobishoc

58 2456 163 2537 ipsum
180 2452 260 2536 quod
280 2452 423 2524 uiuimus,
453 2452 522 2515 dum
545 2472 648 2516 eorum
663 2452 845 2534 perversitas
863 2472 917 2514 nos
933 2452 1045 2516 habere
1062 2473 1121 2515 non
1136 2452 1249 2534 patitur

58 2581 119 2647 qno
144 2561 288 2624 vivamus.
320 2561 464 2626 Videntes
489 2559 637 2643 siquidem
659 2561 739 2646 quod
763 2557 904 2642 operibus
925 2581 1063 2652 manuum
1079 2567 1248 2625 nostrarum

55 2669 213 2735 benedicit
227 2669 381 2742 Dominus,
397 2671 427 2733 in
442 2670 585 2734 uiaticum
600 2669 856 2752 peregrinacionis
874 2675 976 2733 nostre
989 2675 1051 2734 tota
1064 2670 1248 2752 malignitate

58 2778 239 2852 deseviunt,
266 2779 496 2852 machinantes,
512 2785 546 2844 ut
566 2779 662 2843 modis
686 2779 821 2864 omnibus
837 2798 1001 2863 pauperum
1017 2777 1249 2844 substanciolam

56 2891 107 2955 vel
150 2894 312 2953 concutere
341 2869 405 2971 per
432 2889 630 2971 calumpniam
665 2890 712 2952 rel
750 2894 889 2952 excutere
925 2889 1043 2954 valeant
1078 2907 1133 2970 per
1168 2887 1250 2972 rapi-

57 3019 147 3063 nam:
183 2999 352 3062 instaurant
382 2998 467 3070 lites,
495 3003 679 3080 exaggerant
708 2999 880 3082 questiones
904 3003 951 3070 et,
981 2997 1006 3060 si
1030 2995 1117 3060 aliter
1142 2998 1249 3060 tollere

58 3113 167 3175 nostra
198 3127 259 3170 non
281 3106 465 3190 prevalent,
512 3107 543 3168 in
578 3106 656 3170 illius
693 3105 808 3170 fraudis
842 3101 1013 3169 ‘commenta
1052 3105 1249 3177 transsiliunt,

60 3223 95 3281 ut
125 3215 278 3280 interdum
316 3235 400 3280 suam
437 3231 596 3280 suorumve
633 3214 811 3298 peccuniam
843 3213 1044 3296 calumpniosa
1063 3215 1193 3296 penitus
1221 3219 1362 3287 etfama..

60 3325 194 3392 conficta
220 3325 315 3388 mutui
342 3326 389 3388 vel
411 3324 540 3408 depositi
565 3323 719 3387 exactione
747 3343 907 3406 reposcere
939 3322 1058 3385 minime
1080 3329 1248 3387 vereantur.

58 3434 197 3506 Deinde,
225 3433 278 3497 lite
306 3432 362 3498 sub
389 3433 490 3498 iudice
513 3436 697 3505 contestata,
724 3431 927 3495 testimonium
943 3438 1048 3496 contm
1064 3452 1118 3495 nos
1146 3432 1251 3496 venale
1364 3457 1366 3460 ·

61 3543 184 3629 quidem
206 3541 262 3604 sed
289 3540 483 3630 nonveniale
510 3540 684 3626 producitur
717 3545 748 3602 et
776 3539 992 3626 eneruaturfflb)
1020 3540 1150 3623 undique
1178 3540 1251 3603 iuris

46 3651 224 3734 ,sinceritas
256 3649 447 3733 inproborum
483 3649 621 3734 testium¹
642 3647 781 3731 periuriis
818 3646 977 3712 labefacta.
997 3727 1002 3734 .
1026 3646 1113 3730 Quod
1147 3647 1252 3734 utique

65 3762 92 3826 si
109 3757 307 3854 dissimulatis
325 3764 355 3823 et
371 3759 537 3832 sustinetis,
559 3758 589 3821 in
603 3763 757 3841 posterum
774 3777 832 3820 non
848 3756 934 3821 nobis
952 3761 1057 3820 sancte
1073 3762 1170 3840 pater,
1194 3778 1252 3821 non

64 3871 152 3936 nobis
171 3847 340 3932 sedsacris
356 3871 388 3954 et
410 3867 504 3951 epulis
527 3867 662 3932 omnihus
685 3865 863 3930 laboramus.
897 3865 1052 3948 Reliquum
1069 3871 1131 3938 est,
1160 3871 1200 3952 ut
1214 3861 1253 3928 ad

62 3978 261 4044 erillicandas
290 3977 480 4043 facultatulas
508 3983 626 4042 nostras
647 3998 707 4041 non
730 3976 761 4039 in
784 3994 909 4042 vacuum
933 3979 1056 4040 currant
1083 3963 1252 4060 quicunque

150 4170 187 4240 a)
200 4169 322 4224 invidens
336 4169 371 4223 im
385 4151 462 4232 Text,
475 4187 516 4223 am
529 4167 635 4224 Raude:
655 4169 721 4224 alius
734 4168 863 4222 inundans
878 4165 907 4219 V.
926 4197 952 4206 -
970 4165 1001 4236 d)
1016 4163 1109 4218 enu'at
1123 4165 1150 4218 V.

92 4458 117 4518 ι)
135 4461 189 4506 roe,
209 4461 249 4511 sc,
266 4461 301 4504 n.
400 4439 415 4466 “

92 4540 114 4600 ²)
131 4543 208 4587 Lucas
228 4544 267 4594 lo,
285 4542 307 4584 8.
