3100 5116
1152 377 1157 388 “
1193 363 1269 436 373

66 540 201 605 ecclesie
229 541 367 624 regimen
389 541 512 606 celestis
535 542 659 606 altitudo
677 542 795 606 consilii
813 561 867 604 vos
885 540 1011 604 vocavit.
1045 542 1097 606 Sic
1115 540 1159 626 a)
1176 542 1272 604 eciam

66 668 121 713 nos
151 647 287 731 metipsi,
305 647 375 713 dum
390 649 550 733 pristinum
569 655 678 714 statum
702 656 837 714 nostrum
859 651 889 713 in
906 649 1080 713 interiorum
1100 653 1389 712 nostrorumrnase.

65 758 276 841 profunditate
292 758 483 832 revolvimus,
500 764 531 823 ct
547 759 617 823 dum
640 759 722 823 vocis
747 760 880 842 exemplo
903 758 1080 841 prophetice
1105 756 1273 820 divinorum

65 865 249 930 iudiciorum
267 866 399 931 abissum
417 867 447 930 in
463 873 567 931 nostre
592 868 851 932 consideracionis
876 867 998 950 speculo
1016 866 1218 949 speculamur,
1242 866 1274 928 in

65 976 164 1040 forma
190 977 355 1048 consimili,
381 977 454 1040 licet
476 977 584 1061 impari
608 977 714 1042 merito
737 998 792 1041 nos
815 977 962 1040 sentimus
986 977 1109 1059 ignaros
1127 979 1158 1037 et
1175 975 1271 1037 eciam

67 1107 130 1150 non
160 1085 326 1160 instantes,
362 1088 484 1152 excluso
517 1086 650 1151 totaliter
677 1107 694 1150 a
723 1087 810 1151 nobis
839 1086 951 1170 gradus
980 1084 1093 1148 ambitu
1127 1083 1274 1157 celsioris,

68 1193 216 1258 divinitus
244 1196 282 1259 ad
303 1197 436 1260 Romane
458 1196 633 1260 monarchia
656 1195 859 1260 moderamina
877 1195 918 1279 b)
939 1194 1099 1276 dirigenda
1115 1197 1274 1276 provectos

67 1309 100 1366 et
129 1303 238 1368 eadem
265 1304 463 1386 gubernanda
490 1304 729 1368 misericorditer
751 1305 936 1368 sublimatos.
971 1302 1036 1367 Hiis
1061 1302 1165 1384 igitur,
1187 1306 1276 1384 pater

69 1416 195 1476 sancte!
220 1414 251 1476 in
273 1415 385 1477 trutina
408 1413 541 1476 racionis
563 1416 723 1496 appensis,
752 1414 783 1477 in
807 1412 945 1476 omnibus
968 1410 1070 1475 arduis
1088 1416 1118 1474 et
1135 1409 1274 1481 diversis,

70 1540 131 1604 que
146 1521 339 1603 postmodum
361 1521 448 1586 nobis
472 1542 644 1594 occurrere,
669 1521 808 1605 negociis
826 1499 865 1606 c)
890 1521 982 1584 nichil
1005 1520 1125 1602 penitus
1148 1518 1276 1602 aggredi

68 1629 171 1703 libuit,
196 1629 288 1694 nichil
317 1651 458 1714 prorsus,
487 1634 520 1694 nt
547 1631 667 1705 decuit,
695 1632 840 1694 voluimus
869 1635 1065 1713 attemptare,
1094 1629 1152 1692 nisi
1175 1633 1276 1691 vestra

69 1738 188 1821 pridem
205 1739 259 1823 d),
276 1758 364 1822 quam
390 1760 510 1823 semper
531 1736 834 1822 suimus'prestol'ati,
860 1737 1035 1802 erodieione
1058 1737 1213 1800 salutifera
1230 1738 1277 1801 in-

71 1847 204 1912 formati.

166 2031 211 2094 Ex
227 2049 286 2116 quo
305 2030 345 2117 e)
361 2031 474 2114 itaque,
490 2037 578 2114 pater
595 2031 838 2103 clementissime,
856 2051 922 2093 vos
940 2030 1031 2113 clegit
1044 2029 1223 2102 Altissimus,
1236 2029 1278 2094 ita

75 2138 157 2224 quod
175 2138 213 2202 dc
229 2145 312 2203 terra
329 2139 388 2202 iam
404 2139 445 2203 sit
460 2146 526 2204 orta
543 2141 666 2214 veritas,
683 2139 888 2223 prospiciente
902 2140 939 2203 de
956 2140 1022 2203 celo
1045 2140 1165 2205 iusticia
1182 2160 1279 2202 -ex

74 2267 135 2333 quo
166 2246 290 2312 dextera
318 2247 376 2312 Dei
404 2247 501 2312 eciam
529 2249 737 2313 misericordie
766 2270 819 2313 suc
849 2250 990 2313 unctione
1019 2248 1181 2323 salubriter
1212 2269 1278 2310 nos

74 2358 235 2440 perunxit,
264 2362 297 2420 ut
326 2377 418 2440 super
440 2358 517 2421 colla
534 2357 705 2422 sublimium
724 2359 832 2422 solium
850 2359 946 2440 glorie
962 2362 1136 2430 teneamus,
1165 2361 1198 2420 ut
1220 2357 1279 2420 ista

75 2465 134 2530 duo
164 2466 273 2529 celitus
301 2465 333 2529 in
356 2467 576 2531 conformitatis
599 2467 797 2550 ydemptitatc
821 2489 878 2551 per
896 2469 1053 2550 amplexus
1075 2474 1193 2531 mutuos
1222 2466 1280 2530 sibi

2 2597 3 2602 ¹
76 2576 209 2657 compati
234 2596 295 2638 non
320 2573 486 2640 desistant:
513 2597 586 2639 ecce
610 2575 689 2660 quod
713 2584 846 2641 nostram
871 2584 902 2641 et
925 2576 1087 2640 liberorum
1109 2581 1281 2641 nostrorum

76 2703 225 2766 personas
253 2704 310 2747 nee
338 2705 398 2748 non
421 2684 570 2749 creditum
593 2683 681 2748 nobis
705 2685 861 2768 imperium
884 2691 984 2748 vestre
1008 2687 1057 2768 pie
1086 2685 1281 2768 disposicioni

78 2792 301 2865 submittimus,
340 2799 373 2858 ut
403 2794 570 2858 secundum
601 2796 697 2857 Deum
731 2801 761 2858 et
792 2815 898 2878 puram
930 2794 1153 2859 conscienciam
1185 2793 1280 2857 libere

78 2902 221 2967 statuatis
245 2908 276 2966 et
301 2901 446 2966 ordinetis
469 2903 631 2966 salubriter
655 2903 691 2966 de
714 2903 888 2985 premissis,
917 2903 1064 2987 quidquid
1087 2903 1193 2968 honori
1209 2904 1278 2977 Dei,

78 3011 291 3074 ecclesiastice
318 3010 461 3083 libertati,
485 3011 650 3075 orthodoxe
676 3012 763 3084 fidei,
793 3034 849 3074 nec
872 3033 930 3075 non
953 3012 1032 3075 hono
1057 3013 1174 3094 imperii
1198 3019 1277 3076 statu

78 3122 218 3185 videritis
237 3121 388 3202 expedire.

173 3303 212 3368 Et
236 3303 311 3368 licet
334 3303 459 3368 illustris
476 3325 528 3367 rex
544 3305 689 3367 Bohemie
707 3313 840 3369 nontam
860 3305 980 3371 iniustis
998 3327 1087 3390 quam
1107 3309 1280 3373 voluntariis

82 3414 217 3478 motibus
236 3413 286 3476 diu
303 3414 394 3476 fuerit
409 3413 439 3476 in
453 3414 723 3478 exheredacionem
735 3415 853 3497 imperii
873 3416 1079 3497 degrassatus,
1097 3417 1166 3501 quia
1182 3425 1282 3482 tamen

85 3522 117 3585 in
134 3521 222 3587 vobis
241 3522 317 3585 adeo
335 3523 434 3585 divine
450 3523 554 3604 gracie
579 3530 610 3587 et
631 3522 751 3587 iusticie
773 3524 927 3606 plenitudo
951 3526 1149 3590 extuberanter
1164 3527 1282 3591 habun-
1377 3609 1379 3613 .

83 3630 145 3704 dat,
162 3631 338 3714 presertim,
366 3637 399 3694 ut
426 3636 506 3695 terre
537 3636 641 3695 sancte
665 3633 694 3695 in
724 3638 869 3715 oportuno
900 3634 1037 3697 subsidio
1065 3634 1104 3696 nil
1135 3635 1281 3708 dematur,

82 3741 339 3814 controversiam,
368 3761 426 3824 que
456 3741 534 3804 inter
560 3725 616 3805 ¹nos
642 3748 672 3805 et
698 3743 797 3826 ipsum
825 3742 988 3825 probonis
1011 3745 1129 3827 imperii
1145 3747 1281 3820 vertitur,

83 3850 243 3934 occupatis
260 3849 297 3912 ab
315 3849 393 3931 ipso,
411 3849 591 3914 fiducialiter
608 3851 794 3915 ordinacioni
812 3851 911 3914 divine
929 3859 959 3914 et
973 3853 1144 3917 auctoritati
1158 3863 1281 3937 aposto-

176 4141 210 4208 c)
241 4141 290 4196 sed
312 4143 340 4195 Z.
362 4172 394 4180 -
416 4142 447 4212 b)
470 4143 600 4198 molimina
633 4144 659 4196 Z.
687 4174 713 4183 -
742 4145 773 4213 e)
795 4147 822 4196 et
845 4145 988 4216 praecipue
1016 4163 1098 4216 super
1128 4149 1283 4205 nunciorum

84 4233 236 4304 llungeriac
257 4237 285 4285 et
304 4233 445 4288 Bohemiac
469 4251 563 4305 regum
587 4235 771 4306 legacionihus
796 4235 871 4290 nobis
894 4237 1038 4307 propositis
1057 4242 1085 4290 ct
1104 4239 1284 4296 oblacionibus

85 4324 167 4380 aditis
194 4324 284 4378 Rodm.
306 4321 345 4376 St.
374 4355 403 4365 —
431 4325 466 4392 d)
499 4323 614 4395 quadam
639 4326 669 4380 V.
699 4355 730 4364 -
758 4327 788 4395 c)
818 4328 856 4380 llx
887 4344 939 4398 quo
973 4328 1013 4381 bis
1044 4329 1080 4383 ita
1109 4329 1177 4384 icblt
1200 4333 1228 4386 V.
1253 4336 1282 4390 Z.

85 4417 141 4472 und
168 4416 294 4471 Gerbcrt
321 4414 444 4470 Odcnhar
473 4415 508 4468 ist
535 4434 586 4469 von
615 4418 666 4470 den
692 4416 888 4470 llbsebrcihcrn
917 4417 976 4473 eine
1004 4416 1075 4473 Zeilc
1103 4422 1284 4493 ausgelassen,
1371 4403 1373 4406 Ι

89 4509 132 4563 dic
152 4507 268 4563 wirunt·
293 4505 463 4578 llerslellung
492 4506 538 4560 des
565 4507 660 4560 Sinnes
687 4524 734 4560 aus
758 4508 846 4561 Bodnr.
874 4507 899 4561 in
920 4508 971 4562 den
995 4511 1065 4566 Text
1083 4513 1285 4584 ausgenemmcn

86 4599 180 4654 baben.
