3132 5126
339 323 389 394 bb

332 499 465 580 quamvis
487 499 664 562 brevissime
682 499 809 570 scribas,
826 506 1000 562 tamennon
1017 498 1156 562 obmittes
1169 517 1276 560 nomen
1290 496 1456 560 executoris
1472 495 1514 557 vel

332 612 533 670 executorum.
562 611 727 674 decoctor
756 613 881 670 vocatur
909 607 974 677 ille,
1005 605 1053 669 cui
1084 612 1212 669 testator
1242 605 1516 670 detauctoritatem

329 714 505 796 perficiendi
522 718 619 778 omnia
636 717 715 778 sicut
736 723 947 780 testamentum
964 715 1106 779 eontinet.

418 823 573 906 Contingit
589 825 628 910 a)
656 825 745 887 etiam
784 825 864 907 quod
901 830 1028 888 testator
1065 823 1223 907 aliquando
1255 823 1329 884 lacit
1358 826 1518 884 testamen·

317 937 389 994 tum
412 933 449 995 de
474 933 600 1004 debitis,
633 953 690 1016 que
720 932 777 995 sibi
799 934 963 1003 debentur,
988 939 1018 996 et
1033 940 1104 996 tunc
1121 931 1215 996 munit
1235 937 1412 993 executores
1428 935 1517 992 testa-

327 1043 419 1104 menti
436 1042 483 1105 sui
500 1041 620 1123 publico
637 1041 834 1106 instrumento
859 1049 888 1105 et
911 1043 940 1104 in
962 1041 1099 1124 personis
1116 1039 1342 1121 sollempnibus,
1358 1038 1402 1100 ita
1424 1042 1518 1099 tamen

327 1149 408 1231 quod
425 1149 489 1230 ipse
517 1156 646 1214 testator
673 1151 704 1212 in
731 1151 788 1214 line
809 1150 960 1215 literarum
977 1150 1169 1214 subscribere
1198 1148 1298 1218 debet,
1316 1148 1395 1210 sicut
1410 1143 1519 1227 patebit

306 1249 358 1320 ‘in
386 1257 472 1320 litera
501 1259 669 1340 exemplari.
710 1259 787 1322 Nota
816 1261 907 1323 etiam
931 1258 1010 1342 quod
1035 1259 1198 1346 poblicum
1235 1251 1518 1334 sacramentum)

327 1373 452 1430 vocatur
474 1366 571 1439 litera,
596 1349 684 1449 quani
708 1366 797 1430 iudex
822 1373 852 1430 et
877 1367 1056 1430 universitas
1081 1365 1190 1428 civium
1215 1363 1360 1435 scribunt,
1382 1367 1414 1426 et
1436 1379 1518 1445 mam

333 1474 454 1555 signant
475 1475 574 1556 sigillo
598 1475 729 1538 civitatis
753 1496 815 1538 sue.
848 1476 881 1538 ln
904 1474 969 1536 aliis
992 1480 1092 1538 tamen
1114 1471 1216 1544 terris,
1233 1472 1312 1536 sicut
1330 1471 1362 1534 in
1377 1472 1517 1550 Longo·

331 1582 465 1645 bardia
505 1589 535 1646 et
558 1585 716 1654 Tuscia,
737 1583 856 1666 publica
884 1584 1080 1647 instrumenta
1111 1581 1282 1646 scribuntur
1310 1600 1365 1662 per
1387 1577 1516 1662 publicos

331 1689 517 1753 tabelliones.
542 1692 693 1758 Publiciis
714 1697 813 1754 autem
828 1692 958 1756 tabellio
980 1698 1104 1754 vocatur
1120 1691 1264 1760 notarius,
1281 1709 1369 1772 quem
1384 1707 1460 1770 papa
1475 1684 1516 1747 rel

332 1799 494 1879 imperator
517 1799 555 1861 ad
582 1799 659 1862 banc
683 1799 860 1881 dignitatem
886 1800 1016 1864 admisit.
1053 1800 1138 1866 Hunc
1161 1804 1279 1881 oportet
1300 1799 1417 1868 iurare,
1444 1792 1517 1878 quod

327 1906 456 1970 fideliter
469 1914 632 1990 exequatur
645 1908 776 1971 osticium
793 1930 887 1971 sunm.
896 1909 935 1971 Et
950 1909 980 1972 in
997 1909 1106 1973 talibus
1123 1909 1218 1972 literis
1232 1929 1289 1971 non
1302 1907 1400 1970 solent
1415 1900 1516 1987 apponi

327 2015 436 2096 sigilla,
453 2017 508 2078 sed
524 2018 589 2098 ipse
605 2016 726 2082 tabellio
743 2020 851 2081 format
867 2019 1069 2082 tantummodo
1086 2018 1205 2099 signnm
1226 2037 1313 2080 suum
1333 2018 1366 2078 in
1388 2016 1472 2077 litera
1487 2014 1514 2072 et

326 2121 445 2187 sufficit.
468 2125 677 2208 Unusquisque
694 2134 793 2191 autem
809 2126 928 2192 tabedio
946 2127 1037 2190 babet
1049 2128 1088 2212 ο)
1105 2126 1257 2208 proprium
1274 2145 1361 2187 suurn
1384 2120 1517 2203 sigillum,

325 2253 380 2315 per
396 2235 474 2316 quod
490 2237 584 2299 munit
599 2237 700 2300 literas
717 2237 862 2318 publicas,
885 2257 960 2319 quas
977 2237 1100 2308 scribit;
1130 2237 1196 2300 sed
1219 2238 1294 2302 ista
1322 2256 1396 2298 non
1424 2231 1517 2294 liunt

327 2343 428 2425 apud
441 2344 692 2409 nos-Idcirco
709 2352 807 2408 autem
824 2345 1222 2428 testatort'ormatpnblicum
1239 2346 1474 2411 instrumentum,
1489 2341 1518 2402 ut

325 2456 499 2514 executores
515 2455 686 2516 testamenti
702 2452 747 2515 sui
759 2453 876 2516 facilius
893 2454 933 2536 d)
950 2454 1066 2536 possint
1082 2460 1219 2535 repetere
1234 2453 1335 2519 debita
1348 2473 1366 2518 a
1380 2443 1515 2516 debitori-

324 2557 382 2622 bus
410 2561 563 2624 testatoris
592 2561 698 2624 auxilio
727 2562 922 2644 plublicarum
949 2563 1112 2628 literarum.
1143 2563 1206 2624 llce
1235 2567 1281 2624 cst
1303 2561 1395 2641 igitur
1418 2559 1512 2620 torma.

421 2668 456 2729 H.
480 2669 582 2741 miles,
611 2670 699 2735 iudex
715 2676 745 2733 et
761 2671 940 2735 universitas
965 2671 1072 2734 civium
1091 2672 1127 2753 θ)
1143 2671 1355 2737 Winaensium
1390 2663 1514 2732 omnibus

330 2798 456 2860 quorum
484 2777 611 2842 interest
638 2799 728 2842 nosse
756 2781 897 2844 noticiam
930 2781 1173 2862 subscriptorum.
1222 2778 1366 2842 Noverint
1394 2769 1514 2842 universi
1558 2821 1559 2825 ,

326 2891 484 2970 presentes
501 2886 603 2950 literas
620 2888 797 2970 inspecturi,
814 2890 892 2972 quod
908 2895 1015 2970 rogatu
1030 2895 1059 2952 et
1071 2889 1314 2971 interpellatione
1331 2885 1433 2952 dilecti
1449 2879 1514 2944 ciris

327 2995 431 3066 nostri,
448 2997 499 3078 qui
517 2995 606 3060 nimia
622 2998 736 3060 tractus
754 2997 923 3078 egritudine
939 3004 1150 3063 testamentum
1165 2998 1204 3060 de
1220 2997 1310 3061 rebus
1344 2997 1408 3062 suis
1438 2989 1513 3056 lecit.

326 3103 424 3185 ipsum
439 3102 477 3187 f)
508 3110 719 3169 testamentum
755 3105 1001 3187 procuratoribus
1024 3112 1054 3168 et
1071 3105 1280 3170 executoribus
1308 3098 1514 3186 assignandum
1557 3143 1558 3148 η

328 3210 423 3291 sigillo
437 3211 566 3274 civitatis
581 3218 681 3274 nostre
698 3212 912 3285 roboravimus,
930 3215 1015 3278 euius
1032 3215 1128 3278 eciam
1141 3212 1319 3276 sententiam
1332 3208 1514 3296 exprimimus

327 3318 383 3380 sub
399 3319 455 3381 hac
472 3320 575 3381 torma.
605 3320 741 3401 Inprimis
757 3321 858 3403 itaque
875 3322 1022 3386 ordinavit
1037 3323 1095 3385 boc
1112 3323 1157 3384 vel
1174 3321 1231 3384 hoc
1248 3328 1307 3384 etc.
1326 3320 1377 3408 (et
1393 3319 1467 3382 sicut
1487 3311 1513 3372 in

327 3427 503 3508 precedenti
525 3428 658 3508 exemplo
689 3428 856 3494 invenietis.
896 3430 1059 3512 Postquam
1081 3450 1155 3512 ergo
1172 3429 1280 3502 omnia,
1298 3450 1356 3512 que
1375 3419 1513 3508 disposuit

329 3541 360 3598 et
375 3535 523 3599 ordinavit
546 3536 672 3598 diversis
688 3539 837 3619 personis,
854 3539 964 3601 tuerint
980 3540 1110 3621 scripta,
1139 3544 1210 3602 tunc
1233 3539 1431 3619 subiungetur
1460 3530 1512 3592 ista

329 3645 495 3730 clausula):
528 3643 737 3709 'testificamur
760 3648 850 3710 etiam
866 3646 944 3712 bona
961 3647 1030 3719 fide,
1049 3648 1127 3731 quod
1145 3648 1280 3710 dominus
1297 3646 1464 3728 Rudolphus
1478 3636 1512 3719 9)

329 3759 540 3834 procuratores
557 3753 595 3816 ad
610 3756 774 3837 repetenda
790 3754 829 3840 b)
847 3755 948 3820 debita
965 3763 995 3820 et
1011 3763 1187 3822 executores
1204 3757 1243 3819 ad
1260 3735 1512 3820 consummandum

328 3863 502 3927 testamenti
532 3864 577 3925 sui
601 3863 741 3928 ellectum
757 3865 837 3928 viros
854 3865 987 3947 ydoneos
1010 3867 1130 3937 statuit,
1158 3866 1299 3930 videlicet
1320 3866 1410 3930 talem
1426 3860 1512 3924 civem

330 3973 377 4036 vel
393 3972 468 4035 tales
486 3971 567 4034 cives
584 3980 713 4045 nostros,
731 3974 805 4036 dans
823 3975 867 4036 eis
883 3974 1008 4037 liberam
1024 3976 1195 4039 facultatem
1208 3977 1321 4039 desuis
1339 3966 1512 4038 debitoribus

331 4080 431 4143 debita
447 4081 631 4163 requirendi,
647 4083 814 4163 repetendi,
834 4080 1061 4166 quibuscunque
1074 4084 1159 4156 locis,
1172 4085 1368 4167 temporibus
1385 4083 1512 4145 contrat-

329 4189 410 4253 tibus
425 4190 472 4251 vel
488 4190 580 4253 titulis
597 4190 662 4272 ipsa
679 4190 859 4253 adnotentur
868 4189 911 4275 i),
924 4191 1095 4255 uthabeant
1110 4199 1397 4274 potestatemcoram
1410 4180 1511 4250 iudicio

374 4347 387 4360 -
422 4316 455 4384 a)
476 4315 589 4388 contigit
602 4317 631 4369 V.
644 4313 698 4368 lind
711 4316 739 4368 Z.
753 4345 788 4352 -
800 4315 832 4384 b)
845 4316 917 4385 publ.
932 4315 1007 4370 lehlt.
1022 4317 1050 4369 Z.
1064 4348 1097 4358 -
1118 4319 1149 4387 c)
1164 4319 1262 4373 format
1286 4321 1326 4374 bis
1351 4318 1430 4374 babet
1453 4303 1512 4361 feldt

329 4405 361 4458 V.
387 4436 420 4445 -
437 4407 471 4475 d)
497 4423 528 4460 co
553 4407 603 4460 iac.
626 4407 653 4459 Z.
674 4435 707 4444 -
730 4406 760 4475 e)
786 4407 1001 4461 civitatisWinn.
1028 4409 1055 4464 Z.
1085 4409 1160 4480 -s)
1181 4412 1239 4481 ipse
1258 4412 1332 4465 Z.—
1346 4413 1380 4483 9)
1402 4403 1510 4461 ll.V··'

330 4494 364 4564 b)
377 4496 543 4566 requirenda.
558 4497 584 4549 Z.
602 4526 630 4534 -
647 4494 673 4563 i)
688 4496 825 4550 adnotetur
836 4498 857 4550 V
870 4515 894 4549 n.
910 4498 936 4551 Z.
