3168 5124
21 149 23 194 l

21 239 22 252 l

21 265 23 276 r

21 283 23 290 ι

1178 258 1225 326 dt

21 437 23 528 5
55 442 205 506 reverentie
232 443 319 506 nobis
336 444 498 525 collapsum
515 443 590 506 adeo
607 445 737 506 refertur
762 463 779 506 a
796 440 905 512 multis,
923 437 1003 521 quod
1019 436 1057 499 ad
1073 433 1229 496 veritatem

21 531 23 632 5
55 555 135 614 status
162 551 296 614 eiusdem
325 551 455 614 ecclesie
485 552 728 633 cognoscendam
762 555 792 612 et
825 543 1132 618 adrcformationem
1164 539 1234 625 eius.

54 657 241 722 necessariam
272 659 501 742 properantibus
533 659 689 742 gressibus
721 656 925 742 compellimur
954 653 1107 716 festinare.
1149 649 1230 730 Qua-

53 773 160 850 propter
186 767 240 830 tibi
270 788 324 850 per
351 769 515 852 apostolica
543 769 655 852 scripta
682 768 856 832 mandamus
887 771 918 828 et
944 763 974 824 in
996 762 1103 824 virtute
1125 766 1229 822 sancte

21 869 23 950 5
55 875 208 938 obedientie
237 877 375 940 districtc
398 879 597 960 precipimus,
625 883 771 960 quatenus
787 875 882 960 primo
897 871 1051 965 'incipiens
1074 890 1091 932 a
1112 874 1142 931 tc
1164 868 1229 949 ipso

21 999 23 1082 5
55 991 187 1066 torporem
200 985 318 1078 desidie
339 993 369 1050 et
380 987 563 1068 negligentia
577 987 727 1068 deponere
735 985 773 1071 a)
789 983 880 1048 armis
894 979 1095 1065 spiritualibus
1107 977 1231 1040 viriliter

21 1095 24 1182 5
55 1093 168 1155 induaris
195 1101 226 1156 et
255 1093 295 1156 ad
322 1094 488 1176 predictum
509 1095 723 1159 monasterium
744 1089 943 1176 personaliter
964 1087 1113 1152 accedens
1141 1106 1231 1168 super

55 1209 103 1264 toto
119 1208 195 1266 statu
211 1202 309 1284 ipsius
326 1208 387 1266 tam
409 1203 440 1264 in
462 1191 561 1286 capite
585 1224 672 1288 quam
688 1193 722 1265 in‘
741 1201 883 1264 membris
911 1197 1042 1282 inquiras
1061 1194 1098 1280 b)
1114 1193 1231 1277 plenam

21 1387 23 1394 ,
53 1317 77 1374 et
88 1310 227 1392 integram
245 1310 422 1383 veritatem,
446 1312 602 1393 corrigens
626 1311 803 1375 auctoritate
827 1313 930 1372 nostra
952 1304 1087 1390 quitquid
1108 1322 1185 1384 perra
1202 1306 1232 1364 et
1307 1360 1310 1366 .

21 1409 23 1530 5
53 1418 224 1482 correctione
255 1419 380 1500 dignum
407 1425 459 1484 tua
486 1420 596 1506 caritas
624 1421 772 1483 invenerit
788 1420 818 1481 in
841 1417 964 1488 eodem,
992 1412 1232 1476 contradictores

55 1526 184 1608 quoslibet
206 1531 237 1590 et
259 1527 391 1590 rebelles
414 1528 592 1592 auctoritate
616 1528 704 1591 simili
725 1549 780 1610 per
808 1545 967 1590 censuram
995 1520 1232 1585 ecclesiasticam
1271 1559 1272 1564 κ

55 1636 256 1718 conpescendo.
305 1637 447 1720 Quitquid
479 1659 549 1702 uero
581 1637 705 1702 firmitas
733 1643 784 1700 tua
812 1633 967 1699 commode
995 1632 1146 1717 corrigere
1174 1651 1234 1692 non

21 1783 23 1838 5
56 1743 159 1816 valebit,
181 1743 241 1808 hoc
263 1750 360 1808 totum
381 1745 420 1808 ad
437 1747 540 1810 sedem
556 1747 751 1831 apostolicam
766 1746 902 1827 perferas
925 1742 1045 1824 scriptis
1062 1741 1130 1802 tuis.
1163 1738 1228 1803 Nos

21 1867 22 1912 ξ
57 1849 1228 1938 eniminhiisomnibus,proutoportunumtuerittibifavorabiliterassistcmus.

21 1967 23 1988 ⁵
57 1961 120 2024 Unde
134 1963 268 2025 volumus
286 1970 321 2025 ut
342 1982 519 2047 quecunque
535 1985 590 2047 per
605 1970 635 2028 te
648 1969 736 2045 gesta
752 1953 863 2026 fuerint
878 1961 910 2024 in
929 1960 1034 2024 eadem
1049 1957 1231 2030 visitatione,

21 2045 23 2134 5
56 2068 83 2156 ad
95 2091 141 2134 uos
157 2071 187 2134 in
203 2070 303 2134 literis
320 2071 379 2133 tuis
395 2092 449 2154 per
466 2073 606 2136 nuncium
621 2073 754 2156 plenius,
772 2077 805 2134 ut
819 2061 1018 2153 prediiimus,
1041 2066 1232 2138 reiterantur,

54 2179 99 2242 hoo
112 2180 282 2253 observato,
299 2185 332 2243 ut
347 2180 378 2244 in
395 2189 543 2246 conventu
561 2182 676 2245 duobus
692 2180 896 2245 tantummodo
914 2185 976 2241 stes
993 2177 1111 2240 diebus.

393 2347 548 2412 lrnmctrrs
565 2349 602 2411 dc
618 2347 875 2428 luqrrlslttonlbns.

539 2463 668 2508 bbdnedo
683 2463 730 2508 XV.

124 2562 280 2646 Inquisitio
299 2560 410 2624 dicitur
423 2561 462 2624 ab
480 2563 686 2650 inquirendo,
710 2561 822 2624 debent
845 2559 923 2622 enim
945 2558 1117 2622 visitatores
1133 2555 1233 2640 inqui-

51 2687 103 2732 rere
117 2671 275 2735 reritatem
291 2671 374 2734 faeti.
404 2668 459 2734 Est
474 2677 574 2734 autem
589 2655 760 2754 inquisitio⁰t
779 2670 847 2733 data
864 2690 882 2732 a
899 2668 1053 2751 superiore
1070 2666 1232 2744 auctoritas
1242 2688 1319 2728 surr
1329 2703 1349 2728 ..

21 2835 23 2858 .
54 2775 201 2858 inquirendi
214 2779 254 2842 de
267 2779 369 2862 aliquo
382 2779 481 2842 iudice
494 2780 541 2842 vel
552 2780 668 2862 prelato
680 2798 736 2861 per
749 2798 836 2862 quem
852 2779 937 2841 locus
947 2774 985 2860 ε)
1000 2774 1107 2859 aliquis
1125 2781 1171 2838 est
1187 2775 1234 2838 in-

21 2869 23 2960 5
55 2883 170 2960 lanatus,
187 2887 332 2972 quoniam
348 2907 438 2951 causa
454 2887 655 2972 inquisitionis
678 2893 724 2950 est
746 2887 876 2949 infamia.
909 2885 990 2948 Modi
1012 2890 1112 2948 autem
1134 2885 1234 2966 inqui-

56 2994 121 3056 rendi
147 2996 220 3058 varii
250 3002 323 3059 sunt
349 2997 515 3059 secundum
543 2997 714 3079 qualitatem
743 2995 885 3059 criminis.
926 2993 1070 3058 Similiter
1098 2998 1128 3056 et
1155 3013 1233 3074 pene

59 3104 120 3166 reric
148 3112 233 3177 sunt,
267 3105 306 3167 de
339 3105 446 3186 quibus
478 3105 569 3168 nichil
602 3107 639 3168 ad
670 3125 796 3186 presens
829 3104 956 3166 dicetur.
995 3101 1101 3165 Modus
1133 3107 1233 3165 autem
1301 3155 1305 3162 .

21 3217 23 3228 '
62 3211 187 3277 scribendi
215 3213 427 3296 inquisitiones
455 3213 523 3278 talis
547 3220 609 3277 est:
635 3213 750 3278 Scribit
770 3233 863 3295 papa,
897 3211 1161 3292 archiepiscopus,
1184 3211 1231 3272 rcl

21 3401 23 3416 ι
59 3321 193 3404 episcopus
223 3323 287 3394 eis,
316 3321 423 3404 quibus
452 3323 645 3386 committitur
676 3322 844 3405 inquisitio,
870 3321 974 3384 ordine
991 3319 1031 3402 d)
1048 3319 1233 3382 salutationis

21 3427 23 3486 j
58 3437 194 3503 eonsueto;
224 3431 336 3494 deinde
363 3431 498 3515 sequitur·
514 3431 716 3514 prohemium,
740 3432 823 3494 cuius
846 3431 904 3494 erit
925 3430 1050 3493 materia
1071 3429 1232 3492 detestatio

21 3491 23 3614 5
58 3537 180 3612 criminis,
195 3540 306 3603 horror
320 3539 478 3621 peccandi,
496 3541 566 3624 quia
582 3541 740 3604 humanum
758 3547 805 3603 est
819 3559 959 3622 peccare,
977 3539 1032 3601 sed
1044 3538 1233 3621 dyabolicum

21 3615 23 3760 5
59 3663 245 3723 perseverare.
281 3649 355 3711 ltem
375 3648 522 3730 prohemii
545 3649 670 3715 materia
690 3655 791 3731 potest
814 3670 882 3711 esse
912 3647 950 3710 de
971 3647 1067 3711 hostis
1089 3648 1232 3721 versutia,

21 3783 23 3838 5
58 3754 112 3831 quia
124 3756 263 3820 videlicet
280 3756 435 3838 egreditur
450 3777 468 3819 a
483 3757 562 3820 facie
578 3759 697 3821 Domini
719 3759 841 3830 sathan,
859 3759 947 3822 mittit
964 3759 1002 3822 ad
1018 3758 1106 3822 fortia
1128 3779 1232 3823 manus

58 3880 112 3924 suas
128 3864 161 3950 ¹).
178 3864 295 3927 Deinde
317 3866 452 3948 sequitur
468 3868 609 3938 narratio,
640 3867 669 3928 in
690 3886 746 3949 qna
765 3867 864 3930 lucide
896 3874 1033 3931 narratur
1063 3889 1171 3931 nomen
1203 3876 1233 3932 et

21 3959 22 4022 ἶ
59 3959 167 4051 dignitas
194 3992 341 4056 persone,
372 3973 434 4037 sive
460 3977 504 4037 *sit
534 3975 654 4038 infamia
682 3975 714 4038 in
744 3977 840 4058 capite
870 3978 917 4039 vel
936 3978 971 4040 in
1000 3979 1159 4051 membris;
1193 3979 1233 4042 de

21 4057 23 4092 r
59 4079 128 4143 uodo
150 4088 247 4146 autem
272 4089 303 4144 et
325 4102 403 4166 pena
427 4083 596 4168 inquirendi
614 4086 652 4172 e)
676 4085 870 4170 relinquimus
895 4087 1019 4151 arbitrio
1036 4089 1230 4154 mandatoris.

21 4199 23 4284 5
132 4209 163 4276 a)
175 4209 334 4279 deponendo
349 4229 380 4266 uu
397 4211 479 4268 lesen.
496 4241 527 4250 —
542 4213 574 4281 b)
589 4213 709 4283 requiras
723 4215 752 4271 V.
771 4248 799 4260 -
816 4215 848 4286 c)
863 4217 950 4272 locum
963 4219 992 4273 l'.
1011 4247 1040 4258 -
1062 4218 1097 4286 d)
1112 4218 1232 4274 ordinem

21 4285 23 4390 5
60 4275 82 4346 i.
95 4325 122 4334 -
134 4299 163 4367 e)
177 4301 326 4369 requirendi
339 4301 369 4357 V.

21 4399 22 4420 l
65 4413 366 4434 Μ-ξ-Μ

21 4439 23 4462 ¹
87 4477 224 4536 Omma
