3116 5124
302 480 411 524 nomen
437 459 493 523 Dei
522 457 568 523 sui
595 457 626 520 in
653 475 760 521 vanum
786 457 923 538 recipere
957 477 1016 522 nou
1049 457 1218 522 formident.
1242 495 1286 508 -
1308 457 1483 523 succurrite

303 567 396 652 igitur
419 566 607 632 sanctissime
632 571 728 647 pater,
751 584 787 628 sc
808 565 925 632 receuti
949 565 1046 629 adbuc
1068 565 1172 630 morbo
1194 585 1303 630 recens
1319 567 1486 630 remedium

302 675 453 748 adhibete,
475 695 514 738 ue
536 694 631 757 pones
653 672 780 736 tiliorum
802 693 894 737 canes
918 673 1077 737 comedant
1099 680 1129 738 et
1151 674 1299 756 stipendio
1319 694 1486 756 pauperum

301 786 386 848 luxus
408 783 466 847 sibi
493 789 524 847 et
552 781 682 845 ebrietur
712 781 979 853 comnrossonoium
1005 782 1116 854 cudent
1135 781 1313 854 vendicare,
1342 782 1486 866 alioquin,

304 899 336 962 ut
358 894 429 984 quid
446 890 659 964 mortificamur
681 895 744 954 totu
768 891 816 954 die
843 891 885 981 ¹),
909 898 940 958 et
962 891 1032 979 quid
1048 892 1157 959 iratres
1173 893 1268 956 nostri
1283 893 1316 956 in
1330 891 1485 966 laboribus

298 1003 443 1086 plurimis,
470 1003 500 1074 iu
526 1001 684 1071 ardoribus
711 1007 743 1066 et
766 1002 916 1071 doloribus
939 1001 1165 1071 habundancius
1192 1002 1223 1074 iu
1250 1003 1366 1084 frigore
1393 1023 1487 1086 super
1557 1050 1558 1091 3

299 1112 419 1175 modum
434 1111 519 1179 ennio
534 1111 595 1175 vite
611 1109 720 1192 stipem
735 1110 884 1175 modicam
900 1131 936 1174 ex
951 1110 1062 1180 intimis
1075 1111 1170 1174 defixo
1183 1111 1298 1176 telluris
1311 1111 1487 1176 viscoribus

298 1220 436 1284 videntur
450 1220 559 1283 misere
576 1225 769 1304 extorqueret
795 1220 970 1284 Sonctitutis
986 1220 1079 1302 igitur
1094 1226 1194 1284 vestre
1216 1209 1345 1303 nedibus
1363 1221 1488 1302 provol-
1557 1240 1558 1255 ¹

297 1329 393 1398 rimor
408 1328 615 1416 supplicando,
633 1334 779 1411 quatenus
795 1330 896 1412 prisce
913 1329 1137 1396 consuetudinis
1159 1335 1245 1393 tenor
1266 1327 1356 1398 uobis
1380 1334 1486 1395 uestro

296 1437 452 1528 privilegio
468 1443 669 1510 restauretur,
697 1442 729 1499 ut
746 1438 771 1500 si
797 1437 862 1520 quis
889 1438 967 1504 sorte
989 1458 1006 1500 a
1029 1437 1115 1502 nobis
1137 1437 1183 1506 vel
1205 1436 1242 1500 ab
1259 1439 1361 1527 aliquo
1378 1457 1488 1500 mona·
1557 1488 1558 1509 ,

297 1527 455 1616 steriorum
475 1549 644 1611 nostrorum
665 1564 729 1607 rem
748 1543 913 1613 indebitam
929 1545 969 1634 a)
993 1545 1149 1611 dubiamve
1170 1545 1365 1630 poposcerit,
1388 1545 1486 1616 abbas

296 1651 356 1718 loci
388 1651 432 1714 rei
463 1650 618 1716 veritatem
649 1652 679 1715 in
714 1653 834 1738 proprie
871 1652 1061 1717 consciencie
1097 1653 1263 1741 periculum
1301 1653 1484 1738 requisitus,

296 1759 458 1832 monachus
481 1767 580 1825 sutem
603 1766 633 1824 et
654 1780 833 1837 conversus,
855 1760 912 1824 sub
934 1762 1044 1838 virtute
1065 1760 1240 1832 obediencie
1263 1760 1485 1847 interrogatus,

295 1869 405 1950 alleget
428 1873 458 1930 et
479 1867 523 1934 sic
547 1867 578 1931 in
600 1866 691 1932 verbo
713 1869 847 1934 veritatis
876 1869 1014 1956 ancipitis
1037 1889 1128 1933 cause
1150 1868 1263 1934 decisio
1290 1858 1483 1960 ¹perseveret.

296 1975 382 2066 Quod
404 1977 430 2038 si
452 1982 552 2039 vestra
573 1976 744 2058 dignabitur
766 1979 927 2052 sauctitas,
954 1984 1057 2054 nostro
1079 1978 1165 2045 nobis
1188 1978 1254 2045 iura
1270 1978 1338 2042 sine
1356 1979 1485 2044 aliorum

294 2073 400 2154 iniuria
431 2083 636 2154 servabuntur,
687 2085 721 2150 si
758 2090 857 2149 autem
890 2087 937 2153 via
974 2087 1033 2153 ista
1063 2091 1164 2150 vestre
1199 2085 1384 2160 beatitudini
1425 2109 1485 2153 nou

292 2191 448 2286 placuerit,
465 2192 545 2256 aliud
563 2195 768 2278 qualecunque
786 2193 949 2278 dignemini
965 2195 1130 2264 remedium
1146 2195 1293 2271 invenire,
1312 2196 1398 2278 quod
1416 2216 1484 2258 cum

293 2301 454 2378 removerit
473 2321 492 2370 a
514 2321 673 2384 pravorum
694 2301 858 2385 cupiditate
879 2303 1057 2388 periurium,
1086 2324 1208 2377 cessere
1228 2324 1247 2376 c
1270 2303 1363 2368 nobis
1391 2305 1483 2374 saciat

294 2407 456 2480 solucionis
475 2408 607 2476 indebite
624 2410 842 2474 detrimentum.

857 2729 920 2800 24.

580 2905 658 2987 lopo
673 2923 763 2988 sopor
779 2907 1009 2977 eononlrselom
1025 2906 1058 2971 ll.
1072 2908 1181 2972 sared.

709 3061 788 3118 1253.
803 3063 873 3122 Mire
886 3063 929 3118 25,
943 3065 1053 3123 Perusii.

292 3203 420 3261 Joooeeu
429 3203 446 3257 1
450 3205 475 3258 ν.
488 3203 633 3268 modin
645 3206 696 3268 dee
708 3205 818 3276 aofdor
826 3207 906 3266 Rem
917 3229 948 3264 zo
960 3209 1044 3274 <roes
1049 3209 1259 3284 Ketzcocriclote
1272 3213 1348 3273 caol
1360 3213 1482 3279 datust

294 3310 335 3352 om
350 3291 397 3352 29.
417 3292 495 3367 April
513 3293 592 3355 1252
610 3294 796 3371 eoeltcoeoeo
813 3299 1046 3368 crederesne,
1069 3301 1153 3363 Prion
1173 3300 1223 3367 der
1240 3303 1436 3368 dominicano-
1452 3303 1479 3364 lo

832 3389 938 3442 Verona.

383 3525 515 3588 Boebmsr
527 3527 592 3597 lieu·
608 3527 796 3595 filit-4254·
809 3531 863 3596 1⁰¹1·
877 3533 919 3593 Ill·
932 3551 975 3592 uu.
988 3535 1031 3594 7⁷.

381 3670 499 3752 lllagnls
513 3675 543 3734 et
560 3671 673 3736 crebris
686 3672 826 3756 insignite
840 3674 878 3760 t)
890 3677 1034 3760 prodigiis
1051 3681 1215 3747 christiane
1232 3683 1305 3750 tdei
1317 3687 1480 3759 rectitudo,
1552 3763 1553 3766 Ἴ

221 3753 228 3767 ’
289 3775 352 3838 iam
368 3796 443 3840 novo
457 3778 528 3842 novi
544 3779 640 3843 saneti
657 3780 801 3846 decorata
821 3786 965 3859 martirio,
987 3787 1142 3870 signorum
1162 3793 1339 3859 recenciunr
1363 3796 1479 3880 fulgore

294 3891 433 3949 coruscat
459 3891 490 3950 et
516 3887 615 3951 multis
643 3888 786 3953 hactenus
813 3892 953 3958 roborata
980 3899 1144 3978 portentis,
1171 3921 1252 3966 nunc
1280 3881 1480 3988 singularium

293 3991 501 4058 miraculorum
527 3995 667 4078 insigniis
694 3999 892 4065 conlimatur.
925 4004 1005 4068 Ecce
1041 4006 1079 4070 de
1114 4008 1237 4074 instanti
1274 4019 1308 4077 et
1335 4016 1479 4081 moderno

385 4191 418 4260 a)
433 4193 458 4244 in
471 4193 713 4261 ubergescbrieben
727 4195 755 4250 V.
769 4226 804 4238 -—
817 4198 848 4267 t)
862 4199 911 4254 ins.
924 4219 975 4257 von
988 4205 1104 4262 cuderet
1117 4208 1190 4262 llend
1204 4227 1245 4265 um
1258 4210 1366 4272 Raude.

295 4371 616 4386 *—

327 4479 350 4540 ι’)
367 4480 448 4526 l’sulm.
466 4479 506 4546 ῃ,
517 4480 556 4524 22.
