3116 5124
1164 308 1236 386 141

18 513 204 598 sutfragia,
222 519 253 578 et
267 509 393 576 meroris
409 508 548 574 lacrimas
567 505 757 572 commutes
748 523 780 566 m
797 519 887 586 opera
903 496 1033 582 pietatis.
1050 493 1114 558 Nos
1131 494 1242 559 autem,

18 597 20 622 ᾖ
18 627 106 710 qui
126 629 224 708 patres
248 620 447 705 orphanorum
470 625 501 683 et
520 617 638 682 iudices
664 615 821 680 viduarum
837 610 966 682 existere
987 612 1142 672 tenemur,
1164 603 1195 662 te
1213 600 1244 661 et

17 732 142 798 ilium
152 738 245 804 tuum,
258 735 401 814 quantum
417 747 485 793 cum
499 727 565 790 Deo
578 732 609 790 et
620 725 778 788 honestate
793 718 969 805 poterimus,
986 711 1084 796 gratia
1098 703 1242 793 prosequi

60 843 239 928 proponimus
256 847 288 905 et
302 841 417 912 lavore,
434 843 466 901 ut
481 833 693 908 benivolentia,
711 850 801 918 quam
816 829 856 896 ad
878 827 1051 892 defunctum
1066 817 1240 886 habuimus,

17 1047 18 1056 ἵ
62 959 183 1018 transeat
199 951 292 1016 etiam
307 949 348 1036 a)
365 949 403 1013 ad
418 946 559 1012 heredes.

16 1063 18 1116 l

627 1154 688 1226 1u.

16 1207 19 1332 i
372 1281 451 1363 l'apa
465 1279 582 1362 plangit
598 1280 770 1360 episcopor
786 1273 925 1338 cortou.

15 1447 17 1512 p
410 1447 412 1453 .
470 1402 549 1458 1203.
563 1402 621 1458 lan.
634 1400 679 1456 23.
693 1397 826 1454 Laterani.

15 1555 17 1574 .
68 1516 271 1574 &mecdreiden
293 1516 427 1570 Innocenz'
459 1515 523 1580 111,
550 1502 1001 1582 diedrmordunp‘derBiacbofr
1024 1496 1246 1556 narracione

15 1599 17 1628 ¹
504 1603 642 1676 Winbury
654 1601 803 1673 detrcffcnd.

160 1699 226 1771 ng.
240 1700 299 1754 lnn.
312 1697 359 1754 Nr.
374 1696 434 1753 118.

143 1815 309 1878 innovatur
325 1811 412 1895 quasi
426 1811 538 1894 iugiter
554 1810 684 1875 ecclesie
701 1816 805 1876 sancte
823 1810 924 1885 dolor,
953 1831 1010 1876 nec
1027 1812 1054 1876 ei
1071 1812 1247 1878 conceditur

14 1927 16 1984 i
75 1921 103 1986 ad
113 1927 227 2006 tempus
243 1920 397 1985 modicum
408 1921 559 2004 respirare
575 1940 593 1984 a
609 1920 729 2002 iugibus
746 1920 884 2004 suspiriis
904 1927 935 1986 et
949 1921 1097 1987 lamentis.
1115 1921 1249 1986 Laborat

74 2032 132 2095 eum
144 2032 175 2095 in
187 2032 308 2115 gemitu
322 2051 393 2103 suo,
412 2031 491 2094 lavat
501 2049 557 2113 per
567 2030 702 2113 singulas
715 2037 820 2095 noctes
832 2031 944 2098 lectum
956 2051 1042 2096 suum
1053 2031 1184 2095 lacrimis
1197 2030 1250 2118 d).

14 2163 15 2166 ¹
71 2141 113 2204 sod
146 2141 281 2206 nondum
322 2139 558 2223 depreeaoiones
587 2140 651 2203 eius
691 2141 729 2204 ad
762 2140 882 2224 plenum
908 2140 1052 2205 Dominus
1089 2138 1246 2205 exaudivit.

68 2249 189 2315 Nondum
207 2251 291 2314 enim
312 2255 478 2314 exterserat
493 2269 588 2331 genas
605 2269 676 2314 suas
694 2249 843 2323 ecelesia,
860 2250 930 2314 dum
944 2249 982 2338 α)
1000 2251 1134 2334 episcopi
1150 2250 1249 2314 adhuc

71 2381 164 2425 roceas
187 2359 318 2442 sanguis
344 2357 381 2422 de
397 2363 480 2423 terra
501 2359 663 2432 clamaret,
691 2366 721 2425 et
755 2379 828 2423 ecoe
846 2358 883 2422 de
904 2378 981 2424 novo
1003 2378 1058 2422 vox
1080 2359 1181 2424 audita
1204 2366 1251 2425 est

68 2470 92 2533 in
105 2472 191 2535 llama
205 2471 346 2555 ploratus
360 2474 391 2532 et
406 2467 533 2533 ululatus
549 2470 669 2542 multus,
687 2488 772 2541 oum,
789 2471 868 2534 siout
883 2467 1074 2552 accepimus,
1090 2468 1142 2533 lilii
1158 2471 1250 2534 Belial

12 2607 14 2644 τ
71 2581 96 2643 in
113 2581 264 2645 Christum
288 2579 441 2643 dominum
464 2598 566 2642 manus
595 2579 761 2663 sacrilegas
778 2579 956 2653 iniecerunt,
984 2580 1082 2644 felicis
1109 2581 1252 2644 memorie

12 2715 14 2756 ὲ
69 2689 98 2755 N.
114 2691 155 2777 β)
170 2689 426 2773 llerbipolensem
438 2689 478 2776 c)
495 2691 669 2774 episcopum
682 2687 725 2774 p)
742 2691 881 2773 nequiter
897 2688 1088 2764 occidentes;
1111 2690 1253 2754 condixe-

12 2827 14 2832 ’
70 2809 126 2865 rant
156 2801 281 2885 quidem
315 2798 353 2862 ad
384 2798 530 2872 invicem,
562 2807 595 2863 ut
621 2800 732 2864 iniuste
760 2799 855 2863 virum
883 2799 992 2865 iustum
1021 2800 1196 2864 occiderent
1223 2806 1254 2864 et

69 2909 225 2974 hereditate
239 2907 446 2974 sanctuarium
453 2909 509 2971 Dei
525 2908 725 2992 possiderent.
743 2909 782 2973 Et
793 2909 863 2993 quia
879 2909 978 2973 dolum
994 2910 1035 2996 d)
1053 2916 1255 2992 conceperant

12 3047 14 3070 ÷
71 3017 247 3102 iniquitatem
280 3017 420 3099 protinus
451 3023 643 3100 pepererunt.
691 3017 739 3082 Ne
771 3017 843 3101 quid
881 3023 981 3082 autem
1018 3038 1120 3081 eorum
1156 3017 1255 3082 fraudi

12 3097 14 3170 i
71 3127 197 3201 deesset,
226 3126 286 3190 sed
315 3125 418 3190 osculo
446 3126 601 3191 traderent
621 3125 714 3191 lilium
741 3126 888 3200 hominis,
916 3127 995 3193 sicut
1014 3127 1128 3200 ludas,
1156 3127 1255 3193 uultus

12 3171 16 3394 ὲ
70 3235 264 3321 deposuerunt
277 3235 404 3299 hostiles
418 3241 448 3299 et
459 3243 692 3320 preconceptam
705 3236 822 3301 diucius
834 3237 992 3310 maliciam,
1009 3256 1098 3321 quam
1115 3257 1256 3301 exercere

12 3395 13 3420 ᾖ
71 3367 120 3410 uon
139 3351 284 3430 poterant
306 3343 437 3417 inimici,
465 3345 601 3410 simulate
622 3345 708 3429 pacis
731 3354 762 3410 et
777 3345 916 3410 amicicie
938 3347 1049 3411 uellere
1071 3346 1254 3411 velaverunt.

72 3454 174 3540 Sicque
189 3457 221 3522 in
237 3455 430 3519 vestimentis
447 3454 546 3519 ouium
562 3455 624 3538 lupi
639 3473 766 3538 rapaces
783 3455 929 3520 intrantes
946 3456 1040 3528 ovile,
1064 3462 1257 3520 surrexerunt

12 3545 14 3578 '
73 3567 198 3647 protinus
214 3567 420 3648 impostorem
436 3571 467 3629 et
482 3565 671 3647 sanguinem,
688 3585 777 3650 quem
793 3565 948 3638 sicierant,
965 3564 1142 3629 effuderunt.
1171 3565 1210 3630 Et
1225 3571 1258 3630 ut

12 3651 13 3670 Χ
78 3677 190 3761 sanguis
224 3674 409 3757 sanguinem
448 3680 588 3756 tangeret
620 3680 650 3738 et
688 3673 815 3758 abyssus
849 3675 1004 3739 invocaret
1037 3673 1194 3758 abyssum,
1228 3675 1258 3738 in

15 1717 18 1795 l

73 3805 172 3870 corpus
187 3787 250 3850 iam
267 3783 403 3847 exanime
421 3783 584 3856 sevientes,
601 3789 769 3868 amputata,
798 3791 830 3848 ut
846 3784 971 3857 dicitur,
1000 3785 1064 3848 eius
1088 3785 1211 3849 dextera
1228 3793 1258 3849 et

12 3901 14 3946 t
73 3895 162 3978 eapite
179 3898 374 3967 detruncato,
391 3915 532 3959 coronam
550 3895 651 3965 etiam,
668 3915 756 3979 quam
774 3895 804 3958 in
826 3894 975 3958 clericalis
997 3893 1138 3958 indicium
1156 3895 1256 3977 digni-

12 4059 13 4086 3
74 4006 135 4069 tatis
151 4007 189 4071 ad
212 4005 418 4069 imitaoionem
435 4005 636 4087 apostolorum
658 4004 803 4086 principis
827 4004 1001 4076 deserebat,
1030 4003 1067 4068 ab
1090 4025 1148 4068 una
1171 4009 1256 4087 parte
1266 4015 1311 4056 Fet·
1320 4012 1376 4056 2⁹1³·

12 4109 13 4112 ’
75 4117 172 4198 capitis
188 4115 302 4199 gladiis
325 4121 529 4198 amputarunt,
559 4136 616 4179 non
633 4114 841 4186 ostendentes,
871 4114 952 4197 quod
974 4113 1005 4176 in
1027 4120 1116 4197 caput
1138 4115 1203 4177 eius
1228 4121 1258 4176 et

75 4245 169 4291 manus
197 4224 439 4311 unguentume)
462 4223 586 4288 effusum
619 4226 717 4288 fuerat
748 4222 938 4287 sanctissime
969 4223 1127 4288 unctionis.
1167 4224 1260 4288 Aliter

12 4335 13 4384 i
76 4336 154 4399 etiam
178 4335 379 4401 conciderunt
400 4354 510 4419 corpus
535 4335 598 4397 eius
621 4335 651 4397 in
673 4335 802 4407 frustra,
820 4334 904 4418 quasi
921 4333 1032 4397 vellent
1049 4333 1128 4417 quod
1145 4340 1260 4397 macta-

158 4466 191 4533 e)
217 4463 300 4516 ctiam
324 4461 507 4534 naehtragliclr
532 4461 786 4529 iibergescbrirben.
815 4490 843 4501 —
871 4459 904 4529 b)
933 4459 1050 4514 lacrimis
1080 4458 1149 4513 fehlt
1172 4459 1203 4513 v.
1228 4490 1257 4501 -

79 4551 105 4618 r)
117 4553 228 4625 llermip.
236 4554 265 4608 V.
277 4583 305 4593 -
315 4554 350 4623 ct)
357 4554 450 4606 besson·
463 4554 502 4608 als
516 4551 633 4606 dolorem
650 4553 783 4623 lrappsnb.
794 4585 822 4596 -
832 4554 864 4624 e)
878 4557 1021 4621 ungentum
1036 4553 1065 4608 V.
