3112 5118
249 267 256 276 ·
280 323 357 392 206

276 493 475 575 propinquum
503 490 681 571 expectabat
709 489 891 558 subsidium,
924 489 1039 551 devotis
1071 487 1231 551 affectibus
1262 488 1463 551 condolemus.

277 600 337 662 lsta
360 605 459 662 tamen
476 597 557 660 varia
581 598 731 659 relacione
748 597 882 677 perplexi
906 596 1030 658 credere
1048 595 1227 676 simpliciter
1239 595 1377 677 loquacis
1398 597 1468 657 fame

277 706 372 768 relatu
390 706 543 774 nolumus,
572 704 668 766 donec
693 723 784 784 super
807 702 866 763 biis
888 702 1018 771 veritas,
1047 721 1104 784 que
1122 703 1285 765 dubietatis
1301 702 1468 764 huiusmodi

278 813 413 875 turbines
431 811 542 880 abluat,
559 810 645 874 nobis
662 810 790 872 lucidior
806 808 935 890 patefiat.
965 810 1091 890 Propter
1108 810 1188 892 quod
1204 809 1333 873 latorem
1347 829 1469 890 presen-

279 921 370 989 cium,
387 926 419 983 ut
435 920 474 981 ad
490 939 544 980 nos
561 918 667 981 redeat
683 919 720 980 de
736 923 836 980 vestro
852 935 998 998 processu
1015 917 1128 980 utinam
1144 917 1226 978 felici
1242 918 1422 984 instructus,
1437 916 1470 978 ad

278 1032 410 1089 vestram
437 1025 626 1108 presenciam
657 1025 828 1106 specialiter
854 1024 1038 1106 providimus
1067 1024 1298 1094 destinandum,
1332 1029 1470 1106 rogantes

280 1138 426 1216 quatenus
443 1153 498 1214 per
515 1133 642 1197 eundem
659 1131 744 1195 anxie
761 1138 863 1195 nostre
880 1132 1051 1195 serenitatis
1069 1131 1232 1194 intrinseca
1249 1134 1414 1195 renovetis.

368 1294 415 1346 Die
428 1293 608 1346 franzdsisobe
620 1294 706 1346 Flotte
720 1309 774 1345 war
786 1309 827 1346 em
840 1293 884 1344 22.
900 1293 947 1345 liai
962 1291 1034 1346 1249
1053 1308 1104 1346 von
1125 1293 1183 1345 dem
1197 1293 1281 1344 llafen
1304 1310 1354 1346 von
1370 1292 1467 1344 bimas·

280 1385 321 1437 sol
347 1381 535 1452 ausgelaufen,
556 1382 638 1434 sebon
659 1383 726 1435 naob
749 1383 852 1453 einigen
872 1383 965 1452 Tagen
988 1381 1079 1436 wurde
1098 1384 1138 1434 sie
1153 1382 1256 1451 jedocb
1276 1400 1329 1434 von
1351 1383 1471 1436 Slirrmen

279 1472 456 1526 auseinander
480 1471 625 1540 gettieben.
654 1471 808 1536 (Willien'l,
823 1470 858 1524 93
873 1471 914 1542 ff.)
941 1472 997 1525 dus
1017 1470 1219 1526 dieNacbricbt
1243 1473 1354 1526 bicrvon
1378 1471 1468 1522 erliess

278 1561 432 1621 Friedrich,
454 1560 502 1612 der
520 1560 567 1613 mit
590 1560 697 1628 Ludwig
710 1561 752 1614 lx.
770 1561 943 1616 fcrtdauernd
964 1562 989 1613 in
1003 1564 1094 1629 gutem
1107 1561 1316 1614 Einvernebmen
1333 1560 1472 1630 gehlieben

282 1668 344 1712 war,
359 1667 456 1703 unsern
469 1650 550 1710 briei,
570 1649 618 1703 der
631 1651 760 1703 demnaeb
774 1655 840 1704 etwa
855 1653 887 1704 im
901 1653 961 1706 luni
977 1651 1154 1720 gesebrieben
1169 1652 1225 1704 sein
1240 1651 1313 1704 wird.

863 1946 898 2015 2.

628 2123 821 2203 imperatoris
838 2122 917 2185 lilius
934 2125 998 2202 regi
1013 2124 1126 2200 tnglle.

687 2279 766 2332 124⁷.
779 2279 898 2334 Februar
911 2280 978 2334 oder
990 2281 1069 2335 Maru.

283 2428 340 2481 Der
351 2426 436 2496 junge
454 2423 591 2488 ueiens,
616 2422 779 2478 maeticha
793 2425 829 2477 11.
843 2425 899 2477 uad
915 2425 1052 2480 Ieabelia'e
1066 2424 1148 2488 Solea,
1160 2424 1290 2492 aebreibt,
1305 2425 1437 2482 coeddam
1449 2445 1476 2480 er

279 2515 326 2570 die
353 2513 437 2585 Tacfe
460 2511 617 2584 ampfanqeo
640 2514 696 2567 ond
716 2531 773 2566 zum
799 2514 900 2586 Ko'nipe
927 2532 975 2568 coa
999 2514 1113 2569 Siciliae
1134 2515 1276 2586 cingerem
1298 2516 1352 2581 iet,
1382 2516 1477 2570 aeirem

282 2603 384 2666 0beim,
407 2604 464 2657 dem
487 2602 589 2674 Kdaiqe
607 2620 657 2656 con
675 2603 806 2674 Enpland,
827 2603 881 2656 den
899 2612 985 2658 meten
1000 2603 1082 2676 Brief
1094 2606 1151 2658 und
1167 2603 1321 2676 verepriebt
1342 2606 1388 2660 oei
1405 2613 1479 2677 puter

636 2689 805 2762 Gelepenbeit
816 2693 916 2748 wieder
929 2711 962 2746 zu
974 2691 1122 2749 cebreiben.

377 2834 548 2889 built-Brea.
563 2834 605 2896 vl,
621 2833 685 2888 504.

370 2978 403 3040 Si
431 2976 660 3058 magnificencie
689 2984 789 3040 vestre
816 2979 972 3061 bucusque
1004 3001 1063 3044 non
1094 2980 1289 3062 scripsimus,
1323 2982 1352 3042 si
1380 2987 1478 3045 nostre

277 3101 472 3165 progressum
487 3085 606 3146 fortune
619 3084 656 3148 ad
669 3091 800 3147 vestram
815 3087 954 3148 noticiam
968 3087 1007 3174 α)
1024 3089 1127 3169 segnis
1145 3087 1278 3152 osticium
1294 3089 1405 3152 calami
1422 3107 1478 3151 non

278 3190 437 3272 perduxit,
466 3190 492 3252 si
507 3196 678 3254 nostrorum
695 3198 782 3272 gesta
811 3211 1005 3256 successuum
1023 3195 1108 3257 stilus
1124 3195 1272 3258 hactenus
1302 3196 1478 3260 dictatorius

277 3316 339 3360 non
355 3298 522 3380 suggessit,
538 3317 630 3361 eausa
646 3300 713 3368 tuit,
730 3299 809 3380 quod
826 3298 911 3362 nobis
928 3299 959 3362 in
975 3303 1059 3364 annis
1076 3302 1217 3365 videlicet
1232 3306 1350 3367 teucris
1368 3301 1478 3367 consti·

279 3406 352 3468 tutis
369 3423 426 3467 nee
442 3405 555 3468 renatis
572 3406 670 3468 adbuc
687 3407 769 3468 tonte
786 3405 984 3488 baptismatis,
1009 3409 1080 3491 quid
1098 3416 1128 3472 et
1145 3410 1193 3472 cui
1209 3417 1316 3474 nostra
1334 3412 1479 3475 scriberet

276 3513 412 3575 infancia
429 3531 486 3574 nee
503 3513 677 3575 discernere
694 3517 813 3594 poterat
829 3533 885 3582 nee
903 3513 1029 3578 sciebat.
1052 3517 1138 3579 Nunc
1155 3522 1256 3579 autem
1273 3519 1392 3582 honore
1408 3517 1478 3583 tanti

285 3621 465 3682 sacramenti
482 3619 677 3700 solempniter
692 3619 844 3690 decorati,
866 3621 904 3683 ad
920 3641 1015 3685 annos
1032 3624 1128 3686 eciam
1144 3625 1272 3688 alicuius
1290 3627 1477 3708 cognicionis

280 3727 418 3796 adducti,
432 3745 509 3808 quos
532 3727 618 3789 nobis
635 3731 772 3808 gustatus
787 3743 871 3791 amor
885 3734 1010 3810 paterne
1033 3731 1202 3796 dilectionis
1220 3735 1286 3798 sive
1311 3733 1478 3797 dulcedinis

281 3851 378 3914 nuper
393 3833 468 3895 feeit
489 3834 636 3905 audaces,
666 3833 736 3895 dum
759 3853 812 3896 nos
829 3835 861 3896 in
876 3836 950 3900 solio
973 3857 1044 3908 suo,
1072 3843 1105 3902 ut
1126 3841 1181 3903 toti
1196 3861 1294 3922 regno
1311 3843 1428 3924 Sycilie
1443 3841 1478 3903 de

281 3941 519 4004 consiliariorum
544 3958 665 4003 suorum
689 3939 917 4021 disponeremus
949 3945 1086 4018 consilio,
1116 3949 1278 4014 ordinavit.
1319 3952 1478 4013 Presentes

281 4067 355 4111 vero
370 4047 455 4109 vobis
479 4053 580 4109 nostre
603 4047 796 4109 salutacionis
821 4048 923 4130 apices
940 4051 1125 4116 destinamus
1142 4062 1173 4119 et
1188 4057 1372 4140 frequenter
1388 4056 1480 4120 desti·

281 4153 419 4215 nabimus
434 4153 466 4215 in
493 4154 641 4223 futurum,
669 4155 814 4236 quociens
842 4161 873 4218 et
887 4176 988 4220 rerum
1016 4162 1144 4242 qualitas
1162 4164 1264 4245 exiget
1282 4173 1314 4230 et
1343 4185 1379 4228 se
1396 4163 1479 4228 nobis

283 4261 470 4340 oportunitas
488 4259 594 4322 offeret
611 4261 795 4324 nunciorum.

374 4403 566 4470 Erganzungen
586 4422 633 4458 aus
648 4405 862 4462 lluillard-Brib.
876 4409 918 4471 Vl,
938 4411 1000 4465 sot.
1027 4413 1093 4476 Regi
1113 4415 1264 4484 Anglorum
1283 4435 1332 4472 rex
1353 4417 1480 4473 Heuricus

284 4498 337 4548 ete.
352 4522 387 4532 —
400 4492 433 4562 α)
449 4493 472 4545 ei
486 4494 610 4562 nepotice
623 4495 763 4564 sospitatis
776 4503 883 4552 eventus
898 4499 930 4554 ad
943 4502 1066 4556 noticiam
1080 4509 1193 4560 vestram
1207 4512 1259 4562 etc.
