3100 5116
1185 347 1262 418 387

69 519 156 582 latera
172 524 277 582 nostra
294 520 495 584 circumdedit
510 521 718 592 incessanter,
746 523 776 584 id
802 522 900 585 animo
917 525 1020 584 nostro
1037 541 1144 586 revera
1163 522 1263 585 suavi·

72 625 135 689 tatis
163 627 267 691 arrisit
294 628 326 690 in
351 628 473 700 osculo,
501 628 532 691 id
554 629 700 692 immense
723 628 826 692 leticie
847 631 956 712 poculo
979 635 1082 694 nostra
1102 629 1262 712 precordia

70 735 247 810 fecundavit,
263 738 344 820 quod
357 737 438 800 inter
454 758 509 801 nos
523 744 553 802 et
565 758 632 812 vos,
645 739 675 800 in
688 758 776 823 quem
785 735 889 823 utique
901 739 1037 822 proavite
1052 739 1261 804 strennuitatis

67 846 290 929 magnanimitas
298 848 378 911 vires
388 853 419 912 et
425 848 541 912 animos
554 848 743 932 propagavit,
759 847 914 911 affinitatis
927 851 1023 912 amice
1036 849 1185 913 connubia
1192 855 1263 913 sunt

66 963 226 1030 contracta,
241 978 300 1042 que
314 958 436 1042 quidem
449 979 484 1021 co
498 956 763 1030 indissociabilius,
779 979 814 1022 eo
832 958 1044 1023 indiciunctius
1063 978 1184 1042 semper
1195 979 1261 1023 ser-

65 1088 128 1130 vare
140 1089 201 1132 non
214 1068 310 1131 solum
327 1067 381 1130 sed
398 1072 429 1130 et
446 1065 645 1131 corroborare
663 1066 860 1150 disponimus,
878 1089 936 1152 quo
954 1053 1026 1132 oum
1044 1068 1156 1150 inclyta
1172 1068 1260 1134 domo

65 1177 184 1241 llaneie
198 1178 316 1241 couniri
329 1175 559 1240 desiderabilius
573 1175 767 1240 delectat.De
779 1175 879 1248 nobis,
892 1177 1165 1261 quesumus,igitur
1176 1179 1261 1262 regia

69 1287 209 1350 celsitudo
227 1285 338 1350 fiducie
354 1285 498 1369 plenioris
515 1307 550 1348 ex
566 1285 722 1349 literarum
739 1290 908 1350 nostrarum
925 1285 1065 1349 affatibus
1083 1292 1260 1368 argumenta

68 1396 218 1480 suscipiat,
236 1396 316 1482 quod
332 1397 363 1459 in
380 1395 655 1482 opportunitatibus
665 1395 751 1460 vobis
768 1401 870 1460 nostra
887 1396 1056 1461 sollicitudo
1074 1417 1133 1460 non
1149 1396 1258 1469 deerit,

50 1509 113 1570 *scd
139 1507 177 1571 ad
206 1512 335 1579 cuncta,
363 1526 422 1589 que
444 1504 530 1570 vobis
561 1506 669 1570 honori
697 1526 821 1570 cessura
847 1507 1036 1577 noverimus,
1065 1527 1098 1570 se
1121 1504 1257 1569 officiose
1268 1519 1346 1559 tol-⁸⁷
1356 1533 1375 1560 e·

63 1617 225 1682 benivolam
242 1621 273 1680 et
289 1617 455 1679 ultroneam
472 1613 633 1680 exhibebit.

152 1744 188 1797 Es
201 1743 272 1796 hana
285 1743 346 1797 hier
358 1759 409 1796 nur
425 1742 469 1796 die
481 1739 715 1798 Vernandtschalt
731 1742 848 1812 gerneint
865 1741 933 1804 sein,
952 1741 996 1795 die
1016 1740 1148 1796 zwiscben
1161 1739 1260 1796 Rudoli

64 1832 110 1887 und
129 1833 236 1905 Philipp
260 1835 304 1888 lll.
331 1849 381 1889 von
407 1832 570 1888 Franlireich
593 1832 678 1888 durch
704 1832 827 1889 audeus
853 1833 1105 1904 Versehwhgerung
1129 1833 1177 1887 mit
1199 1831 1258 1887 dem

68 1923 151 1979 Oheim
168 1923 300 1994 Philipp’s
320 1923 374 1985 111,
396 1924 458 1977 Karl
481 1941 533 1978 von
553 1923 650 1993 llnjou,
671 1924 804 1979 entstand.
831 1924 921 1979 Schon
941 1924 1047 1992 Gregor
1064 1927 1095 1978 X.
1120 1923 1258 1979 wduschte

66 2015 96 2070 im
109 2017 246 2071 Interesse
265 2014 313 2068 des
326 2015 499 2084 heusnuges
518 2014 559 2068 eiu
578 2013 710 2068 Btiudnlss
724 2013 845 2068 Rudolts
863 2015 910 2068 mit
923 2014 1029 2085 Philipp
1043 2014 1097 2079 lll.,
1115 2015 1168 2068 und
1187 2017 1257 2070 auch

67 2109 108 2162 nil
127 2107 277 2160 Rhcksicht
304 2105 404 2161 darauf
423 2106 588 2160 veranlasste
617 2123 647 2160 er
669 2105 713 2158 dio
736 2106 891 2176 Verlobung
913 2121 965 2159 von
991 2103 1114 2160 Rudoll's
1136 2106 1256 2160 Tochlor

68 2199 128 2252 Gula
146 2198 192 2255 mit
210 2199 272 2252 dem
285 2198 369 2251 Euhel
382 2197 469 2252 Karl’s
487 2214 538 2252 von
550 2197 638 2268 Anjou
657 2197 741 2252 sehon
762 2198 810 2251 auf
826 2197 886 2253 dem
900 2197 992 2253 Concil
1007 2216 1038 2251 zu
1052 2199 1126 2270 hyon
1141 2196 1256 2270 (1274).

70 2290 142 2347 lliese
166 2291 323 2361 Verlobung
347 2289 420 2343 hatte
445 2288 522 2343 hcine
555 2289 655 2360 Folgeu
683 2289 736 2342 und
762 2290 853 2360 sptlter
878 2289 1026 2345 heirathete
1052 2291 1146 2346 Guta’s
1172 2269 1255 2345 tillere

52 2429 54 2432 ,
70 2381 215 2438 Sehvester
229 2381 374 2437 Clementia
383 2378 465 2451 jeuen
478 2379 562 2433 Eukel
576 2379 665 2434 llarl’s
679 2378 792 2452 (1280).
878 2391 881 2398 '

620 2553 683 2624 39.

164 2713 334 2794 lmperstor
350 2714 436 2788 roget
454 2709 612 2789 rellglesos
630 2711 709 2792 qud
726 2730 781 2792 pro
799 2728 834 2774 ee
852 2712 889 2773 ad
905 2711 996 2775 heum
1013 2720 1148 2777 exorent.

185 2852 276 2924 deniq
288 2853 395 2925 liudolf
403 2850 535 2924 empfiehlt
547 2850 606 2908 sich
620 2851 672 2905 deo
689 2852 803 2906 ueoeten
814 2852 945 2924 fronomer
961 2851 1128 2908 Geistlicher.

149 2980 276 3043 Gerbort,
290 2979 317 3043 1,
328 2978 373 3032 23.

150 3107 305 3190 desumpti
328 3106 470 3170 divinitus
493 3107 531 3169 ad
553 3106 677 3171 Romani
700 3107 818 3190 imperii
836 3106 995 3190 dirigenda
1011 3107 1162 3170 molimina
1186 3106 1257 3170 dum

68 3217 94 3278 in
110 3217 267 3283 eminentis
285 3218 409 3300 specule
426 3214 617 3287 celsitudine,
635 3216 684 3279 cui
707 3237 761 3279 nos
784 3236 889 3279 manus
902 3216 1021 3280 llomiui
1037 3215 1169 3280 virtuose
1186 3236 1257 3299 pre-

68 3327 144 3398 fecit,
162 3330 201 3392 ad
220 3327 361 3392 deorsum
378 3324 564 3389 subiacentis
587 3323 689 3408 abyssi
707 3325 815 3388 faeiem
830 3325 933 3388 oculos
949 3329 1169 3410 retorquemus,
1187 3326 1257 3389 dum

68 3435 203 3501 incultum
219 3438 365 3500 haetenus
385 3455 490 3516 agrum
511 3435 645 3497 eiusdem
662 3433 779 3517 imperii
796 3437 1030 3520 circumquaque
1046 3436 1256 3518 prospicimus,

68 3550 272 3628 tempestatum
294 3544 519 3625 insurgencium
543 3543 691 3606 densitate
715 3545 849 3627 quotidie
873 3545 1102 3627 sylvescentem,
1127 3545 1258 3628 quodam
1315 3543 1317 3546 ’

69 3655 197 3718 nimirum
221 3655 328 3718 timore
349 3653 464 3736 pariter
488 3657 518 3716 et
539 3658 670 3716 tremore
688 3653 880 3725 demittimur,
905 3676 940 3719 ex
962 3655 1118 3740 premissis
1142 3656 1258 3721 incerta

69 3764 220 3828 tormidine
237 3764 345 3826 merito
362 3762 560 3845 trepidantes.
595 3764 722 3834 Verum,
745 3763 866 3827 reiectis
889 3765 1038 3828 interdum
1055 3765 1093 3828 ad
1108 3767 1257 3849 primitive

69 3877 161 3934 nostre
179 3871 405 3936 sublimacionis
422 3870 558 3953 auspicia
574 3878 676 3935 nostre
694 3871 951 3937 consideracionis
975 3873 1141 3945 obtutibus,
1159 3881 1258 3939 atten-

70 3979 165 4045 dentes
183 3981 264 4066 quod
281 4000 386 4044 manus
397 3980 543 4044 Altissimi
560 3980 598 4043 de
615 3986 676 4044 tarn
693 3981 813 4045 humilis
829 3980 889 4045 loci
905 3981 1025 4064 tugurio
1042 3983 1080 4046 ad
1097 3990 1158 4047 tam
1175 3986 1258 4049 celsa

69 4087 180 4174 fastigia
198 4090 241 4178 a)
265 4111 320 4153 nos
345 4089 499 4172 provexit,
524 4089 554 4153 in
578 4111 634 4160 eo,
657 4089 742 4153 cuius
767 4091 942 4154 admiranda
963 4092 1105 4175 potencia
1128 4092 1181 4156 dat
1201 4114 1259 4176 per

68 4200 191 4277 graciam
215 4220 284 4262 esse
302 4198 441 4271 stabilia,
469 4218 528 4282 que
551 4205 620 4263 sunt
642 4199 761 4281 fragilia
776 4220 831 4282 per
847 4207 1000 4272 naturam,
1029 4206 1131 4266 nostre
1148 4201 1257 4267 liduoie

70 4327 144 4389 spem
159 4309 304 4378 locamus,
321 4313 531 4389 presumentes
547 4307 737 4382 fiducialiter,
752 4309 831 4394 quod
844 4330 929 4393 opus,
943 4312 1023 4394 quod
1036 4311 1257 4394 omnipotenoie

71 4435 116 4478 sue
142 4417 308 4480 dinoscitur
343 4411 488 4480 ineffabili
516 4416 748 4500 dispensacione
784 4423 970 4491 contextum,
1006 4418 1087 4483 felici
1115 4423 1257 4505 presagio

149 4563 181 4626 a)
197 4560 314 4630 vestigia
327 4561 356 4615 V.

982 4656 1039 4710 25·
