3132 5126
290 283 315 356 8

285 459 396 525 salutat
413 479 515 525 omnes
533 463 665 544 prelatos
680 460 840 525 interiores
859 462 1015 546 utriusque
1031 481 1132 535 serus,
1147 460 1290 525 videlicet
1304 460 1529 544 prepositos,

282 569 410 633 abbates
428 570 601 652 simplices,
618 570 726 653 positis
743 571 912 636 nominibus
931 571 1111 654 dignitatum
1127 575 1158 635 et
1174 569 1350 634 officiorum.

375 679 514 745 Clerioos
535 679 695 766 simplices
710 682 758 745 sic
773 682 909 746 solidat:
934 680 966 743 F.
984 680 1041 743 Dei
1063 679 1173 761 gratia,
1189 685 1222 744 ut
1245 697 1346 761 supra,
1375 677 1526 741 dilecto

282 789 389 854 devoto
406 809 460 855 suo
477 790 541 852 uiro
557 788 723 854 honorabili
734 791 780 853 uel
800 791 940 872 prudenti
956 791 1003 854 uel
1023 791 1150 854 seientia
1167 790 1309 854 adornato
1327 788 1524 856 canonico,

280 899 408 983 plebano
424 901 471 963 uel
488 900 649 964 scolastico
665 900 734 964 talis
751 901 820 974 loci,
838 902 930 964 etsie
947 902 984 964 de
1001 899 1226 983 aliisgratiam
1243 918 1329 963 suam
1346 904 1378 961 et
1403 917 1523 962 omne

282 1009 404 1074 bonum.
1156 1077 1160 1086 ,

374 1121 530 1198 Quomodo
552 1125 727 1209 imperator
742 1146 850 1190 omnes
865 1128 975 1210 laycos
991 1127 1129 1190 salutat:
1153 1121 1303 1184 Romanus
1319 1120 1516 1202 imperator

280 1229 326 1292 vel
342 1231 553 1330 'Romanorum
580 1252 632 1294 rex
659 1233 703 1296 sic
733 1233 839 1297 scribit
866 1233 1038 1319 imperatori
1073 1227 1432 1311 Constantinopolitano:
1474 1229 1514 1292 F.

281 1337 339 1400 Dei
362 1339 458 1421 gratia
486 1339 570 1402 Rom
600 1360 652 1403 rex
681 1347 711 1404 et
733 1362 854 1424 semper
874 1348 1022 1422 augustus
1043 1340 1212 1406 Jerusalem
1239 1343 1270 1401 et
1292 1336 1412 1420 Sycilie
1450 1357 1515 1400 rex
1553 1399 1559 1418 Ἰ

280 1446 439 1528 magnifico
471 1447 601 1531 principi
632 1455 663 1512 et
690 1451 797 1515 illustri
831 1452 887 1514 Ilei
921 1457 990 1533 grat
991 1451 1019 1514 ia
1057 1445 1388 1529 Constantinopolitano
1428 1445 1514 1528 regi

281 1557 407 1620 salutem
425 1563 455 1620 et
470 1559 681 1640 prosperitatis
699 1560 863 1624 obtentum.
887 1599 931 1610 -
954 1557 1302 1641 constantinopolitanus
1325 1557 1510 1620 rescribit:

278 1664 312 1726 l.
330 1666 387 1729 Dei
415 1666 512 1747 gratia
535 1667 855 1752 Constantinopolitani
879 1670 966 1751 regui
988 1669 1113 1751 angelus
1137 1674 1168 1731 et
1189 1686 1310 1749 semper
1335 1673 1508 1747 augustus
1544 1731 1552 1741 ,

281 1773 391 1839 dilecto
419 1781 449 1839 et
481 1775 588 1839 illustri
621 1777 751 1860 principi
778 1779 811 1842 F.
836 1778 892 1842 Dei
927 1778 1024 1861 gratia
1057 1776 1182 1841 Romani
1216 1774 1303 1856 regni
1336 1772 1508 1838 advocato
1554 1823 1556 1830 ,

183 1933 185 1936 .
280 1883 407 1947 salutem
430 1890 460 1946 et
482 1904 569 1947 omne
591 1885 774 1950 bonum.-
791 1887 844 1951 Sic
862 1888 998 1952 scribunt
1015 1909 1048 1950 se
1065 1891 1166 1950 mutuo
1183 1883 1227 1947 hii
1245 1882 1302 1946 duo
1319 1901 1414 1964 reges
1437 1905 1503 1946 seu
1552 1957 1559 1984 Ρ

198 1990 493 2075 ...imperatores
521 1992 563 2056 ita
591 1995 671 2078 quod
699 2015 820 2078 semper
842 1998 962 2061 mittens
986 2015 1114 2079 persona
1138 1993 1277 2076 proponit
1299 2012 1332 2054 se
1355 1991 1386 2054 in
1406 1993 1506 2056 salu-

277 2099 391 2165 tatione
408 2122 444 2164 er
461 2101 589 2186 quadam
605 2106 788 2186 arrogantia

363 2213 465 2300 Repes
481 2213 688 2299 simplices
657 2236 705 2279 soc
719 2217 791 2279 salo
770 2222 860 2282 srt:ot
878 2213 935 2297 Qui
948 2235 1006 2277 non
1020 2214 1110 2279 sunt
1101 2211 1236 2296 imperii:
1250 2211 1320 2276 Viro
1332 2211 1447 2274 inclito
1466 2217 1541 2276 et.

274 2319 381 2386 illustri
397 2321 454 2385 Dei
470 2321 569 2402 gratia
585 2323 637 2386 tali
653 2323 720 2404 regi
737 2324 880 2397 Fraude,
897 2325 1002 2407 Anglie
1018 2325 1065 2386 uel
1081 2322 1282 2406 HyspanieF.
1300 2320 1357 2383 Dei
1374 2323 1542 2402 gratia,

274 2433 442 2513 utsupra
471 2431 589 2494 sincere
619 2431 787 2496 dilectionis
816 2435 1016 2498 constantiam
1045 2437 1075 2496 et
1103 2431 1254 2496 allectum
1289 2430 1343 2495 Sic
1372 2433 1498 2497 salutat

274 2558 376 2601 omnes
393 2559 482 2620 reges
500 2546 530 2603 et
545 2541 698 2624 principes
715 2543 880 2615 seculares,
897 2543 948 2627 qui
965 2563 1024 2606 non
1041 2542 1192 2606 subsunt
1184 2539 1321 2622 imperio,
1338 2539 1428 2622 ipsos
1458 2542 1492 2603 in
1534 2529 1535 2532 ¹

1536 2063 1559 2111 ιι

1536 2173 1559 2222 ι

1533 2263 1559 2337 br

1536 2393 1559 2444 ιι

1528 2504 1559 2556 ιι

1507 2619 1549 2665 ι

168 2641 169 2645 ’
274 2646 454 2711 salutatione
481 2651 699 2733 postponendo
732 2651 793 2714 Eos
822 2659 937 2725 autem,
961 2653 1010 2737 qui
1034 2651 1163 2716 subsunt
1150 2649 1330 2731 timperio,
1372 2651 1460 2714 salut
1462 2652 1532 2718 at

275 2754 335 2818 sic:
354 2757 386 2820 F.
406 2757 463 2821 Dei
480 2759 589 2840 gratia,
606 2765 640 2822 ut
656 2779 758 2841 supra,
776 2760 840 2823 viro
857 2761 960 2824 inclito
979 2767 1009 2825 et
1021 2760 1122 2823 fideli
1114 2780 1233 2842 smperu
1226 2758 1358 2823 dilecto
1374 2758 1494 2824 devoto
1522 2708 1559 2790 ll

275 2887 330 2930 suo
349 2866 383 2931 0.
399 2868 455 2931 [lei
472 2867 570 2950 gratia
586 2869 785 2932 Bohemorum
803 2871 870 2951 regi
887 2857 916 2933 et
933 2871 1080 2935 similibus
1099 2867 1227 2952 gratiam
1246 2887 1330 2931 suam
1347 2874 1378 2931 et
1394 2865 1528 2941 omne,¹

275 2975 395 3040 bonum.
430 2979 483 3042 sio
512 2979 622 3042 salutat
650 2999 752 3042 omues
781 2999 870 3061 reges
900 2989 930 3044 et
958 2981 1131 3062 principes
1129 2978 1294 3042 seculares
1326 2976 1452 3042 subiect
1438 2983 1491 3042 tos
1506 2853 1559 3037 'lll

276 3084 413 3166 imperio
1516 3050 1551 3172 l*

365 3198 495 3263 Nobiles
516 3205 615 3263 extra
633 3199 802 3285 principes
827 3201 874 3265 sic
889 3198 1028 3264 salutat:
1054 3175 1169 3263 Omnes
1192 3196 1308 3261 nobiles
1331 3198 1426 3274 alios,
1451 3206 1489 3264 ut
1527 3172 1559 3228 uo

276 3305 413 3379 comites,
430 3305 559 3369 barones
576 3305 674 3378 liberi,
691 3307 845 3388 principes
863 3313 893 3371 et
905 3308 1017 3371 similes
1032 3308 1110 3372 salut
1111 3313 1142 3371 at
1098 3306 1299 3390 tsimplicit
1301 3328 1333 3370 er
1287 3309 1489 3373 tvocando
1525 3289 1559 3401 ll

276 3435 327 3476 eos
340 3416 420 3478 uiros
434 3415 562 3486 nobiles,
579 3416 705 3479 dilectos
728 3415 851 3480 devotos
865 3438 936 3481 suos
950 3417 1079 3500 gratiam
1096 3437 1181 3482 suam
1198 3423 1228 3480 et
1245 3437 1333 3480 omne
1357 3415 1486 3482 bonum.
1521 3392 1553 3455 l*

368 3527 527 3604 Quomodo
550 3527 618 3589 mile
613 3527 667 3590 tes
695 3534 726 3590 et
749 3528 880 3592 clientes
901 3550 1000 3616 osque
1022 3529 1068 3591 ad
1091 3550 1200 3592 servos
1222 3527 1316 3615 plebe
1339 3531 1487 3594 salutet:
1501 3497 1556 3567 lo

275 3634 445 3698 Militeset
472 3634 596 3696 clientes
625 3654 723 3717 usque
750 3635 788 3697 ad
816 3657 920 3698 seruos
949 3636 1080 3717 appellat
1112 3635 1277 3718 imperator
1304 3623 1530 3718 simpliciter
1523 3610 1559 3684 ll

276 3744 404 3809 dilectos
421 3742 525 3806 fideles
543 3743 632 3807 dcvot
619 3748 667 3807 tos
685 3763 765 3806 suos.
1518 3729 1559 3800 ιι

364 3851 535 3916 Notandum
563 3858 680 3926 autem,
708 3855 788 3937 quod
816 3854 980 3935 imperator
1001 3854 1047 3916 vel
1070 3875 1122 3917 rer
1143 3854 1343 3918 Romanorum
1366 3855 1484 3919 nullum
1523 3834 1558 3904 ll

275 3963 406 4044 appellat
427 3961 569 4025 dilectum
592 3961 732 4025 devotum
754 3964 799 4025 vel
821 3962 938 4025 fidelem
961 3962 1079 4044 imperii
1102 3943 1172 4025 sive¹
1188 3963 1318 4026 clericus
1346 3962 1386 4024 sit
1416 3964 1484 4027 sive
1523 3960 1558 4050 ιι

273 4071 396 4152 laycus,
413 4069 621 4153 cuiuscunque
638 4070 751 4133 fuerint
768 4070 972 4143 condicionis,
989 4070 1047 4133 uisi
1065 4091 1133 4134 eum
1150 4071 1201 4154 qui
1225 4077 1344 4153 spectat
1367 4071 1405 4134 ad
1423 4073 1484 4136 im·
1523 4065 1555 4130 ιι

274 4179 393 4263 perium
409 4179 473 4244 iure
489 4179 651 4254 rasallatus
669 4179 718 4266 ιι).
1342 4195 1345 4205 ·
1520 4169 1559 4246 bl

365 4290 547 4375 Imperator
572 4289 791 4376 imperatrici:
829 4289 861 4352 F.
879 4287 936 4351 Dei
963 4288 1077 4370 gratia,
1105 4295 1138 4352 ut
1166 4307 1273 4370 supra,
1302 4290 1413 4353 dilecte
1443 4313 1480 4355 ac
1522 4286 1548 4352 ιι

272 4398 377 4462 inclite
412 4397 545 4461 consorti
580 4418 635 4462 sue
667 4399 866 4463 Romanorum
904 4396 1088 4480 imperatrici
1125 4404 1156 4463 et
1187 4399 1306 4480 semper
1337 4406 1480 4480 auguste,
1518 4393 1559 4493 llup

371 4525 406 4592 a)
426 4524 562 4580 ιιιιιιιιι
575 4525 605 4580 v.
1518 4492 1559 4616 lp

1519 4621 1559 4714 epm
