3108 5118
678 503 737 571 13.

350 680 594 762 lrcblopiscopas
613 680 933 744 111111111111111111
950 699 1041 763 pape.

537 840 616 895 1273.
632 842 705 896 Ende
720 842 847 896 October.

91 982 258 1055 Erzbiecbof
273 985 412 1055 Enpeldert
429 1004 478 1040 con
498 986 563 1039 coln
582 987 651 1058 aeipt
671 987 774 1059 Grepor
792 989 824 1040 X.
844 985 889 1041 die
908 987 986 1040 Walrl
997 988 1053 1040 und
1065 987 1194 1055 1(νό111119
1210 983 1295 1055 1111119

85 1073 218 1145 liudolfo
232 1092 285 1140 on,
310 1074 383 1128 111111
404 1093 447 1129 um
470 1075 642 1147 Beetdlr'punq
663 1077 802 1132 daraelbert
815 1078 872 1131 aad
892 1094 937 1131 um
955 1075 1097 1147 Berufunp
1110 1073 1236 1145 Rudoll'o
1248 1093 1295 1128 zur

600 1165 791 1222 Koirerlrrone.

184 1309 256 1361 Mon.
271 1309 359 1363 Germ.
374 1310 399 1373 1,
413 1309 475 1364 393.
486 1312 559 1382 nach
573 1310 653 1364 Gerb.
669 1311 694 1374 1,
708 1311 732 1363 3.
750 1341 777 1350 -
795 1311 897 1365 Stobbe
912 1328 952 1363 no.
968 1308 1164 1364 1871111113.

186 1457 279 1520 nuxit
294 1457 441 1522 hacteuus
459 1462 489 1520 et
507 1457 641 1541 elanguit
663 1464 761 1531 terra,
786 1459 928 1521 confusus
951 1461 1016 1520 erat
1032 1457 1165 1521 Libanus
1184 1459 1297 1518 11111-

89 1564 186 1628 debat
204 1603 249 1612 —
266 1566 320 1629 sed
346 1586 419 1629 ecce
436 1587 527 1631 verna
544 1570 724 1651 temperies,
750 1573 781 1630 ct
798 1567 835 1630 de
852 1573 932 1630 terre
949 1566 1117 1630 visceribus
1134 1564 1214 1627 bone
1232 1564 1297 1646 spei

87 1673 230 1756 gramina
243 1676 441 1740 revirescunt.
459 1677 493 1739 ln
507 1679 685 1758 sanguinem
699 1679 778 1741 enim
790 1678 899 1762 priscis
913 1677 983 1740 luna
994 1697 1082 1740 versa
1099 1674 1297 1758 temporibus,

87 1783 219 1866 vigilare
250 1789 388 1866 pastores
423 1790 452 1847 11
483 1805 575 1867 super
598 1806 709 1867 greges
735 1806 805 1848 snos
830 1792 992 1849 nocturnas
1023 1805 1145 1847 servare
1178 1782 1297 1867 vigilias

86 1892 220 1956 comode
245 1893 453 1976 nequiverunt.
487 1894 574 1957 Nunc
599 1901 701 1958 autem
725 1896 782 1958 hoc
807 1901 942 1980 tempore
959 1895 1153 1959 tenebrarum
1171 1894 1297 1957 densata

89 2003 245 2085 caligine,
268 2004 349 2067 velut
366 2010 502 2067 emortua
518 2005 600 2067 sacta
616 2004 673 2068 suit
689 2025 746 2068 nox
762 2005 950 2087 periculosa,
974 2005 1063 2087 plena
1080 2003 1297 2074 discriminum,

89 2114 124 2175 in
152 2131 212 2195 qua
236 2113 412 2176 catervatim
438 2112 512 2176 silve
536 2112 634 2176 bestie
659 2113 855 2184 transierunt,
878 2114 997 2177 leonum
1022 2113 1114 2177 catuli
1131 2113 1298 2194 rugientes,

86 2228 122 2286 ut
147 2226 293 2304 raperent
321 2221 500 2285 innocentes
511 2220 549 2308 ¹),
582 2223 622 2285 ad
646 2221 850 2286 devorandum
880 2222 995 2304 parati,
1028 2227 1061 2284 ut
1083 2241 1184 2284 escam
1211 2221 1297 2302 panis

88 2350 263 2414 pauperes,
289 2330 345 2392 Dei
374 2336 404 2393 11
431 2331 585 2394 hominum
612 2331 789 2394 reverencia
819 2331 986 2413 ultrajecta.
1025 2331 1118 2394 Hoste
1149 2329 1299 2414 siquidem

88 2441 179 2523 pacis
205 2439 341 2523 antiquo,
365 2445 517 2522 serpente,
545 2441 595 2524 qui
620 2460 720 2504 morsu
744 2440 888 2523 pestifero
915 2439 1019 2503 dulces
1044 2439 1155 2523 ubique
1179 2438 1299 2502 molitur

87 2549 261 2612 amaricare
286 2548 411 2612 delicias
435 2549 580 2631 paradisi,
604 2549 729 2612 Romani
747 2554 859 2612 statum
884 2548 1012 2630 imperii,
1038 2548 1106 2612 clim
1129 2547 1299 2632 tranquilli-

87 2663 154 2722 tate
171 2656 301 2740 pacifica
329 2657 488 2726 floridum,
519 2657 571 2721 diu
600 2658 683 2720 duris
710 2657 949 2741 inquietudinum
978 2657 1092 2721 malleis
1120 2657 1297 2740 impetente,

88 2773 191 2832 status
219 2767 286 2849 ipsc
314 2765 522 2848 corrupcionis
558 2767 671 2829 1111111
703 2767 826 2829 vulnera
857 2765 998 2847 pertulit,
1031 2771 1063 2828 et
1095 2766 1234 2829 accensis
1267 2767 1298 2828 in

90 2875 240 2940 cordibus
257 2875 409 2938 bominum
433 2875 555 2956 ignibus
574 2875 719 2946 odiorum,
745 2895 802 2956 pax
825 2874 898 2936 inibi
922 2875 1031 2958 periit,
1049 2874 1175 2938 bellicus
1192 2875 1299 2939 horror

89 2984 230 3057 invaluit,
254 2991 360 3048 elnon
377 2985 472 3047 solum
490 2983 617 3064 contigit
641 2984 722 3046 illum
740 2983 878 3046 civilibus
893 2984 992 3057 bellis,
1018 2984 1071 3047 sed
1090 2985 1186 3048 eciam
1203 2985 1299 3048 intes-

91 3098 167 3159 tinis
191 3093 410 3177 quodammodo
434 3093 563 3156 letaliter
586 3091 726 3156 sauciari.
760 3092 870 3156 Verum
893 3093 1051 3157 miserator
1075 3100 1105 3158 et
1121 3095 1297 3158 misericors

92 3202 244 3266 Dominus
261 3201 313 3286 a),
338 3203 544 3285 superomnia
571 3207 678 3266 tenens
707 3202 865 3284 imperinm
882 3203 912 3264 in
930 3204 1076 3273 excelsis,
1106 3203 1154 3266 cui
1171 3222 1298 3286 parcere

92 3317 266 3396 promptum
291 3316 338 3373 est
363 3315 393 3372 ct
416 3310 570 3392 proprium
593 3311 741 3384 misereri,
765 3311 838 3374 licet
862 3313 900 3373 ad
918 3311 1101 3394 expiaciunis
1119 3311 1298 3375 exercicium

92 3421 237 3506 paciatur
260 3420 409 3483 interdum
436 3420 531 3502 affligi
559 3420 664 3483 fideles
682 3421 882 3485 -nesciens
910 3430 1011 3485 tamen
1035 3423 1065 3484 in
1087 3421 1299 3504 indignacione

95 3529 297 3594 clemenciam
313 3529 479 3599 continere,
504 3534 535 3592 11
552 3549 645 3612 super
661 3536 774 3593 sortem
790 3529 968 3592 hereditatis
986 3551 1040 3593 sue
1057 3530 1172 3611 virgam
1188 3530 1299 3613 iniqui·
1401 3591 1404 3597 .

94 3639 170 3703 tatis
186 3657 246 3701 non
263 3655 357 3719 usque
374 3637 413 3700 ad
437 3637 588 3701 interitum
613 3637 814 3720 derelinquat,
839 3638 893 3701 sed
918 3658 986 3702 eum
1008 3639 1207 3720 percusserit,
1232 3659 1300 3703 mox

95 3748 254 3831 propicius
272 3746 443 3810 consolator
465 3746 644 3830 exurgit-
662 3768 697 3810 ex
721 3746 772 3810 alti
789 3746 854 3829 jam
875 3747 922 3810 sui
943 3745 1150 3810 ineffabilitate
1182 3746 1300 3811 consilii

98 3857 225 3921 summis
241 3857 301 3918 ima
318 3855 493 3928 concilians,
510 3856 575 3918 dies
596 3857 690 3918 malos
710 3855 905 3920 abbreviasse
930 3856 1059 3928 videtur,
1084 3855 1298 3920 irradiantibus

96 3970 209 4034 celitus
225 3965 383 4050 splendido
399 3967 474 4029 lucis
491 3986 568 4029 nore
585 3965 776 4048 lampadibus
793 3967 961 4030 claritatem
983 3966 1034 4052 b).

191 4077 327 4145 Vacante
339 4075 487 4158 siquidem
499 4073 685 4156 iampridem
697 4074 834 4158 imperio,
847 4095 884 4138 nc
898 4075 943 4138 sic
951 4074 1071 4138 diucius
1088 4073 1301 4137 aberraremus

99 4188 256 4271 acephali,
291 4186 369 4268 apud
397 4186 487 4247 talem
514 4185 630 4256 locum,
659 4185 708 4246 dic
736 4185 775 4246 ad
802 4185 861 4246 boc
889 4185 927 4248 ab
957 4183 1096 4246 omnibus
1126 4182 1241 4246 indicta
1269 4187 1302 4244 11

195 4352 230 4420 a)
243 4351 317 4404 Deus
329 4351 356 4402 Z.
370 4377 406 4387 -
420 4348 452 4415 l)
468 4348 615 4400 claritatum
636 4347 665 4399 V.

101 4469 432 4484 ...-..-——-————--

126 4535 149 4595 ¹)
166 4534 249 4592 Vcrgl.
262 4547 285 4589 p.
298 4531 417 4575 31111111
429 4530 520 4586 quidem
532 4529 582 4574 111.
