3100 5116
1185 323 1261 396 385

61 519 95 560 eo
111 497 315 580 largicionum
333 498 506 584 amplificati
523 501 679 566 beneficiis
697 502 890 566 othonorum
907 495 1100 580 prerogativa
1117 495 1222 569 dotati,
1240 497 1266 561 si

62 606 183 669 demum
212 605 243 668 in
270 609 322 670 tue
338 607 596 674 consideracionis
620 610 734 675 trutina
762 607 959 695 appenderis,
994 612 1140 691 quantum
1165 608 1266 670 locum

61 714 215 792 disepetus
233 714 279 778 vir
292 715 329 779 N.
348 715 403 779 tibi
420 722 451 780 et
468 718 598 784 ecclesie
613 724 666 783 tue
682 720 713 784 iu
729 719 815 784 curia
831 723 935 782 nostra
951 715 1083 794 tenuerit
1099 717 1146 803 o).
1159 714 1267 780 hacto-

62 845 120 888 nus
138 827 171 887 et
188 822 289 888 adhuc
305 831 417 889 tenere
425 829 537 912 poterit
554 828 583 893 in
599 830 743 901 futurum,
760 829 896 913 profecto
913 847 973 889 nou
997 824 1144 907 ambiges,
1168 843 1268 907 neque

63 931 226 998 vacillabis
245 937 277 996 ut
293 932 415 1007 dubius,
435 937 508 1019 quin
526 937 564 1002 ad
576 939 801 1022 promocionem
818 936 914 1022 ipsius
931 933 1119 1017 expluribus
1136 932 1268 997 racioni-

59 1043 120 1106 bus
137 1041 284 1106 tenearis.
317 1043 438 1108 Nullum
455 1050 556 1108 autem
573 1046 614 1130 b)
631 1045 819 1110 consuetudo
836 1043 952 1128 imperii
968 1045 1054 1113 latet,
1071 1042 1165 1125 quod,
1189 1042 1268 1106 sicut

59 1150 176 1214 nostris
193 1150 474 1234 predecessoribus,
495 1154 572 1219 divis
589 1153 629 1241 e)
643 1157 844 1219 Romanorum
860 1151 996 1236 regibus,
1025 1151 1069 1215 sic
1093 1155 1123 1214 et
1146 1150 1234 1215 uobis
1251 1172 1269 1214 a

60 1259 253 1344 quibuslibet
279 1260 405 1345 prelatis
433 1263 651 1328 ecclesiasticis
680 1264 769 1328 unius
796 1283 925 1346 persone
954 1259 1086 1346 provisio
1111 1258 1267 1323 debeatur.

60 1368 280 1452 Propterquod
291 1371 497 1434 necessarium
508 1392 576 1436 esse
587 1392 646 1436 non
657 1373 819 1444 credimus,
828 1370 909 1457 quod
920 1371 959 1434 ad
968 1368 1217 1455 recepcionemet
1226 1369 1269 1452 d)

63 1477 271 1565 provisionem
288 1478 383 1562 ipsius
399 1480 435 1544 N.
454 1480 485 1544 in
501 1486 553 1545 tua
569 1482 700 1546 ecclesia
716 1481 880 1546 auctoritas
903 1479 1070 1562 apostolica
1086 1477 1268 1561 requiratur,

66 1611 104 1654 eo
129 1587 214 1674 quod
237 1589 344 1652 eadem
365 1594 417 1653 tua
441 1591 571 1656 ecclesia
587 1591 626 1655 ab
643 1592 763 1656 eclesiis
780 1591 846 1654 aliis
869 1589 954 1672 regni
978 1589 1090 1659 nostri,
1119 1608 1178 1672 qne
1199 1589 1270 1656 illis.

65 1719 122 1782 pro
140 1698 254 1782 quibus
270 1697 429 1781 primarias
445 1719 553 1784 preces
566 1705 686 1765 nostras
700 1700 874 1772 obtulimus,
888 1718 1024 1782 congrua
1035 1697 1271 1784 promptitudine

62 1806 266 1892 providerunt
282 1811 313 1870 et
328 1806 490 1891 provident
505 1809 704 1880 incessanter,
721 1809 752 1873 in
775 1808 985 1873 condicionum
1009 1807 1187 1893 disparitate
1212 1827 1272 1870 non

64 1915 223 1998 discrepet
239 1936 297 1978 nec
313 1917 516 2001 exempcionis
533 1916 661 1981 alicuius
677 1917 835 2000 priuilegio
853 1917 1005 1980 fulciatur.
1024 1915 1100 1979 llinc
1117 1921 1174 1987 est,
1191 1916 1272 2000 quod

65 2025 265 2089 serenitatem
281 2023 322 2111 e)
338 2028 422 2087 tuam
439 2044 475 2088 ex
494 2025 534 2112 f)
557 2025 668 2090 affectu
684 2025 859 2108 plenissimo
882 2023 1019 2088 duximus
1047 2023 1271 2095 exhortandam,

65 2139 219 2219 quatenus
237 2132 294 2196 iuri
312 2137 415 2196 nostro
432 2138 463 2197 et
479 2133 596 2217 imperii
614 2154 781 2198 consonum
797 2134 979 2220 prestiturus
996 2136 1184 2218 applausum,
1201 2156 1272 2220 pre-

67 2243 185 2306 dictum
201 2242 238 2306 N.
258 2262 313 2326 per
340 2246 460 2306 nostras
486 2244 590 2308 literas
617 2243 749 2326 recipias
777 2244 808 2324 in
830 2244 1009 2307 canonicum
1031 2249 1062 2307 et
1084 2243 1114 2307 in
1138 2245 1390 2316 fratremneci.

66 2351 258 2435 prebendam
274 2351 441 2415 secundum
457 2373 512 2416 sue
527 2353 717 2434 recepcionis
734 2353 869 2416 ordinem
884 2358 1088 2438 recepturum.
1112 2353 1176 2416 lloc
1194 2352 1273 2415 enim

68 2484 129 2525 non
142 2460 347 2547 preiudicabit
364 2461 494 2525 ecclesie
511 2461 665 2525 antedicto
682 2481 739 2524 nec
746 2462 792 2549 p)
808 2463 940 2547 receptis
949 2459 1072 2534 officiet,
1087 2462 1141 2526 sed
1148 2482 1275 2528 coacer-

68 2556 158 2637 babit
177 2570 259 2653 apud
278 2569 321 2656 h)
338 2591 393 2634 nos
411 2576 440 2634 et
456 2569 512 2634 tibi
529 2575 559 2635 et
577 2569 675 2633 eidem
689 2570 769 2654 apud
783 2591 837 2634 nos
850 2570 962 2635 favoris
970 2577 1000 2635 et
1007 2573 1111 2654 gracie
1123 2578 1275 2640 cumulum

70 2689 101 2745 et
114 2680 267 2745 uberioris
284 2678 490 2744 beneficencie
507 2680 594 2764 copia
611 2679 788 2745 fecundabit
796 2679 839 2767 ι)

655 2886 719 2957 37.

389 3046 467 3128 lopo
486 3049 674 3124 rogroclatnr
691 3049 753 3125 rogi
772 3048 976 3110 homanorum.

565 3205 637 3259 1276
650 3205 715 3258 oder
733 3205 809 3258 ¹277.
907 3194 913 3204 ”

72 3353 161 3426 Konip
183 3350 292 3422 liudolf
313 3353 396 3408 danht
413 3354 473 3407 dem
494 3350 563 3404 Adel
591 3349 779 3423 Unyarncfftr
797 3350 920 3406 diedone
939 3354 1042 3425 Kdnipc
1063 3352 1210 3408 Lodiolaue
1232 3372 1282 3409 oon

86 3451 197 3520 Unparn
219 3446 276 3500 und
297 3446 393 3499 deoeen
416 3443 529 3504 Bruder,
556 3443 615 3496 dem
638 3444 740 3513 Heraop
761 3445 883 3497 Andreae
905 3461 954 3497 corr
978 3444 1131 3511 slavonica,
1147 3444 1283 3516 qewdhrte

313 3537 519 3604 Ualerotrtfzunq
532 3535 588 3588 und
601 3531 710 3588 erdiefet
723 3533 782 3588 nich
795 3553 826 3590 zu
843 3536 1060 3606 Geqendienoten.

79 3653 81 3660 '
173 3683 299 3743 eernere,
316 3677 659 3742 consenescam.

175 3827 264 3910 Quod
287 3826 404 3890 illibate
426 3824 495 3890 fidei
518 3830 619 3891 vestre
643 3828 779 3910 vigorem
802 3833 833 3891 et
856 3826 950 3892 decus
973 3830 1114 3913 potencie
1131 3832 1286 3894 naturales
1310 3877 1312 3882 -

72 3939 257 4009 illuminant,
282 3935 363 4020 quod
388 3933 573 3999 invariabilis
599 3935 691 3999 animi
708 3936 801 4000 vestri
817 3937 1128 4020 rutilancior'puritas
1145 3939 1187 4026 lc)
1205 3940 1287 4004 scin·

73 4052 138 4114 tilla
169 4044 375 4131 resplenduit,
410 4043 520 4107 lucidis
553 4062 677 4129 operum
706 4047 893 4126 argumentis
922 4048 1071 4131 apparuit
1099 4053 1129 4110 et
1157 4049 1290 4113 realibus

174 4179 211 4246 a)
225 4174 253 4226 to
266 4169 362 4224 meruit
374 4167 404 4222 V.
420 4199 453 4209 -
468 4169 501 4236 h)
510 4168 578 4224 onim
591 4170 657 4224 latet
671 4170 765 4242 inperii
778 4171 944 4226 consuetudo
957 4172 985 4225 Z.
1007 4203 1034 4211 -
1051 4173 1289 4242 dispensatoribus

80 4273 109 4322 et
121 4263 234 4335 regibus
246 4263 421 4316 Romanorum
432 4259 459 4313 Z.
472 4289 508 4324 -,-
521 4260 556 4331 d)
574 4278 623 4317 ocu
635 4262 663 4314 Z.
677 4291 712 4301 -
722 4261 753 4331 e)
767 4261 947 4317 sinceritatem
958 4263 985 4316 Z.
1001 4292 1034 4302 -
1045 4261 1120 4333 θοι
1134 4263 1199 4317 fehlt
1212 4263 1240 4316 Z.
1256 4295 1289 4305 —-

74 4361 109 4432 p)
123 4373 175 4411 nec
188 4371 244 4410 rec.
260 4350 304 4406 off.
318 4351 388 4405 fehlt
400 4350 428 4402 Ζ.
444 4379 475 4388 -
489 4349 523 4421 h)
538 4350 609 4422 apud
623 4368 671 4404 nos
684 4351 755 4408 fehlt
767 4355 794 4406 Ζ.
817 4353 886 4423 -tJ
907 4354 988 4408 Gerb.
1006 4354 1053 4407 hat
1073 4354 1138 4424 folg.
1159 4355 1289 4409 Scbluss-

77 4454 149 4504 sarz:
162 4443 326 4513 Quidautom
334 4454 418 4510 super
427 4438 479 4492 hoc
489 4437 821 4498 flnalitcrtuaevoluntatis
831 4442 1016 4498 etintentionis
1025 4442 1152 4507 extiterit,
1160 4461 1210 4514 per
1219 4444 1289 4498 lato·

72 4558 125 4596 reru
133 4527 416 4611 praesentiumlucidc
429 4528 506 4581 nobis
523 4529 595 4601 paud
614 4545 659 4584 erc
673 4549 724 4587 non
739 4533 935 4604 omittas-h)
949 4533 1072 4603 puritatis
1084 4535 1113 4587 Ζ.
1126 4553 1151 4588 u.
1166 4534 1290 4589 Gerbert.

120 4643 215 4688 ronta.
228 4634 300 4683 noth.
311 4632 338 4678 ll.
352 4631 393 4679 aa.
406 4632 473 4678 XXV.
1036 4625 1071 4678 25
