3108 5118
283 367 360 436 290

158 553 236 593 rotro
247 566 266 594 ι.
277 539 417 621 fatigavit
440 538 577 622 imperii,
606 536 738 600 sedeatis
754 533 785 597 iri
802 536 1026 619 pulchritudine
1043 536 1128 619 pacis
1146 540 1175 598 et
1192 535 1300 619 requie
1325 537 1483 620 opulenta,

278 649 434 732 nostrique
451 648 522 730 iugo
540 647 662 710 dominii
679 645 720 708 nil
737 646 885 717 swavius,
908 647 948 708 nil
966 645 1125 710 iocundius
1141 645 1249 709 merito
1263 643 1410 708 senciatis
1430 645 1481 723 a).

276 761 368 824 Porro
398 764 429 820 ut
457 762 558 820 vestre
585 755 729 819 tenebras
757 755 890 838 regionis
913 756 952 841 b)
983 757 1108 820 Romani
1143 755 1203 819 iam
1238 755 1350 840 sceptri
1378 756 1485 839 fulgor

275 867 438 937 illuminet,
463 865 629 948 eademque
645 864 730 947 regio
747 865 933 928 incrementa
950 865 1098 948 suscipiat
1115 851 1220 927 floride
1237 865 1408 928 venustatis
1427 866 1483 954 c),

277 973 482 1042 universitatis
504 979 605 1037 vestre
626 974 821 1058 prudenciam
838 973 880 1061 d)
904 973 1043 1037 duximus
1067 973 1297 1044 exhortandam,
1326 978 1484 1056 quatenus

277 1087 407 1152 nobilem
424 1084 520 1148 virum
537 1081 574 1167 e)
590 1082 639 1154 N.,
657 1082 831 1147 comitem
854 1085 981 1154 talem,
1000 1103 1089 1166 quem
1107 1083 1193 1147 vohis
1208 1083 1326 1167 totique
1345 1084 1482 1162 circum·

276 1199 374 1284 posite
392 1194 507 1276 regioni
526 1193 707 1278 prefecimus
726 1191 756 1254 in
768 1199 929 1264 rectorem,
946 1211 999 1278 pro
1013 1196 1115 1255 nostra
1128 1197 1158 1255 et
1170 1191 1288 1278 imperii
1301 1193 1484 1258 reverencia

277 1305 421 1390 congruis
445 1301 603 1388 prevenire
627 1302 739 1366 curetis
762 1301 910 1366 honorum
933 1301 1089 1384 insigniis,
1119 1307 1148 1365 et
1170 1300 1267 1364 eidem
1290 1301 1320 1364 in
1343 1302 1484 1387 hiisque

276 1421 409 1480 vestrum
427 1413 465 1499 f)
489 1419 519 1474 et
541 1411 708 1495 reipublice
730 1410 842 1473 bonurn
866 1411 1008 1492 gerrerale
1030 1410 1197 1494 respiciunt
1217 1409 1271 1498 9),
1295 1391 1365 1475 cum
1388 1410 1425 1474 in
1449 1431 1484 1474 eo

278 1525 329 1608 qui
357 1522 484 1586 mittitur
516 1521 637 1584 mittens
672 1521 812 1583 honorari
842 1521 1052 1591 consueverit,
1080 1520 1229 1603 graciosis
1259 1522 1412 1586 studeatis
1443 1524 1484 1612 Ιι)

278 1637 378 1697 astare
395 1629 528 1696 consiliis
544 1635 574 1692 et
592 1628 707 1694 auxiliis
725 1628 889 1713 oportunis.

368 1829 527 1902 Verglcicbe
541 1832 591 1884 den
604 1828 846 1900 vorhergehenden
860 1828 937 1884 Brief
948 1843 989 1884 nc.
1003 1827 1048 1882 75.

850 2147 911 2216 77.

668 2325 863 2390 Romanorum
881 2344 934 2390 rex
952 2327 1075 2390 clvlbcs.

834 2484 914 2539 1279.

275 2636 362 2708 Ko'uip
376 2636 480 2706 liudolf
492 2636 598 2706 fordere
615 2635 661 2690 die
674 2637 779 2706 Bitrper
798 2653 846 2690 von
859 2633 949 2689 Maiae
969 2635 1032 2705 auf,
1054 2636 1106 2689 den
1124 2637 1170 2690 mit
1188 2634 1264 2690 ibren
1279 2635 1482 2692 Mr‘niceen'aleu

559 2725 758 2787 besclrronrencc
772 2725 888 2780 Friedcn
902 2727 1027 2797 arifrecht
1039 2746 1071 2782 zo
1084 2727 1181 2782 hallec.

367 2874 446 2927 cers.
461 2873 489 2938 3,
503 2873 547 2932 21.

365 3021 474 3084 Exorte
487 3019 638 3083 discordie
652 3020 756 3082 odiosa
768 3019 919 3090 tanhaeim
938 3040 996 3102 que
1014 3022 1043 3083 in
1059 3020 1169 3084 finibus
1186 3021 1298 3085 vestris
1318 3022 1483 3086 seminaria

274 3129 401 3214 suscipit
418 3130 620 3200 simultatum,
643 3150 699 3214 per
716 3129 897 3192 industrium
914 3129 1010 3193 virum
1033 3131 1066 3193 F.
1091 3130 1262 3194 celsitudini
1279 3131 1366 3214 regie
1385 3153 1484 3216 nuper

273 3239 425 3323 exposita,
463 3244 547 3302 tanto
580 3238 692 3301 duriori
726 3260 780 3301 nos
811 3238 919 3322 pungit
950 3239 1168 3324 compassionis
1200 3241 1326 3310 aculco,
1367 3247 1482 3325 quanto

274 3348 414 3430 graviora
446 3348 591 3411 sentimus
624 3369 659 3411 ex
691 3369 726 3412 ea
757 3349 857 3413 tocius
889 3355 969 3412 terre
1001 3370 1091 3433 posse
1125 3350 1301 3413 discrimina
1335 3350 1476 3414 suboriri.

273 3459 416 3521 Volentes
438 3458 531 3540 igitur
554 3437 592 3520 ad
616 3445 829 3521 extinctionem
850 3459 945 3543 ipsius
962 3459 1092 3522 incendii
1110 3459 1210 3522 studia
1227 3465 1333 3522 nostra
1349 3459 1481 3522 libenter

275 3571 304 3630 et
320 3566 484 3630 liberaliter
501 3567 664 3651 applicare,
688 3587 761 3630 sane
778 3567 876 3630 visum
893 3573 939 3631 est
957 3568 1119 3651 expediens
1136 3569 1224 3632 nobis
1241 3573 1271 3630 et
1289 3570 1480 3633 consulimus

273 3676 352 3738 bona
369 3673 439 3747 lide,
463 3674 544 3760 qood
560 3680 646 3738 tante
662 3676 748 3739 ruine
766 3676 922 3760 dispendio
940 3682 1149 3760 precaventes,
1175 3676 1226 3760 qni
1243 3677 1319 3740 estis
1336 3677 1479 3741 animalia

273 3786 409 3856 oculata,
432 3785 462 3848 in
484 3786 574 3848 huius
600 3805 689 3848 casus
706 3785 833 3848 articulo
850 3806 904 3870 per
920 3785 1075 3848 modestie
1092 3786 1230 3848 semitam
1252 3785 1421 3858 incedatis,
1444 3793 1479 3849 ut

272 3895 497 3967 iusiurandum,
520 3894 600 3979 quod
627 3916 695 3958 cum
723 3895 969 3959 ministerialibus
992 3895 1108 3966 inistis,
1133 3915 1169 3959 ea
1185 3895 1379 3959 rectitudinis
1397 3896 1479 3960 linea

273 4005 438 4087 dirigatur,
467 4006 564 4088 quod,
594 4005 751 4069 iuramenti
779 4006 875 4068 forma
904 4017 995 4089 super
1023 4006 1172 4069 communi
1200 4023 1277 4089 pace
1304 4006 1479 4089 pmhabita,

272 4133 395 4199 prorsus
428 4113 528 4198 aliqua
561 4115 683 4176 lesionis
723 4114 830 4177 iniuria
870 4133 930 4176 non
967 4119 1129 4196 tangatur,
1169 4115 1223 4178 sed
1261 4115 1480 4179 ministeriales

362 4313 395 4380 a)
419 4313 546 4368 sensistis
568 4311 588 4364 V
610 4313 665 4368 und
686 4314 714 4367 Z.
728 4340 762 4356 -
777 4313 809 4382 h)
832 4312 971 4386 religionis
995 4313 1077 4368 Gerb.
1092 4341 1126 4354 -—
1139 4314 1172 4384 c)
1195 4313 1320 4370 novitatis
1338 4315 1430 4370 Ger-b.
1443 4343 1480 4356 -

271 4405 307 4473 d)
328 4403 447 4474 ampliori
472 4421 524 4474 qua
545 4421 688 4474 possumus
707 4421 814 4474 precum
834 4404 963 4459 instancia
983 4404 1104 4460 duximus
1123 4409 1174 4459 etc.
1189 4435 1223 4444 -
1239 4407 1271 4476 e)
1293 4407 1326 4460 ll.
1351 4407 1480 4462 comitem

274 4495 309 4549 de
322 4496 503 4566 Ftirstenberg
515 4496 739 4566 consanguineum
753 4501 874 4552 cosham
884 4497 1077 4562 charissimum,
1092 4513 1171 4566 qoem
1183 4496 1264 4552 Gerb.
1277 4496 1344 4569 -ὓ
1358 4502 1480 4554 nostrum

274 4585 354 4641 Gerb.
373 4617 400 4626 -
414 4587 450 4658 9)
465 4585 609 4657 respiciant
621 4587 703 4644 Gerb.
717 4617 752 4626 —
765 4587 800 4658 lv)
814 4588 945 4645 studeatis
959 4588 1026 4643 fehlt
1040 4587 1120 4644 Gerb.
