3116 5124
1143 395 1193 468 69

47 574 220 647 iudicavimus,
247 579 277 638 et
295 593 350 657 per
365 574 444 637 viros
460 574 653 638 bonestos'b.
672 580 702 638 et
718 574 753 638 G.
769 576 807 660 α)
836 574 975 649 concives
993 575 1111 634 nostros
1141 589 1194 632 eos

46 682 279 763 inpossessioncm
294 683 430 757 misimus
448 684 641 766 corporalem.
672 685 771 767 Super
787 703 844 765 quo
869 687 938 745 actu
965 681 1009 742 eis
1037 685 1194 762 presentes

44 789 122 854 literas
136 790 171 873 l)
185 769 331 854 conscribi
353 790 494 854 iussimus
522 790 651 854 civitatis
678 797 779 854 nostre
802 789 892 872 sigilli
915 788 1076 852 munimine
1104 787 1194 849 robo-

43 903 114 970 ratas,
132 898 251 963 testibus
264 899 387 982 ydoneis
411 898 589 972 subnotatis,
612 888 736 982 quorum
752 899 809 962 hec
833 905 902 963 sunt
918 897 1035 960 nomina
1051 900 1108 958 etc.
1127 897 1190 958 Act.

43 1025 99 1068 auno
113 1012 169 1070 etc,
183 1008 227 1093 c).

276 1132 322 1176 nc
337 1131 455 1176 arbitris
469 1103 501 1177 et
514 1133 550 1176 dc
565 1131 667 1177 tor-mis
682 1131 871 1182 arbitriorum
885 1132 922 1186 a).

511 1209 638 1253 Distinctio
657 1210 692 1252 Vl.

109 1305 137 1368 si
152 1324 218 1369 vero
233 1308 270 1369 lis
287 1328 346 1370 non
360 1309 458 1389 possit
472 1308 626 1372 terminari
641 1309 700 1371 nisi
721 1329 775 1391 per
797 1305 940 1377 arbitros,
963 1310 1035 1368 tunc
1051 1304 1119 1368 talis
1137 1305 1193 1366 erit

41 1411 118 1474 loma.
152 1414 276 1480 Arbiter
304 1422 430 1480 vocatur
450 1417 509 1488 ille,
533 1437 621 1501 quern
643 1417 729 1480 ambe
750 1422 850 1498 partes
873 1414 910 1477 ad
933 1414 990 1477 boc
1013 1413 1136 1495 eligunt,
1160 1417 1193 1476 ut

40 1515 98 1581 liten
111 1521 288 1609 tenninete)
305 1526 468 1588 secundum
485 1526 639 1590 arbitrium
655 1545 750 1590 suum.
769 1526 808 1587 Ει
823 1529 946 1587 vocatur
961 1521 1124 1604 vulgariter
1140 1522 1193 1585 ein

41 1625 254 1718 nclotmunuf)
277 1633 324 1694 vel
347 1633 372 1694 si
395 1633 495 1716 plures
519 1635 630 1698 fuerint
652 1641 723 1698 tunc
740 1638 885 1696 vocantur
906 1631 1085 1707 ecbidleut;
1107 1630 1191 1693 locus

41 1735 131 1813 pretorii
146 1739 248 1803 urbani
272 1743 326 1806 ein
347 1743 523 1815 cebennae,
552 1743 602 1806 ubi
625 1743 764 1806 videlicet
785 1741 896 1805 iudicia
919 1744 1104 1804 exercentur.
1139 1739 1192 1803 Sic

42 1859 91 1923 ergo
103 1846 252 1912 scribetis:
564 1844 566 1846 ’
823 1821 828 1835 ’

101 1953 156 2016 Nos
180 1957 250 2021 Otto
265 1959 306 2042 9)
322 1959 411 2022 iudex
435 1965 466 2022 et
489 1959 667 2023 universitas
691 1960 821 2024 civitatis
843 1958 1019 2024 Winnensis
1045 1960 1191 2022 universis

39 2064 191 2138 presencium
202 2066 424 2150 inspectoribus
438 2068 635 2140 declaramus,
653 2070 731 2152 quod
745 2089 813 2132 cum
824 2068 860 2129 lis
875 2067 1002 2150 quedam
1017 2070 1095 2132 inter
1111 2069 1190 2130 viros

23 2167 158 2250 ¹religiosos
173 2171 212 2258 d)
240 2176 310 2240 talis
333 2180 507 2242 monasterii
528 2200 564 2241 ex
587 2184 672 2261 parte
695 2199 753 2242 una
775 2183 805 2240 et
827 2179 861 2240 ll.
882 2175 918 2264 i)
941 2175 1037 2239 civem
1058 2183 1191 2240 nostrum

23 2287 135 2361 suosque
149 2281 276 2346 heredes
294 2304 329 2346 ex
345 2290 431 2366 parte
447 2285 540 2349 altera
557 2305 648 2367 super
660 2285 786 2348 circuitu
800 2285 954 2348 cuiusdam
966 2284 1095 2347 nemoris
1109 2285 1191 2346 cirea

32 2377 105 2448 locun
123 2391 207 2453 talem
223 2391 377 2475 aliquanto
398 2399 533 2476 tempore
554 2399 732 2466 verteretur,
756 2413 812 2457 nec
834 2394 894 2484 litis
921 2394 988 2458 talis
1014 2394 1127 2457 decisio
1152 2392 1189 2455 de

32 2489 91 2555 lucili
104 2505 278 2578 speraretur,
301 2501 422 2564 tandem
438 2523 473 2564 ex
490 2510 637 2589 suggestu
652 2503 813 2586 proborum
828 2502 979 2566 hominurn
994 2506 1095 2584 partes
1120 2521 1190 2564 suas

23 2595 86 2664 llius
107 2604 170 2669 inde
196 2609 449 2691 interponentium
470 2631 524 2692 pro
547 2610 626 2674 bono
648 2611 749 2694 pacis,
776 2615 878 2692 partes
901 2609 987 2674 ambe
1009 2611 1040 2673 in
1061 2610 1190 2674 arbitros

23 2715 269 2793 compromiserunt
280 2718 331 2802 j),
348 2718 399 2801 qui
415 2718 579 2784 secundum
591 2720 647 2783 Dei
662 2719 799 2783 timorem
813 2719 895 2783 litem
910 2719 989 2783 illam
1001 2740 1055 2806 suo
1068 2718 1190 2782 arbitrio

23 2819 203 2888 terminarent.
213 2819 290 2889 Cum
300 2846 372 2908 ergo
384 2827 512 2909 predicti
520 2827 613 2891 abbas
622 2833 821 2891 etconventus
836 2829 960 2892 militem
966 2829 1055 2892 talem
1068 2847 1122 2910 pro
1136 2847 1192 2890 sua

23 2924 165 3016 ⁵elegissent
178 2939 277 3017 parte,
293 2953 363 3016 pars
379 2955 450 2998 vero
468 2936 594 3020 adversa
609 2932 684 2999 llud.
704 2936 858 2999 concivem
880 2942 1015 3000 nostrum
1029 2935 1069 3020 lc)
1084 2955 1138 3017 pro
1157 2957 1191 2998 se

23 3021 25 3082 l
38 3037 215 3114 nominassent,
233 3048 265 3106 et
277 3043 307 3105 in
319 3043 374 3106 bos
388 3044 462 3106 duos
474 3049 576 3127 partes
593 3043 679 3107 ambe
693 3049 834 3127 tanquam
845 3045 876 3106 in
888 3043 1050 3126 legittimos
1063 3044 1191 3108 arbitros

40 3151 280 3226 compromisissent
306 3152 372 3234 l)
363 3173 498 3235 vpsorum
520 3157 601 3216 stare
625 3152 808 3216 arbitriot
777 3158 808 3215 et
829 3152 941 3237 houm)
968 3152 1119 3234 publico
1110 3173 1191 3216 rura-

23 3259 106 3364 poento
120 3257 157 3343 ι)
172 3258 359 3332 firmassent,
389 3261 510 3324 tandem
537 3261 665 3344 predicti
688 3260 791 3324 arbit
753 3266 792 3323 tn
817 3261 1064 3324 convenientes
1056 3283 1087 3324 vn
1113 3261 1190 3325 banc

23 3295 128 3426 Vicinam
143 3367 299 3432 arbitrium
315 3369 487 3452 emiserunt,
503 3374 536 3431 ut
553 3369 692 3432 videlicet
713 3369 842 3451 predicti
864 3375 1028 3432 conventus
1050 3375 1080 3432 et
1097 3370 1190 3432 abbas

33 3477 156 3544 prenotato
169 3476 256 3540 militi
270 3477 392 3561 suisque
407 3477 569 3540 heredibus
586 3479 636 3542 XL
653 3479 746 3540 talent
747 3478 955 3544 aWinnensia
972 3479 1034 3564 ⁰)'
1026 3499 1056 3540 m
1058 3479 1104 3541 ιιι
1120 3479 1189 3542 binc

23 3577 55 3674 Ιιι
69 3582 216 3664 proximum
238 3587 349 3649 testum
372 3586 470 3648 sancti
486 3586 587 3649 Georii
602 3586 647 3670 p)
672 3587 744 3649 dare
767 3585 896 3649 debeant
920 3587 971 3649 tali
987 3586 1189 3649 moderamine

23 3678 170 3818 ploteriecto,
144 3695 245 3758 oud
236 3715 269 3757 m
284 3695 416 3776 proximo
433 3696 512 3759 testo
529 3696 692 3760 nativitatis
704 3697 822 3759 Domini
834 3697 886 3762 XV
902 3697 995 3760 talen
996 3716 1023 3767 a
1040 3696 1070 3756 in
1086 3695 1189 3776 purifi-

23 3793 122 3863 wione
140 3801 227 3866 beate
244 3804 337 3868 lilarie
359 3805 482 3886 virginis
499 3805 551 3870 XV
567 3807 693 3878 talent,a
716 3806 747 3868 in
770 3807 845 3869 sesto
862 3805 901 3892 q)
918 3805 1014 3868 sancti
1032 3803 1133 3867 Georii
1149 3802 1188 3889 r)
1250 3846 1253 3851 -

23 3891 111 3994 licen
124 3912 228 3991 prelat'
188 3932 246 3974 ars
206 3913 347 3977 tmiliti
364 3919 394 3976 et
406 3914 468 3976 suis
484 3914 645 3977 heredibus
661 3915 901 3996 persolvantur,
894 3934 990 3996 ipsum
1002 3934 1072 3977 vero
1085 3933 1189 3975 nemus

23 4014 57 4069 tx
67 4032 132 4078 nunc
148 4020 200 4081 et
192 4041 222 4083 ιιι
238 4022 419 4105 reliquum
411 4043 441 4085 ιιι
467 4026 688 4105 possessionem
705 4023 907 4107 predictorum
923 4022 1040 4085 abbatis
1065 4028 1095 4084 et
1116 4043 1190 4084 con-

23 4171 25 4244 ξ
97 4160 283 4229 α)Ε.Ζ-
313 4166 345 4236 d)
367 4169 406 4222 eis
430 4169 652 4223 literamV.-
617 4171 712 4240 -c)
732 4170 844 4224 testibus
868 4171 909 4224 bis
934 4171 986 4223 etc.
1014 4168 1187 4222 felrltVn-

23 4239 55 4310 ι)
69 4247 109 4302 Am
126 4253 223 4310 Raude
239 4257 307 4315 Dist.
320 4258 450 4313 fehlt.-
421 4260 502 4330 -e)
527 4219 775 4315 termincntlb-
740 4260 824 4330 —f)
854 4260 1129 4316 sebiodmamV.-
1094 4260 1187 4329 -yJ

23 4319 51 4384 ιι
59 4334 117 4390 V·-
91 4341 158 4414 ·-d)
169 4348 290 4403 abbatem
301 4353 330 4404 el
338 4352 571 4406 conventumb
545 4371 597 4405 ι
594 4352 615 4421 )
627 4357 801 4422 cognomento
816 4351 923 4406 militem
936 4355 1014 4406 talem
1026 4352 1188 4420 cognomine

23 4435 1187 4564 uvennostvumZ-J)prom1sernntVlc)R.civ.talV.-l)-promisisssnt

45 4525 151 4593 m·-)
181 4528 260 4598 idque
286 4533 375 4584 Z.-
342 4534 428 4603 -n)
462 4535 636 4588 instrumento
609 4535 755 4587 ι.·-ιι
720 4534 810 4603 -o)
842 4535 925 4587 Winn.
952 4535 1019 4588 feblt
1048 4534 1129 4588 V.-
1147 4531 1185 4602 p)

23 4603 137 4664 ιι-
112 4620 466 4695 -qpva-rmv
