3096 5128
1181 318 1254 407 ror

65 509 114 568 tur
129 508 301 570 necessitas
313 509 344 570 in
357 507 509 572 virtutem.
527 508 638 572 Verum
651 509 677 572 si
690 506 883 588 contemplari
897 507 1045 588 placuerit
1058 509 1264 572 constanciam

66 620 164 677 status
179 617 258 686 mei,
281 636 369 698 quam
388 616 521 679 diuturni
540 616 630 680 studii
646 616 757 678 fabrine
774 613 930 677 constituit
945 615 1013 701 (.),
1037 616 1195 678 invenietis
1213 637 1265 679 me

65 725 260 786 novissimum
277 726 410 787 uirorum
427 729 457 786 et
475 723 607 787 uberiori
620 723 827 786 misericordia
840 722 1035 803 indigentem.
1056 723 1195 787 Vestram
1208 726 1267 786 ita-

65 851 122 914 que
140 831 369 894 miseracionem
386 833 494 895 invoco
512 838 542 894 et
557 833 693 913 imploro,
707 836 854 916 quatenus
867 831 1032 894 secundum
1047 831 1267 894 multitudinem

64 939 297 1003 miseracionum
313 945 482 1005 vestrarum
498 940 618 1003 miserie
635 961 700 1003 mee
718 939 956 1002 misericorditer
974 938 1151 1003 consulatis.

655 1127 682 1167 0.

498 1235 540 1295 lle
556 1235 671 1314 negocii
688 1233 832 1297 utilitate.

155 1357 384 1421 Consultissimo
402 1355 521 1421 domino
545 1376 600 1420 suo
623 1360 653 1419 et
674 1356 908 1439 circumspectis
931 1357 1025 1420 oculis
1050 1357 1265 1420 circumcincto

63 1464 95 1528 C.
115 1471 175 1528 etc.
193 1467 229 1528 H.
248 1472 307 1530 etc.
326 1465 453 1529 salutem
470 1485 539 1528 cum
557 1465 702 1548 obsequio
719 1464 824 1528 humili
841 1470 872 1527 et
889 1466 1007 1528 devoto.
1033 1465 1154 1528 Utinam
1171 1467 1267 1527 famo-

66 1595 100 1637 sa
118 1575 276 1656 sapiencia
291 1581 392 1638 vestra
408 1579 567 1658 superaret
583 1580 614 1636 et
637 1573 820 1653 intelligeret
843 1578 873 1636 et
897 1573 1060 1637 norissima
1083 1573 1267 1657 provideret,

64 1683 296 1746 imminentibus
323 1683 465 1766 perieulis
494 1684 569 1746 viam
599 1682 803 1766 precludendo
833 1688 863 1744 et
890 1681 1072 1746 instantibus
1101 1684 1268 1747 commodis

63 1792 178 1856 aditum
195 1792 402 1876 preparando!
425 1793 546 1861 Verum,
571 1791 596 1852 si
620 1790 756 1854 confiteri
779 1790 883 1861 liceat,
912 1792 991 1852 fama
1008 1796 1109 1852 vestra
1125 1792 1267 1856 laudiflua

63 1900 93 1961 in
110 1901 244 1963 derisum
261 1899 405 1984 paulatim
422 1899 606 1962 convertitur
631 1904 661 1961 et
683 1899 870 1981 quorundam
892 1898 1082 1984 familiarium
1099 1904 1267 1962 vestrorum

63 2008 230 2071 comoditas
244 2009 428 2091 prepeditus,
443 2027 478 2068 eo
493 2007 572 2089 quod
589 2028 646 2078 me,
664 2011 803 2090 nepotem
820 2011 964 2076 vestrum,
981 2007 1155 2093 avunculari
1173 2008 1267 2071 dilec-

61 2117 142 2180 tione
155 2116 357 2187 certandum,
370 2116 580 2178 neccessitatis
594 2117 719 2178 articulo
734 2116 790 2178 nisi
807 2115 925 2178 fovetis.
940 2115 1048 2179 Verum
1063 2115 1265 2196 glorievestre

64 2227 166 2288 zeloet
178 2225 547 2288 familiariumvestrorum
561 2225 742 2287 comoditate
756 2225 894 2286 inductus
904 2223 1123 2286 discrecionem
1132 2229 1265 2288 vestram

63 2351 137 2415 rogo
163 2333 342 2416 suppliciter
369 2338 399 2396 et
426 2333 591 2404 instanter,
621 2339 849 2414 quatenusper
878 2331 1112 2394 subvencionem
1134 2339 1265 2397 vestram

63 2446 124 2502 tam
141 2441 237 2523 glorie
253 2446 353 2504 vestre
370 2459 459 2522 quam
474 2439 663 2504 familiarium
680 2445 847 2503 vestrorum
871 2439 1021 2524 profectui
1038 2441 1216 2503 consulatis.

650 2625 685 2689 p.

487 2735 520 2796 ln
538 2733 654 2813 negocii
672 2733 840 2796 honestate.

153 2839 372 2903 Honestissimo
394 2839 458 2902 viro
481 2844 512 2901 et
532 2837 659 2900 honesta
683 2837 837 2920 proposita
861 2838 934 2901 totis
958 2838 1127 2902 visceribus
1150 2841 1265 2923 ample-

63 2949 145 3012 xanti
162 2948 196 3010 C.
215 2953 272 3010 etc.
291 2949 326 3010 H.
346 2953 403 3010 ete.
423 2947 630 3011 veneracionis
647 2946 861 3027 plenitudinem
880 2966 947 3008 cum
964 2947 1071 3009 salute.
1121 2979 1122 2984 κ

154 3054 317 3117 Ofelicem
333 3055 575 3135 negociatorem!
606 3075 622 3116 o
646 3055 776 3116 nobilem
799 3056 1014 3116 mercatorem!
1044 3074 1061 3116 o
1089 3054 1264 3120 admirabile

63 3165 293 3233 commercium,
322 3183 388 3225 cum
413 3164 471 3246 piis
496 3164 669 3225 elemosinis
695 3182 821 3244 regnum
846 3161 977 3224 celorum
995 3168 1205 3244 comparatur,
1234 3171 1265 3229 et

61 3273 246 3356 temporales
279 3269 386 3333 divicie
418 3290 472 3352 pro
505 3270 617 3333 eternis
649 3272 777 3334 feliciter
798 3274 1024 3333 conmutantur!
1048 3270 1264 3336 Verumtamen

61 3380 277 3444 miserabilium
289 3383 501 3462 paupertatum
510 3379 590 3441 nulla
603 3378 812 3450 miserabilior,
831 3377 910 3440 nulla
927 3377 1126 3441 miseracione
1143 3382 1264 3463 dignior

62 3492 244 3572 paupertate
258 3487 429 3558 scolarium,
447 3507 573 3568 quorum
586 3507 643 3569 ego
661 3488 854 3558 miserrimus,
868 3487 1034 3549 exinanitus
1047 3508 1139 3572 super
1151 3489 1262 3553 labori-

62 3598 123 3660 osis
136 3595 247 3674 vigiliis
261 3600 292 3657 et
304 3593 440 3657 turbatus
455 3595 596 3664 miseriis,
611 3595 767 3659 demolitus
781 3595 916 3657 mordaci
930 3595 1127 3658 sollicitudine
1142 3596 1261 3660 debito-

60 3724 138 3768 rum.
155 3702 727 3786 Quapropterlaudabilemhonestatem
736 3704 912 3767 restramad
920 3708 982 3765 tam
999 3703 1149 3766 salubrem
1165 3726 1261 3789 nego-

61 3811 229 3876 ciacionem
246 3811 351 3873 invoco
369 3817 399 3872 et
415 3811 518 3881 invito,
536 3831 647 3893 rogans
664 3817 694 3873 et
711 3812 878 3895 postulans,
895 3817 928 3874 ut
945 3811 1111 3874 misereatis
1128 3813 1260 3876 miseriis

61 3920 164 3983 devoti
186 3918 290 3982 cleriei
312 3919 423 3990 vestri,
444 3941 479 3982 ex
495 3919 665 4003 provisione
683 3941 749 3984 mee
767 3920 953 4005 paupertatis
970 3920 1055 3984 vobis
1079 3923 1259 4004 comparetis

59 4029 247 4097 thesaurum,
265 4045 353 4107 quem
369 4047 426 4089 nec
443 4028 525 4090 fures
541 4029 694 4099 furantur,
720 4048 777 4090 nec
792 4029 874 4090 tinea
892 4028 1058 4090 demolitur.

470 4305 491 4364 Δ
506 4215 688 4385 probtclobc
705 4303 847 4368 naturali.

151 4406 292 4471 Munilico
310 4407 428 4470 domino
445 4427 500 4470 suo
519 4413 548 4470 et
565 4429 582 4471 a
599 4409 725 4471 naturali
742 4408 882 4473 libertate
900 4408 1025 4472 colendo
1040 4408 1063 4471 C
1081 4412 1138 4470 etc.
1154 4409 1180 4471 H
1198 4413 1254 4472 etc.
1268 4444 1373 4485 M,

62 4518 190 4584 salutem
207 4535 275 4579 cum
293 4517 457 4620 spontaneo
473 4516 628 4579 famulatu.
