3116 5124
11 10 161 210 Γ

43 535 80 576 me
94 513 263 578 hereditario
280 521 310 578 et
331 522 453 598 paterno
475 535 597 578 munere
625 517 817 580 devenerunt.
849 516 951 580 Ottoni
968 515 1007 599 a)
1028 521 1126 580 autem
1154 515 1213 579 filio

36 642 96 688 meo
120 627 185 685 natu
211 622 359 694 secundo,
387 622 437 706 qni
465 621 562 685 adhuc
585 623 640 686 sub
663 623 757 706 patria
780 630 930 706 potestate
953 632 999 689 est
1015 624 1070 708 b),
1104 624 1141 686 do
1163 625 1214 688 XL

42 730 198 792 talentorum
214 730 359 802 redditus,
375 750 500 813 quornm
517 731 622 794 decem
638 733 748 795 talenta
765 732 805 818 ο)
822 733 853 794 in
875 733 926 797 tali
950 734 1015 797 loco
1033 733 1070 796 ad
1087 753 1134 794 me
1150 733 1215 796 iure

43 839 181 920 emptionis
202 836 296 900 libere
320 838 456 902 devoluta
480 839 511 900 in
535 837 581 901 ius
604 841 680 903 traxi
696 841 905 923 proprietatis,
928 842 986 904 alia
1002 860 1073 904 vero
1090 841 1214 921 triginta

43 946 135 1010 talenta
161 946 191 1008 in
221 947 579 1032 Neunohirohend)
623 949 771 1030 qnondam
818 948 873 1011 sub
922 949 1018 1032 tytulo
1068 948 1148 1011 leodi
1198 970 1215 1011 a

44 1054 142 1117 domino
156 1056 189 1118 L.
209 1055 246 1117 de
263 1055 501 1144 cpnnnringe)
516 1055 694 1142 possedit),
708 1057 760 1119 sed
775 1057 894 1120 tandem
911 1058 949 1120 ab
965 1078 1000 1120 oo
1017 1057 1063 1120 ius
1079 1057 1216 1139 proprie-

11 1211 12 1214 *
44 1163 98 1226 aas
118 1181 169 1244 pro
191 1161 238 1226 CC
255 1162 375 1226 talentis
389 1162 431 1247 9)
452 1161 543 1222 michi
566 1161 597 1222 in
614 1161 728 1225 eisdem
743 1162 912 1226 redditibus
941 1167 1112 1246 conparari.
1145 1165 1218 1228 Post

23 1271 87 1333 'lec
100 1270 250 1334 Friderico
266 1268 307 1352 b)
323 1269 381 1332 tilio
394 1290 460 1332 meo
478 1271 643 1333 natutertio
658 1270 762 1333 ordino
775 1278 806 1334 et
819 1270 855 1333 do
871 1271 1045 1353 dignitatem
1064 1276 1144 1338 illam
1160 1293 1217 1356 que

44 1381 116 1462 uulgo
138 1381 441 1468 buuapenosasclrost
461 1380 581 1448 dicitnr,
601 1399 687 1461 qnam
712 1379 803 1441 michi
815 1386 902 1462 pater
925 1401 1008 1445 meus
1021 1383 1084 1446 iure
1097 1383 1218 1446 beredi-

11 1515 12 1520 1
43 1489 104 1550 tario
115 1488 278 1570 dereliquit.
293 1487 461 1570 Unicuique
474 1495 572 1550 autem
589 1486 714 1550 filiarum
727 1508 869 1561 mearum,
883 1509 940 1572 que
953 1491 1079 1554 necdum
1096 1497 1218 1574 experte

11 1671 12 1692 Χ
45 1603 98 1659 sunt
111 1597 236 1679 nuptias,
250 1597 355 1659 ordino
370 1602 400 1659 et
419 1596 456 1658 do
471 1596 518 1660 CC
531 1615 648 1659 marcas
662 1597 789 1677 argenti,
803 1583 833 1660 et
844 1617 898 1679 pro
912 1599 1100 1663 celebrandis
1115 1599 1217 1663 cuins-

11 1695 13 1770 i
45 1703 101 1768 lbet
114 1725 212 1768 earum
228 1705 341 1787 nuptiis
358 1705 410 1767 LX
426 1703 537 1766 talenta
555 1704 743 1767 denariorum
770 1711 800 1768 et
820 1707 872 1769 XX
889 1707 1002 1771 talenta
1015 1729 1069 1791 pro
1085 1708 1219 1772 vestibus

11 1803 13 1912 J
48 1811 918 1896 adipsasnuptiasconparandis.Filiabusveromeisb.etii.
936 1812 1219 1898 ipquejamnnhere

11 1915 13 1990 Ϊ
48 1923 432 1996 uirosnoscuntumCtalenta
450 1911 638 1986 denariorum
647 1923 752 1987 ordino
766 1930 796 1987 et
804 1924 938 2006 dispono.
948 1925 1090 2009 Quitquid
1105 1946 1177 1991 nero
1189 1925 1221 1988 in

11 2055 12 2100 1
49 2034 158 2112 gemmis,
174 2033 314 2106 auro‚vel
327 2013 452 2114 argento
470 2037 500 2095 et
512 2031 543 2093 in
556 2031 691 2094 vestibus
707 2035 780 2093 meis
796 2032 837 2116 l)
852 2041 1001 2114 repertum
1013 2035 1113 2106 fuerit,
1125 2040 1220 2098 totum

11 2125 13 2192 ἶ
48 2139 153 2204 dandum
169 2148 217 2205 est
233 2141 267 2228 Ι)
284 2139 450 2221 collegiatis
467 2138 617 2210 ecclesiis,
634 2145 666 2202 ut
681 2139 712 2202 in
727 2160 814 2203 usum
829 2142 1042 2205 monachorum
1058 2150 1089 2206 et
1104 2143 1219 2206 monia·

11 2243 13 2256 ⁴
46 2247 101 2311 lium
111 2252 153 2338 m)
169 2251 272 2322 cedat,
288 2248 355 2332 pari
379 2270 434 2333 per
450 2249 547 2312 omnia
563 2249 700 2332 portione
715 2249 764 2332 n),
781 2250 822 2312 ita
838 2256 871 2312 ut
886 2249 925 2334 ο)
940 2250 1100 2333 unicuique
1115 2270 1222 2314 mona-

11 2339 16 2366 ἕ
45 2357 446 2424 sterioXXadminustalenta
454 2357 644 2421 denariorum
655 2357 786 2440 persolvi
800 2357 929 2421 debeant
945 2358 1103 2422 sinemuro.
1123 2359 1220 2422 Huius

45 2463 125 2549 itaque
139 2467 313 2532 testamenti
329 2466 387 2528 mei
403 2469 461 2530 rite
485 2471 517 2529 et
537 2465 761 2530 racionabiliter
777 2466 850 2528 facti
872 2472 1048 2531 executores
1071 2472 1169 2532 statuo
1191 2473 1222 2531 et

43 2579 149 2640 statutos
176 2576 345 2660 pronuncio
375 2575 524 2638 dominum
551 2574 589 2639 N.
607 2575 648 2660 a)
676 2575 798 2637 militem
831 2575 927 2638 civem
953 2575 1152 2642 Winnenscm
1192 2582 1223 2639 et

13 2720 18 2757 ;
43 2683 70 2747 N.
84 2686 204 2750 iudicem
221 2685 346 2756 ibidem,
364 2685 439 2748 dans
455 2684 500 2746 eis
516 2683 635 2766 plenam
650 2684 822 2746 facultatem
839 2684 938 2748 omnia
960 2705 1017 2768 que
1039 2685 1222 2768 prediximus

12 2767 17 2816 ᾳ
44 2805 161 2879 tanquam
174 2799 271 2879 siper
284 2815 331 2858 me
344 2794 566 2879 presentialiter
581 2792 882 2880 fierenthsaciendi.
901 2794 1040 2858 Ceterum
1056 2817 1094 2858 ne
1110 2795 1168 2858 ulla
1185 2795 1222 2858 de

45 2923 117 2970 causa
142 2907 292 2971 ordinatio
319 2925 386 2968 mea
415 2904 541 2967 convelli
568 2904 614 2966 vel
638 2903 776 2986 impediri
799 2904 911 2986 possit,
938 2911 1096 2986 presentes
1118 2903 1221 2967 literas
1268 2965 1271 2969 .

13 2993 15 3036 ³
45 3016 232 3080 testamentum
256 3035 355 3078 meum
380 3013 569 3076 continentes
584 3012 730 3094 predictis
749 3013 959 3076 executoribus
976 3013 1110 3076 eiusdem
1126 3019 1221 3076 testa-

14 3135 16 3242 Α
49 3126 118 3187 nenti
132 3123 254 3196 tradidi,
273 3121 363 3205 sigilli
378 3121 437 3184 mei
453 3120 615 3184 munimine
632 3121 800 3192 roboratas,
817 3119 946 3184 testibus
962 3121 1087 3203 ydoneis
1110 3121 1222 3184 subno-

14 3244 16 3314 ξ
50 3231 108 3304 tatis,
123 3253 246 3316 quorum
264 3232 321 3294 bec
339 3230 458 3293 nomina
474 3237 544 3293 sunt
560 3234 618 3291 etc.

15 3353 16 3358 ’
115 3341 146 3406 si
162 3362 234 3404 nero
250 3339 385 3403 breviter
401 3338 536 3403 scribere
552 3339 693 3410 volueris,
711 3339 756 3401 sic
773 3337 908 3401 scribes:

15 3491 17 3528 p
115 3451 176 3533 Ego
193 3451 266 3515 Otto
283 3449 358 3511 cinis
385 3446 593 3510 Linnensis
609 3447 649 3531 r]
675 3445 759 3527 gravi
778 3445 948 3526 egritudine
977 3445 1131 3518 detentus,
1149 3466 1222 3509 sane

15 3533 18 3630 't
48 3560 135 3621 mentis
152 3566 182 3622 et
197 3559 257 3622 alia
274 3558 371 3620 omnia
388 3556 503 3619 habens
521 3561 551 3618 et
566 3555 685 3618 iaciens
702 3574 760 3637 que
776 3553 940 3636 legittimus
963 3560 1091 3618 testator
1110 3555 1223 3618 babere

16 3645 18 3710 ἶ
48 3670 70 3725 et
86 3667 178 3730 iacere
202 3666 296 3730 debet
316 3665 418 3728 ultime
443 3663 621 3736 voluntatis,
642 3663 752 3725 iustum
768 3662 826 3724 boc
843 3682 941 3724 meum
957 3667 1169 3726 testamentum
1185 3664 1224 3728 ad

17 3835 18 3846 p
49 3773 155 3836 omnium
171 3775 313 3839 noticiam
329 3772 487 3856 pervenire
503 3771 569 3834 volo
585 3771 770 3853 presentium
785 3771 922 3834 veritate.
955 3771 987 3833 ln
1000 3771 1103 3853 primis
1120 3773 1222 3856 itaque
1234 3807 1339 3847 Μ»,

17 3853 19 3900 l
47 3877 74 3940 do
87 3880 120 3943 illi
134 3882 190 3946 hoc
207 3883 255 3945 nel
279 3882 337 3944 boc
360 3886 418 3943 etc.
442 3880 480 3942 Et
495 3885 566 3943 tunc
583 3900 642 3942 nnn
659 3884 706 3942 est
723 3898 797 3960 opus
814 3883 846 3941 nt
874 3877 1024 3942 scribatur
1042 3880 1121 3941 unde
1147 3899 1222 3962 que-

17 3991 18 4055 i
49 3982 306 4074 libetpossessioad
317 3987 683 4070 testatorempervenerit‚
696 3987 743 4050 vel
758 4006 815 4070 quo
829 3986 894 4049 iure
913 4007 978 4049 eam
990 3989 1129 4050 tenuerit.
1160 3988 1223 4052 Sed

18 4199 20 4228 ὲ
126 4192 157 4260 a)
176 4192 217 4246 oc
236 4189 348 4258 V.-o)
363 4193 405 4242 est
416 4188 487 4242 fehlt
498 4186 526 4240 V.
543 4216 575 4225 -
589 4187 620 4256 c)
634 4201 744 4256 quornm
758 4186 917 4239 talentorum
929 4182 1039 4256 (decem
1052 4200 1093 4236 am
1104 4183 1222 4256 Raude),

19 4313 20 4316 =
49 4273 71 4327 l.
89 4282 159 4349 -d)
178 4298 228 4352 quo
240 4279 359 4349 Z.-e)
373 4279 401 4332 b.
418 4281 450 4331 de
477 4316 484 4331 .
513 4317 520 4332 .
559 4277 588 4331 v.
609 4273 888 4347 -Opossidendam
901 4276 978 4328 Z.—
989 4274 1024 4344 y)
1045 4273 1106 4327 talis
1120 4274 1222 4330 denarii

50 4364 1223 4438 b—MRl-OOmAb-Hmmstfflb-thffibb-
1320 4407 1325 4424 ,

50 4455 1221 4530 mmmmmW-njmffifflmb-ffle-mstb—

51 4549 79 4615 p)
97 4550 185 4606 luerint
196 4555 226 4607 V.
249 4582 278 4592 -
299 4552 332 4621 r)
355 4551 440 4605 θεῖν.
461 4551 522 4603 talis
542 4551 572 4603 V.

104 4643 268 4690 socrosancta.
279 4647 305 4690 ll.
320 4645 360 4689 Bd.
373 4646 439 4691 XXV.
990 4634 1006 4685 5
