3096 5128
1188 359 1266 431 st3

72 541 101 600 et
116 535 188 600 fidei
203 532 338 606 meritis,
367 533 477 616 quibus
499 534 578 598 inter
599 538 717 598 ceteros
739 534 857 616 imperii
872 531 1025 616 principes
1042 531 1268 598 ecclesiasticos

70 643 218 715 claruisti,
241 643 378 725 pensatis
394 642 491 706 eciam
506 641 788 725 persecucionibus,
810 639 958 724 angustiis
976 645 1006 703 et
1021 641 1184 723 pressuris,
1201 640 1270 724 qui-

68 751 124 816 bus
140 750 354 836 progenitores
371 750 506 814 eiusdem
520 749 608 833 pueri
624 769 771 833 personas
788 756 818 813 et
831 748 1052 813 ecclesiastuas
1063 747 1271 831 multipliciter

67 866 264 932 vexaverunt,
283 858 403 942 dignam
419 858 523 941 utique
540 878 576 922 ae
593 857 704 922 iustam
721 858 759 922 de
777 858 835 922 hoc
852 855 1095 921 ammiracionem
1117 856 1147 918 in
1169 862 1270 920 mente

66 971 278 1052 concepimus,
294 987 363 1030 eum
379 966 410 1029 in
428 966 542 1031 eisdem
557 966 803 1051 progenitoribus
819 967 1018 1050 perpendisse
1032 963 1184 1036 debueris,
1198 964 1271 1048 quid

67 1078 105 1141 de
121 1079 191 1161 ipso
209 1097 304 1162 puero
320 1095 440 1158 posses,
463 1073 490 1140 si
506 1075 614 1140 solium
630 1075 784 1158 imperiale
802 1075 1075 1144 condescenderet,
1098 1076 1269 1156 expectare.

64 1186 213 1252 Volumus
242 1186 337 1268 igitur
358 1188 390 1247 et
410 1185 629 1248 fraternitatem
651 1190 734 1248 tuam
749 1203 904 1247 monemus
928 1186 958 1246 et
980 1183 1135 1246 hortamur
1156 1201 1193 1244 ae
1216 1201 1272 1265 per

66 1293 239 1378 apostolica
256 1293 370 1374 scripta
388 1292 443 1355 tibi
458 1291 490 1354 in
505 1289 616 1356 virtute
634 1291 812 1355 obediencie
836 1297 867 1356 et
888 1292 945 1356 sub
968 1311 1046 1377 pena
1062 1290 1271 1374 suspensionis

66 1408 97 1467 et
114 1398 453 1472 excommunicacionis,
476 1419 551 1483 quas
569 1422 605 1463 cx
624 1421 703 1463 nune
720 1402 750 1463 in
768 1406 799 1465 te
815 1400 995 1484 proferimus
1012 1405 1044 1463 et
1060 1418 1134 1482 quas
1148 1420 1184 1463 eo
1201 1399 1267 1482 ipso
1281 1417 1385 1459 1111..

62 1516 95 1574 te
113 1509 276 1574 incurrere
293 1508 441 1581 volumus,
464 1509 490 1572 si
507 1513 612 1572 contra
628 1508 801 1572 huiusmodi
818 1513 953 1573 nostrum
969 1513 1146 1594 preceptum
1168 1508 1272 1573 venire

66 1618 280 1702 temptaveris,
297 1617 434 1681 districte
451 1616 646 1699 precipiendo
662 1617 856 1692 mandantes,
877 1622 1027 1701 quatenus
1043 1619 1123 1681 nullo
1141 1638 1272 1701 unquam

68 1732 209 1811 tempore
226 1746 374 1810 procures
390 1745 446 1808 per
461 1730 492 1788 te
504 1726 551 1789 vel
567 1745 624 1807 per
640 1723 741 1797 alium,
760 1726 842 1808 quod
858 1725 939 1789 idem
957 1726 1135 1790 Chunradus
1148 1747 1224 1810 puer
1240 1725 1272 1790 in

64 1855 172 1918 regem
196 1836 244 1900 vel
266 1834 479 1918 imperatorem
506 1833 653 1914 eligatur,
677 1836 845 1898 nominetur
867 1835 913 1898 vel
937 1835 1162 1918 quomodolibet
1184 1855 1272 1899 assu-

65 1955 178 2016 matur,
197 1944 370 2026 nullamque
386 1943 425 2007 ad
441 1941 500 2006 hoc
517 1961 605 2025 opem
621 1942 777 2026 impendas
794 1943 841 2008 vel
859 1963 992 2027 operam,
1009 1944 1081 2027 quin
1098 1944 1187 2007 immo
1206 1943 1271 2008 eius

66 2054 267 2125 electionem,
291 2052 545 2122 nominacionem,
569 2051 595 2113 si
618 2050 655 2114 de
671 2051 721 2114 illa
737 2050 863 2115 tractari
881 2051 1078 2134 contingerit,
1101 2056 1164 2115 toto
1180 2073 1271 2136 posse

65 2161 219 2245 impedire
247 2180 410 2245 procures,
437 2160 494 2224 sub
520 2159 685 2243 eademque
707 2181 786 2244 pena
812 2159 869 2223 tibi
896 2161 1077 2224 auctoritate
1105 2163 1272 2244 apostolica

64 2269 277 2353 probibemus,
296 2289 334 2330 ne
350 2268 409 2350 ipsi
418 2267 579 2332 Chunrado
597 2267 679 2332 eirca
695 2269 930 2353 occupaeiooem
943 2268 1110 2353 aliquarum
1122 2273 1272 2334 terrarum

66 2377 104 2440 ad
117 2378 287 2440 Romanum
302 2375 461 2460 imperium
473 2376 693 2460 pertinencium
708 2379 842 2448 consilio,
860 2377 969 2442 auxilio
981 2379 1029 2442 vel
1041 2378 1272 2464 faverequoquo

67 2485 159 2548 roodo
177 2486 323 2548 assistere
339 2505 514 2567 presumas,
539 2485 687 2550 atteueius
704 2488 896 2568 provisurus,
926 2508 964 2550 ne
986 2487 1042 2550 tibi
1065 2488 1102 2550 de
1119 2487 1188 2549 ludo
1204 2489 1271 2570 ipso

69 2593 230 2675 contingat
246 2593 327 2676 quod
344 2592 401 2664 eis,
418 2595 469 2676 qui
486 2600 656 2676 serpentem
673 2593 704 2657 in
717 2595 796 2666 sinu,
813 2595 915 2676 ignem
931 2595 961 2658 in
978 2597 1094 2677 gremio
1112 2602 1142 2661 et
1158 2618 1272 2662 murem

69 2701 101 2764 in
119 2721 196 2784 pera
212 2702 357 2772 nutriunt,
375 2701 554 2784 contingere
571 2704 736 2766 consuevit.

162 2864 257 2918 osea
270 2863 345 2917 erres
360 2862 445 2917 oneo
457 2864 514 2917 sen
529 2865 596 2919 auen
611 2864 644 2916 sm
664 2862 730 2918 ocu.
749 2864 827 2918 worn.
847 2866 878 2927 1,
898 2866 933 2921 aa
952 2865 999 2920 mit
1017 2866 1066 2922 uer
1088 2855 1272 2926 decreram:

71 2955 196 3010 Urbanus
208 2953 351 3024 episcopus
365 2956 418 3006 etc.
431 2953 595 3008 Constantio.
612 2972 655 3026 op.
670 2962 721 3010 etc.
735 2954 795 3019 Vul.
808 2955 887 3008 Pertz
900 2956 980 3009 Areb.
994 2956 1021 3020 7,
1034 2956 1095 3011 895.
1112 2989 1144 2998 -

165 3044 213 3100 Ale
227 3061 256 3097 es
269 3045 324 3098 sich
339 3045 407 3098 nach
422 3044 481 3099 dem
495 3044 569 3098 Tode
580 3046 728 3100 Wilhelm's
743 3061 791 3099 von
804 3046 914 3099 llollaud
930 3047 1027 3118 (1256,
1040 3047 1138 3103 lanuar
1152 3050 1215 3122 28.)
1229 3071 1271 3108 um

72 3136 131 3190 eine
153 3151 221 3188 neue
235 3135 407 3205 Ktoigswabl
426 3135 561 3196 bandelte,
580 3141 681 3190 warnte
702 3135 851 3190 Alexander
863 3137 906 3192 lv,
926 3138 951 3192 in
970 3139 1054 3192 eiuem
1073 3141 1272 3197 ausfdhrlicben

73 3225 225 3279 Sebreiben
239 3223 309 3295 (dat.
319 3224 398 3286 1256,
406 3226 458 3279 doli
466 3225 526 3296 28.)
541 3226 591 3279 den
602 3226 762 3280 Erebisebof
771 3226 948 3282 Gerhardvon
960 3228 1051 3290 blaior,
1066 3230 1134 3284 daun
1148 3233 1215 3286 auch
1229 3233 1272 3287 die

74 3313 250 3369 Erzbiscbdfe
276 3333 326 3369 von
349 3313 415 3368 coln
440 3316 494 3368 und
515 3313 594 3369 Trier
619 3334 666 3369 vor
692 3316 765 3369 einer
777 3317 855 3369 Wabl
875 3316 1047 3373 Oooradin’s:
1067 3319 1195 3393 Raynald'
1213 3342 1272 3380 ann.

74 3407 175 3459 eccles.
190 3405 222 3458 ad
237 3423 260 3459 a.
275 3405 346 3458 1256
362 3422 403 3459 no.
418 3405 443 3459 3.
457 3406 634 3460 Intelleximus
649 3406 720 3476 quod
733 3407 813 3460 instat
827 3413 930 3478 tempus
945 3409 1083 3464 electionis
1098 3412 1272 3470 celebrandae

81 3498 114 3550 de
128 3511 239 3565 rege-
255 3496 403 3549 astrictum.
690 3545 693 3551 .

165 3585 395 3640 Wabrseheiulieh
407 3585 600 3657 inspoliata
611 3586 655 3658 (S.
665 3586 846 3654 BdbmerReg.
856 3587 918 3641 iude
929 3590 960 3642 ab
972 3588 1083 3654 amb,
1093 3609 1118 3662 p.
1130 3592 1272 3669 3561185)

81 3675 189 3730 schrieb
201 3677 359 3730 Erebischol
366 3676 499 3730 Weruber
511 3692 563 3730 von
578 3677 679 3742 Maioz,
692 3677 799 3731 obwohl
810 3678 897 3750 lituig
910 3678 1027 3734 Richard
1040 3683 1107 3735 noch
1122 3683 1202 3748 lebte,
1216 3686 1274 3740 eine

83 3784 151 3821 noue
165 3765 332 3835 llbnigswabl
347 3782 401 3827 aus,
414 3765 440 3818 in
454 3765 502 3819 der
515 3766 636 3830 Absiclrl,
651 3765 782 3822 Conradin
795 3769 898 3822 wdhlen
912 3785 945 3823 au
959 3772 1054 3825 lassen.
1073 3774 1160 3843 llbnig
1174 3774 1273 3833 Otakar

39 3863 42 3868 '
78 3875 128 3912 ron
147 3857 264 3911 Bohmen
287 3855 383 3909 beailte
403 3855 469 3918 sich,
495 3874 543 3910 aus
567 3860 647 3926 guteu
666 3858 855 3928 perstnlicheu
876 3859 1012 3924 Grr'indeu,
1036 3861 1094 3916 dies
1117 3866 1176 3919 dem
1189 3868 1274 3936 Papst

75 3947 164 4002 Urban
175 3947 216 4000 lV.
229 3946 397 4014 anzuzeigen.
413 3946 507 3998 Dieser
520 3947 657 4001 instruirte
668 3949 725 4002 sich
737 3965 785 4001 aus
796 3947 846 4001 den
860 3949 894 4003 im
905 3952 1076 4021 ptpstlichen
1086 3955 1198 4010 Archiae
1212 3958 1273 4012 auf-

76 4037 229 4091 bewahrtan
242 4035 499 4106 Papslgeschichten
520 4037 572 4090 und
585 4036 735 4104 Regesten,
756 4037 820 4092 land
832 4038 894 4092 dort
911 4039 963 4096 den
978 4058 1025 4095 aus
1039 4042 1158 4110 gleieber
1171 4047 1274 4101 Veran-

77 4132 188 4196 lassung
202 4144 235 4180 un
249 4127 299 4179 den
314 4125 474 4180 Erebiscbol
490 4125 613 4180 Gerhard
631 4144 682 4180 von
698 4127 782 4180 blaius
801 4127 1022 4198 geschriebenen,
1041 4135 1109 4187 oben
1123 4139 1272 4192 erudtrnten

77 4219 152 4274 Brief
163 4216 335 4271 Alexander's
348 4215 390 4268 lv.
405 4215 456 4268 und
471 4217 527 4271 tbat
547 4217 615 4270 daun
628 4217 701 4271 seina
716 4217 834 4272 Schritte
848 4219 890 4272 bei
908 4219 959 4273 den
978 4223 1156 4280 betrelleudeu
1175 4229 1272 4283 weltli-

79 4311 144 4364 chen
158 4308 212 4361 und
226 4305 383 4378 geistlicbeu
394 4306 505 4360 Fiirsten
516 4307 720 4362 Deutschlands.
732 4339 766 4348 -
777 4309 901 4364 Erbalten
915 4311 972 4364 siud
988 4331 1036 4367 uns
1048 4314 1157 4370 Urban's
1167 4318 1272 4374 Briefe:

79 4399 104 4453 l.
124 4415 154 4451 aa
168 4397 273 4452 Otalar
285 4413 335 4449 ron
356 4397 470 4450 Bdbmen
489 4398 533 4451 bei
549 4400 631 4471 ltayu.
645 4399 676 4451 ad
692 4416 715 4452 a.
730 4399 801 4453 1262
814 4415 856 4455 nst
871 4401 886 4452 5
902 4401 945 4465 li.;
964 4401 989 4454 2.
1004 4391 1038 4458 an
1051 4404 1101 4457 den
1114 4406 1274 4463 Erebisebof

78 4490 207 4544 Wernber
228 4503 279 4540 von
297 4487 381 4540 Maius
404 4487 445 4542 bei
466 4488 565 4541 Marino
583 4488 674 4542 Marini
694 4489 866 4559 diplomatica
883 4494 1021 4562 pontificia
1042 4495 1139 4550 Romae
1161 4497 1227 4552 1841
1244 4519 1272 4571 p.

77 4582 139 4635 57-
148 4578 201 4642 oo;
219 4576 273 4632 und
287 4576 393 4632 endlich
406 4577 433 4632 3.
447 4577 495 4632 der
508 4579 616 4651 unsrige
630 4579 730 4634 an‘den
742 4578 853 4634 Biseluof
863 4580 1000 4637 Eberhard
1013 4585 1045 4640 ll.
1063 4602 1115 4640 von
1129 4585 1271 4654 Constans,
