3096 5120
269 332 348 403 434

267 503 429 570 ecclesiam
444 505 616 574 revocaret.
640 507 673 566 ut
695 502 797 566 forsan
821 503 895 566 miro
919 507 951 566 et
972 501 1091 567 occulto
1107 520 1163 565 suo
1180 501 1306 565 cnrrsilio
1322 501 1474 566 breviare

267 612 392 698 incipiat
409 613 473 678 dics
489 612 594 682 malos,
624 609 677 695 qui
699 611 730 674 in
748 611 904 683 ultionem,
927 617 961 676 ut
976 610 1121 684 creditur,
1143 610 1475 697 peccantium-diutius

267 742 397 806 regnare
413 719 549 806 permisit
564 719 730 804 ypocritam
742 718 769 808 ¹)
786 720 817 782 in
832 718 1132 804 populcChristiano,
1150 717 1475 804 Fmdericcquondam

266 833 446 916 imperatore
463 828 616 894 civitatem
632 828 759 892 eandem
777 828 919 892 invadere
936 835 967 892 et
983 825 1326 911 quibuspossetviribus
1343 829 1475 893 allidere

266 945 440 1024 satagente,
463 938 610 1002 zelatores
633 936 785 1001 katholico
807 937 955 1002 libertatis
973 944 1003 1002 et
1019 935 1234 1001 libcracioaem
1253 941 1352 1002 status
1368 937 1474 1003 Ytalie

266 1048 424 1134 cupientes
452 1048 482 1111 in
511 1044 716 1111 defensionem
743 1045 823 1109 illius
852 1052 936 1111 tanto
965 1045 1124 1110 ardencius
1152 1051 1272 1129 oportet
1293 1046 1472 1117 intendere,

267 1163 378 1244 quanto
396 1176 455 1220 non
471 1155 566 1219 solum
583 1153 713 1218 civitatis
730 1154 836 1237 ipsius,
861 1153 914 1218 sed
932 1154 1022 1219 ctiam
1038 1156 1130 1216 totius
1145 1154 1281 1237 regionis
1298 1155 1476 1219 novissima

266 1265 371 1350 peiora
387 1264 493 1329 tierent
509 1283 598 1348 quam
614 1262 726 1347 priora,
750 1263 776 1325 si
797 1261 877 1325 idem
895 1261 1058 1326 Christiani
1075 1263 1204 1326 nominis
1223 1269 1407 1346 persecutor
1423 1264 1476 1327 lo·

267 1394 346 1446 cnm,
375 1393 392 1437 a
420 1393 479 1458 quc
509 1394 543 1436 se
570 1373 652 1437 dolet
679 1372 842 1444 exclusum,
870 1390 939 1434 cum
961 1369 1158 1454 multiplicata
1187 1373 1311 1453 spiritus
1340 1373 1474 1436 furentis

267 1482 407 1568 nequicia
428 1483 536 1547 iterum
559 1481 719 1544 obtineret.
754 1481 834 1544 Sane
863 1479 944 1543 idem
971 1479 1156 1552 Fridericus,
1180 1482 1259 1545 sicut
1282 1483 1474 1566 accepimus,

267 1595 348 1657 vires
380 1609 450 1656 suas
482 1609 644 1673 reppararc
675 1588 857 1672 disponens,
886 1607 960 1672 quas
987 1609 1084 1672 nuper
1115 1588 1238 1654 robusta
1273 1609 1381 1654 manus
1415 1592 1476 1656 de·

267 1707 404 1768 votorum
427 1700 557 1765 ecclesie
579 1700 610 1763 in
632 1698 728 1782 digito
751 1699 806 1762 liei
829 1697 998 1764 dinoscitur
1020 1698 1210 1773 contrivisse,
1233 1701 1361 1764 collecto
1378 1723 1477 1787 super

267 1813 390 1884 Padum,
403 1810 482 1875 unde
494 1794 601 1894 potnit,
617 1807 735 1892 navigio
747 1807 869 1879 fluviali,
883 1808 983 1872 aditus
996 1813 1123 1874 conatur
1136 1808 1305 1882 obstruere,
1322 1831 1379 1895 per
1393 1829 1476 1894 quos

268 1922 299 1986 in
323 1919 503 1984 victualibus
526 1924 556 1982 et
579 1917 646 1982 aliis
668 1916 857 1981 commerciis
881 1916 1065 1980 advehendis
1085 1917 1164 1981 illius
1187 1917 1302 1982 navalis
1324 1917 1475 2002 triumphi

267 2028 415 2095 beneficio
428 2028 472 2111 c)
489 2025 596 2090 claruit
612 2029 734 2091 caterva
751 2025 900 2090 catholica
917 2046 953 2089 ac
970 2025 1075 2090 civitas
1093 2027 1209 2108 prefata
1226 2026 1358 2110 respirat
1371 2027 1423 2116 ²),
1443 2033 1476 2091 ut

266 2140 364 2224 possit
378 2137 496 2202 illorum
514 2133 719 2199 constanciam
736 2154 881 2218 superare
897 2134 1048 2199 mediante
1063 2134 1184 2198 fallacia
1205 2136 1259 2217 b),
1283 2135 1394 2219 quibus
1414 2158 1476 2200 ncn

267 2249 403 2334 prevalet
419 2267 474 2332 per
490 2248 638 2310 virtutem.
666 2246 740 2310 Cum
758 2246 852 2328 igitur
867 2244 991 2309 ridende
1007 2247 1247 2329 presumpcionis
1264 2245 1330 2310 eius
1356 2267 1476 2332 propc-

268 2357 357 2423 situm
372 2355 609 2440 magnitudinem
625 2359 756 2419 vestram
774 2354 883 2418 deceat
898 2353 1068 2436 dedignari,
1090 2354 1141 2436 qui
1157 2353 1243 2418 vobis
1267 2355 1397 2439 aliisque
1416 2359 1475 2421 de-

267 2466 346 2533 votis
363 2465 513 2536 ecclesie,
537 2482 662 2547 quorum
685 2463 716 2526 in
739 2462 830 2528 rebus
846 2463 964 2527 bellicis
981 2461 1094 2528 navalis
1111 2462 1232 2528 inventa
1249 2470 1296 2527 est
1312 2469 1472 2549 potencia,

268 2575 424 2643 contendit
447 2571 616 2639 mendicato
641 2571 844 2638 navicularum
867 2571 1013 2656 suffragio
1034 2571 1208 2656 prevalere,
1237 2573 1318 2658 quod
1349 2574 1475 2659 quidem

269 2683 458 2750 dissimulare
486 2682 552 2746 sine
580 2680 672 2744 vestri
700 2681 828 2745 nominis
856 2681 972 2746 macula
1009 2700 1068 2744 non
1101 2683 1247 2765 potestis:
1282 2683 1475 2757 mandamus,

268 2798 427 2880 quatenus,
443 2789 683 2862 considerantes,
705 2791 786 2875 quod
809 2791 947 2854 omnibus
971 2791 1066 2864 malis,
1085 2790 1194 2875 quibus
1216 2794 1248 2856 in
1270 2799 1404 2858 vestram
1428 2795 1475 2858 ia-

269 2899 474 2988 quietudinem
501 2900 625 2964 libertas
648 2898 746 2964 Ytalie
774 2919 810 2962 ac
832 2898 929 2962 tocius
958 2898 1040 2964 orbis
1068 2899 1268 2984 tranquillitas
1298 2901 1474 2976 lacessitur,

268 3010 376 3076 exinde
398 3009 564 3073 defensioni
582 3008 713 3073 civitatis
731 3007 869 3092 predicte
890 3008 1002 3092 poterit
1024 3007 1230 3073 exterminium
1252 3011 1415 3092 provenire
1442 3016 1473 3075 et

167 3162 195 3188 a.
239 3119 410 3205 agencrale
426 3118 530 3201 procul
545 3116 635 3181 dnbio
658 3117 803 3183 inminere
823 3117 1001 3201 pericnlum,
1024 3117 1049 3182 si
1068 3124 1215 3200 oportuna
1230 3118 1287 3182 illis
1304 3119 1472 3185 subvencio

270 3229 454 3311 denegetur:
472 3227 569 3290 eidem
586 3225 700 3292 civitati
716 3247 752 3291 ac
769 3225 908 3290 fidelibus
924 3247 979 3312 pro
995 3227 1063 3309 ipsa
1078 3227 1264 3291 certantibus
1281 3233 1427 3311 potenter
1442 3233 1472 3291 ct

270 3337 397 3404 viriliter
412 3337 607 3401 succurratis.
626 3336 753 3419 Propter
770 3337 850 3420 quod
868 3341 951 3400 extra
967 3335 1116 3408 meritum,
1134 3334 1215 3418 quod
1232 3335 1320 3401 vobis
1337 3339 1467 3420 proinde

270 3447 461 3513 cumulabitis
478 3445 557 3531 apud
569 3446 677 3516 Deum,
695 3444 824 3509 ecclesia
842 3465 962 3530 quoque
977 3443 1121 3517 Romana,
1145 3463 1203 3528 que
1226 3446 1256 3510 in
1271 3445 1331 3508 boc
1350 3465 1470 3532 quoque

269 3558 353 3641 gravi
381 3556 572 3620 necessitatis
596 3553 724 3618 articulo
746 3553 990 3637 promptitudinis
1005 3563 1105 3618 vestre
1129 3554 1307 3637 obsequium
1323 3554 1470 3638 gratissi-

368 3753 403 3821 c)
421 3749 550 3807 beneficio
569 3767 632 3823 quo
652 3751 749 3806 claruit
761 3750 1004 3809 built-Britanna.
1025 3782 1058 3794 -
1072 3755 1104 3823 b)
1124 3757 1154 3808 ut
1170 3770 1220 3825 per
1237 3752 1351 3810 inediam
1365 3755 1467 3810 illorum

270 3845 451 3900 consauciare
465 3859 593 3914 superare
607 3843 740 3901 fallaciter
753 3843 842 3916 possit
854 3843 1097 3900 llnill.-Brbbolles.

302 4175 325 4237 ¹)
344 4181 397 4227 lob.
411 4176 450 4234 ill,
464 4179 503 4226 3⁰.

300 4285 325 4345 ²)
344 4277 472 4336 bbulicbes
493 4289 619 4358 bericbten
641 4302 685 4336 uun
707 4293 769 4336 aocb
791 4289 829 4335 die
843 4290 948 4336 lunden
967 4303 1012 4336 von
1026 4289 1113 4335 Parma.
1141 4291 1163 4334 S.
1184 4288 1371 4343 Sebirrmaclrer,
1390 4289 1470 4336 Kaisar

343 4381 466 4428 Friedrich
490 4383 516 4428 ll.
529 4379 560 4435 4,
582 4378 630 4427 W!
653 4393 693 4428 no.
707 4382 747 4436 39,
770 4382 813 4426 der
833 4380 922 4438 J'edocb
943 4381 984 4426 das
1002 4379 1145 4426 Auffallcnde
1166 4381 1246 4427 dieser
1263 4379 1396 4427 Nacbrlcbt
1413 4379 1468 4426 aucb

344 4472 411 4517 nicbt
428 4486 456 4518 au
476 4471 585 4518 erblircn
598 4483 694 4532 vermag
706 4473 753 4519 und
766 4473 802 4519 sic
814 4473 888 4518 daber
903 4472 926 4518 iu
945 4472 1025 4518 seiner
1043 4472 1193 4531 Darstelluug
1212 4467 1258 4529 (ib.
1278 4473 1301 4519 S.
1321 4467 1381 4529 26⁰)
1401 4484 1468 4519 uner-

345 4563 502 4610 nannetense.
571 4559 573 4564 '
