3096 5128
1184 346 1261 417 427

160 529 374 598 Cod.Wilher.
387 532 421 594 B.
438 529 489 594 11.
504 528 702 594 Corradus
720 532 778 592 ete.
797 525 913 592 civibus
927 523 1161 594 Rormiensibus,
1175 523 1263 585 Perta

61 637 180 702 Archiv
192 639 226 710 7,
240 639 315 704 903.
333 677 378 689 —
394 638 499 703 Philol.
519 638 584 702 305
603 657 651 702 no.
671 635 691 700 8
709 636 825 700 civibus
841 632 1111 698 Wormatiensibus
1129 630 1190 695 und
1206 648 1264 692 von

66 767 203 812 neuerer
225 748 328 812 Hand:
356 748 491 832 Epistola
515 747 647 811 Cunradi
670 747 790 810 Cesaris
814 743 852 808 ad
877 746 1016 808 comitem
1040 743 1078 807 de
1099 740 1265 833 Haynburg

65 854 145 919 ibid.
164 858 198 927 7,
215 857 294 920 913.
311 858 342 922 S.
361 856 440 920 noch
456 857 595 927 Raurnen
611 855 837 918 Hohenstaufen
853 852 884 924 4,
905 852 978 918 187.

648 1171 686 1245 8.

60 1367 144 1464 Papa
160 1382 331 1448 ciuitatibus
347 1382 444 1446 Ytalie
458 1385 606 1462 signillcct
623 1383 776 1447 ulctcrlom
796 1382 990 1446 Parmensium
1014 1388 1118 1446 eontra
1139 1379 1264 1444 llrlderl·

60 1509 131 1554 curn
146 1491 369 1573 imperatorem,
387 1492 534 1556 bortundo
551 1498 582 1556 et
598 1490 855 1568 consolandum,
873 1491 951 1572 quod
968 1490 1110 1571 predictis
1126 1489 1262 1554 lerinen-

61 1599 146 1662 sibus
164 1601 312 1663 assistant
328 1602 462 1664 consiliis
479 1606 510 1665 et
527 1602 606 1663 enni
621 1601 733 1664 auxillo
751 1619 809 1682 quc
826 1601 953 1680 possunt
969 1601 1072 1662 contra
1086 1597 1264 1661 llrldorlcum

60 1707 255 1786 antedictum,
274 1727 311 1772 ne
326 1708 453 1773 ulterlus
470 1729 624 1788 resurgere
640 1710 744 1792 pessit,
764 1707 946 1791 pollicendo,
964 1707 1043 1788 quod
1059 1707 1137 1770 omni
1152 1707 1263 1772 auxillo

414 1818 500 1882 sedes
516 1819 682 1901 apostolica
696 1818 739 1882 eis
755 1817 917 1881 adherebit.

513 2015 592 2070 1248.
606 2016 679 2070 Eride
693 2017 712 2069 l*
714 2018 818 2071 obruar.

156 2195 339 2261 Admirande
354 2196 392 2284 α)
407 2198 527 2261 celestis
540 2198 658 2262 virtutis
677 2198 829 2270 auxilium,
851 2217 909 2282 quo
929 2204 1051 2262 caterva
1067 2197 1163 2260 fidelis
1180 2195 1260 2278 apud
1343 2189 1344 2194 ’

60 2306 220 2370 civitatem
228 2309 419 2372 Parmensem
438 2306 637 2372 deFriderico
655 2309 804 2394 quondam
820 2309 1000 2391 imperatore
1016 2305 1262 2370 victoriosissime

61 2415 263 2499 triumphavit
273 2417 312 2505 1),
337 2416 401 2479 Deo
417 2436 471 2498 pro
489 2416 648 2479 catholicis
666 2423 770 2480 contra
794 2416 925 2500 perfidos
949 2416 1146 2498 confligente,
1170 2413 1262 2477 debet

59 2524 92 2587 in
109 2524 241 2588 sublime
260 2525 378 2608 erigere
394 2525 487 2588 corda
510 2530 628 2598 vestra,
652 2531 686 2588 ut
706 2544 760 2607 pro
783 2525 968 2589 iocunditate
987 2523 1074 2586 'vobis
1091 2521 1197 2585 celitus
1213 2522 1379 2586 in-rusre.

62 2632 198 2704 fluente,
216 2635 419 2717 prorumpatis
437 2635 589 2697 humiliter
605 2636 635 2696 in
651 2635 822 2716 graciarum
838 2634 948 2697 uberes
971 2635 1116 2699 actiones.
1135 2631 1261 2698 Videtur
1284 2667 1285 2670 ι

60 2740 215 2826 siquidem
231 2743 369 2805 breviare
385 2741 529 2806 Dominus
548 2743 612 2806 dies
637 2744 749 2815 malos,
772 2743 881 2828 quibus
904 2743 1106 2827 tranquillitas
1130 2743 1260 2808 ecclesie

60 2856 91 2914 et
103 2853 232 2916 libertas
244 2851 341 2915 Ytalie
354 2872 409 2934 per
421 2851 553 2936 iniquam
566 2853 771 2934 persecutoris
788 2853 903 2917 rabiem
915 2852 1085 2924 lacessitur,
1104 2857 1134 2914 et
1149 2873 1260 2937 appro-

58 2961 210 3047 pinquare
229 2959 416 3024 desideratos
434 2961 553 3024 diucius
570 2961 634 3023 dies
651 2963 748 3043 pacis,
765 2962 802 3024 ad
820 2981 908 3046 quam
920 2982 985 3034 vos,
999 2981 1074 3045 quos
1087 2982 1140 3044 pro
1155 2962 1260 3026 desen-

59 3070 150 3132 sione
163 3068 204 3156 β)
218 3069 347 3132 ecclesie
357 3074 385 3131 et
394 3069 570 3134 del'ensione
583 3069 680 3151 patrie
694 3089 729 3132 ac
742 3068 930 3153 protectione
943 3068 1260 3153 fideliumLongobar-

60 3178 170 3242 dorum
184 3176 222 3264 p)
236 3177 382 3240 bellorum
395 3177 549 3240 calamitas
566 3176 715 3259 fatigavit,
732 3177 811 3242 inter
828 3183 947 3242 ceteros
965 3177 1082 3242 debetis
1100 3180 1260 3247 ardencius

59 3287 218 3351 anhelare.
242 3285 289 3349 Ad
311 3286 505 3348 deferendum
527 3286 622 3368 igitur
638 3286 757 3348 dilectis
780 3286 866 3358 filiis,
888 3289 1033 3372 predictis
1051 3289 1167 3353 civibus
1185 3292 1260 3357 civi·

57 3403 158 3462 tatum
177 3394 211 3482 d)
228 3399 397 3478 promptum
414 3413 449 3457 ac
466 3392 554 3457 fidele
571 3393 748 3467 subsidium,
767 3396 898 3462 excitare
915 3418 968 3461 vos
986 3399 1077 3462 debet
1094 3401 1258 3465 communis

58 3505 177 3570 utilitas
195 3509 226 3567 et
240 3503 374 3585 privata,
391 3502 531 3587 quoniam
548 3503 608 3565 illic
626 3524 686 3567 non
704 3505 799 3568 solum
816 3508 964 3578 omnium,
982 3507 1036 3570 sed
1054 3528 1145 3571 causa
1163 3511 1260 3572 mani-

57 3615 140 3676 feste
157 3611 286 3675 vertitur
302 3611 507 3693 singulorum,
524 3611 666 3695 cogitque
682 3632 736 3675 vos
755 3613 840 3676 adid
858 3613 992 3677 caritatis
1011 3615 1161 3689 debitum,
1179 3621 1259 3702 quod

58 3739 138 3803 erga
153 3738 209 3784 vos
227 3719 360 3803 aliosque
377 3719 481 3803 fideles
499 3720 643 3783 maiorem
660 3721 852 3785 dilectionem
876 3723 974 3788 eidem
991 3724 1073 3788 cives
1098 3729 1259 3792 ostendere

58 3829 280 3914 nequiverunt,
305 3847 394 3912 quam
409 3847 464 3910 pro
481 3827 610 3891 utilitate
628 3834 658 3892 et
675 3823 859 3894 necessitate
877 3833 1026 3908 communi
1044 3836 1158 3900 animas
1176 3859 1259 3911 suas,

20 3997 24 4006 .
59 3961 131 4004 cum
147 3959 266 4001 summa
282 3942 406 4019 urgeret
422 3914 603 4012 necessitas,
622 3946 816 4020 exponentes,
834 3946 1004 4005 ceterorum
1017 3946 1107 4009 vitam
1122 3948 1159 4010 de
1172 3949 1258 4030 lupo-

58 4070 129 4112 rum
144 4046 286 4111 faucihus
309 4052 490 4110 curaverunt
507 4047 636 4111 eximere
659 4068 727 4113 cum
743 4049 877 4132 periculo
894 4051 955 4115 vite
978 4074 1041 4116 sue.
1067 4055 1162 4136 Quam
1186 4077 1258 4140 ergo

59 4157 185 4222 sordida
198 4157 391 4239 turpitudinis
404 4157 523 4220 macula
540 4163 570 4220 et
587 4177 675 4242 quam
692 4159 812 4222 horrida
829 4161 1022 4225 humanitatis
1040 4169 1110 4227 nota
1127 4165 1259 4230 inuolue-

58 4273 181 4338 rentur‚
206 4265 257 4350 qui
279 4286 334 4348 per
356 4265 438 4348 ipsos
461 4272 577 4330 tantum
600 4266 778 4331 beneficium
796 4277 866 4334 suut
889 4270 1007 4352 adepti,
1030 4271 1056 4333 si
1080 4272 1257 4339 afflictiones

87 4546 111 4614 1)
131 4549 196 4596 rara
210 4543 314 4596 reorum
329 4548 365 4596 ra.
