3168 5124
415 553 651 620 rrocuruomn
668 555 874 619 nnlrersltetls
887 546 938 636 a),

154 693 191 758 Ο.
211 692 253 780 l]
270 695 331 759 Dei
348 695 451 779 gracia
467 702 602 780 potestas
627 717 664 762 ac
685 697 864 762 universitas
892 697 1001 760 civium
1028 695 1270 780 Bnnonyensium

70 824 166 866 omnes
184 801 225 887 ο)
243 804 366 870 litteras
390 807 579 890 inspecturos
604 808 683 870 scire
705 809 839 872 uolumus
863 827 899 870 ac
921 805 1041 890 publice
1057 812 1269 888 protestamur,

71 912 140 995 quod
164 935 222 976 nos
247 917 344 979 telem
366 917 527 1000 plebanum
545 919 576 980 in
599 917 734 982 omnibus
757 916 893 1000 negociis
917 917 981 980 sive
1009 916 1124 980 censis·
1138 917 1268 981 civitatis

69 1027 162 1085 nostre
179 1032 416 1105 procuratorem
432 1027 496 1102 sire
513 1026 669 1110 syndicum
686 1025 894 1090 constituimus
912 1031 942 1092 et
957 1029 989 1089 in
1006 1027 1085 1090 omni
1102 1028 1268 1109 emergenti

66 1131 190 1211 negocio
217 1138 286 1196 tem
303 1136 421 1216 agendo
439 1157 527 1220 quem
554 1135 766 1220 respondendo
799 1135 896 1199 tocius
929 1135 1131 1202 univcrsitatis
1163 1141 1266 1200 nostre

67 1256 181 1306 oensem
201 1239 304 1329 ipsius
329 1244 521 1310 sollicitudini
538 1251 568 1310 et
583 1243 653 1308 fidei
671 1242 892 1316 committimus,
915 1248 1011 1308 ratum
1027 1243 1068 1330 d)
1091 1249 1122 1309 ct
1137 1250 1264 1328 gratum.

433 1449 587 1514 lrectetus
603 1449 826 1514 leneterlernn
847 1442 895 1530 e),

565 1567 759 1631 arscennene).

140 1693 568 1759 Dicunturentcmdonetorie
581 1714 599 1759 e
612 1694 702 1767 dono,
710 1713 746 1757 eo
756 1691 909 1776 quodplus
918 1689 1161 1773 grecichebeent
1173 1709 1262 1774 quesn

64 1803 143 1877 iuris;
167 1805 245 1869 item
264 1805 405 1870 'dicuntur
422 1804 576 1869 donatoris
593 1807 623 1869 in
640 1803 747 1888 quibus
766 1808 796 1867 et
811 1822 867 1886 per
879 1821 957 1894 ¹quas
976 1801 1111 1865 dominus
1124 1821 1202 1884 pepe
1213 1802 1260 1866 rel

64 1912 127 1975 ebus
142 1914 235 1978 index
253 1915 425 1979 ordinarius
442 1913 648 1999 episcopatum
663 1915 711 1978 vel
727 1913 815 1976 eliam
828 1910 1067 1978 ecclesiasticam
1083 1909 1259 1994 dignitatem

66 2022 177 2088 alicuius
193 2024 356 2098 beneficii,
373 2025 457 2088 cuius
476 2024 602 2088 donacio
620 2024 658 2087 ad
680 2044 747 2088 eum
764 2023 903 2088 devoluta
920 2026 983 2095 est,
1007 2022 1099 2085 donat
1115 2019 1203 2084 elicui
1221 2021 1258 2085 de
1269 2029 1368 2070 Fri-¹⁸0

60 2132 155 2212 grecie
183 2136 327 2217 speciali.
365 2133 541 2198 Devolvitur
573 2140 673 2198 autem
710 2134 757 2197 ius
795 2131 970 2196 donacionis
986 2129 1040 2194 ·ed
1073 2128 1258 2213 superiorem

60 2242 215 2306 secundum
243 2245 294 2307 ius
324 2242 512 2315 canonicum,
535 2243 560 2304 si
574 2242 617 2330 y)
634 2242 775 2306 videlicet
798 2239 962 2304 secundum
984 2245 1101 2322 tempus
1124 2239 1258 2304 debitum

13 2341 15 2372 ³
60 2368 112 2412 non
128 2352 252 2434 eligitur
269 2353 348 2438 quis,
364 2354 411 2418 vel
428 2353 454 2416 si
471 2352 567 2417 minus
585 2353 711 2416 idoneus
735 2351 856 2435 eligitur
877 2350 924 2413 vel
946 2355 1148 2433 presentatur,
1164 2351 1213 2416 rel
1230 2349 1256 2413 si
1286 2407 1289 2411 .

14 2449 15 2452 ’
62 2456 206 2527 discordat
222 2462 387 2546 capitulum
403 2461 538 2545 partibus
556 2460 752 2526 existentibus
769 2460 1076 2544 utrobique—Sunt
1089 2461 1256 2527 autemduc

13 2605 15 2658 ξ
61 2571 168 2650 specics
185 2573 430 2638 donatorierum:
448 2573 680 2644 condicionalis
695 2570 837 2637 videlicet
856 2576 886 2635 ct
899 2593 996 2637 mero.
1016 2573 1253 2640 Condicionalis

13 2671 15 2754 3
63 2684 111 2749 est,
123 2680 171 2743 ubi
185 2683 327 2746 dominus
342 2702 420 2766 pepe
435 2683 483 2746 rel
499 2681 574 2745 elius
591 2681 680 2744 iudex
697 2678 864 2744 ordinarius
881 2701 941 2743 non
958 2686 1005 2744 cst
1020 2687 1139 2756 certus,
1156 2687 1255 2747 utrum

13 2785 15 2830 t
62 2786 95 2848 ed
109 2809 173 2854 cum
188 2793 237 2855 vel
251 2793 291 2856 ed
308 2793 396 2857 elium
414 2793 454 2855 sit
469 2792 595 2855 donacio
610 2791 759 2863 devoluta,
777 2787 834 2852 nisi
852 2810 887 2852 ex
902 2790 1053 2856 relacione
1066 2791 1253 2876 impetrantis

13 2953 15 2984 :
64 2900 88 2958 ct
100 2903 167 2963 tunc
185 2901 313 2966 scribit:
340 2901 386 2976 „si
403 2901 445 2965 ite
462 2906 546 2974 cst;“
565 2901 619 2964 sed
635 2897 675 2986 d)
693 2900 724 2962 in
735 2899 795 2963 boc
808 2919 882 2964 casu
898 2901 1073 2982 prohacioni
1086 2925 1146 2968 non
1158 2907 1255 2967 stetur

13 2999 15 3074 l
64 3003 249 3086 impetrantis.
273 3013 366 3078 Mero
389 3016 447 3084 est,
470 3010 520 3074 ubi
547 3009 683 3073 dominus
706 3029 784 3092 papa
807 3011 854 3073 vel
875 3009 950 3074 alius
973 3011 1062 3077 iudex
1083 3011 1253 3077 ordinarius

13 3097 14 3110 ¹
65 3120 150 3179 certus
178 3126 226 3185 est
255 3122 334 3185 forte
363 3142 399 3185 ex
426 3120 499 3184 fecti
523 3119 681 3184 evidencie
707 3120 755 3182 rel
780 3139 816 3182 ex
839 3121 1036 3187 confessione
1060 3122 1182 3207 capituli
1205 3120 1253 3186 vel

66 3221 173 3290 eliorum
194 3229 382 3312 ydoneorum
413 3229 543 3294 virorum
574 3228 798 3293 assercionibus
829 3234 912 3294 tento
944 3233 1085 3298 videlicet
1114 3240 1251 3317 tempore

64 3349 174 3402 vacasse
187 3339 379 3414 beneficium,
396 3339 476 3424 quod
493 3339 521 3402 ei
534 3360 570 3402 ex
583 3344 654 3403 tunc
671 3346 843 3422 competere
857 3342 1005 3436 inceperit
1021 3344 1085 3408 eius
1103 3343 1248 3416 donacio;

65 3440 107 3505 ubi
120 3445 165 3510 ille
178 3449 316 3514 condicio
342 3449 375 3539 i]
395 3448 441 3526 „si
458 3449 500 3513 ite
517 3454 582 3513 est“
600 3449 700 3540 locum
716 3471 776 3514 non
791 3450 892 3515 hebet.
907 3493 950 3504 -
964 3453 1127 3519 Sciendum
1139 3459 1249 3529 autent,

67 3557 133 3633 quod
160 3559 191 3624 in
216 3561 328 3627 talibus
354 3561 450 3625 literis
479 3561 654 3644 frequenter
679 3560 801 3642 ponitur
828 3563 977 3638 condicio,
1005 3565 1062 3629 nisi
1087 3587 1123 3630 ex
1146 3565 1249 3650 gracie

13 3675 14 3700 ³
68 3660 223 3736 dimittatur.
240 3672 298 3735 Est
313 3677 412 3736 autem
430 3669 567 3734 condicio
580 3671 660 3743 talis,
673 3691 731 3755 quc
743 3678 813 3757 poni
826 3674 903 3739 solet
918 3674 964 3750 „si
976 3674 1056 3739 aliud
1072 3679 1249 3742 canonicum

69 3791 116 3836 nou
129 3776 256 3855 obstat“,
270 3787 321 3846 eut
335 3783 381 3858 „si
394 3782 467 3846 alies
480 3782 615 3864 ydoneus
629 3782 860 3865 reperitur“.-
869 3785 984 3852 Scribit
999 3792 1098 3852 autem
1111 3788 1247 3854 dominus

67 3897 131 3965 pepe
146 3890 189 3951 rel
206 3890 280 3955 alius
296 3891 385 3956 iudex
402 3891 568 3956 ordinarius
582 3893 712 3956 ecclesie
728 3895 775 3957 rel
793 3894 923 3979 capitulo
944 3883 1033 3962 modo
1054 3897 1247 3963 salutacionis

70 4003 203 4073 consueto,
220 4005 251 4065 et
265 4002 386 4084 ponitur
402 4002 625 4066 commendacio
642 4024 782 4086 persone,
806 4005 854 4068 cui
876 4005 1054 4070 beneticrum
1082 4008 1243 4074 confertur.

144 4143 175 4208 o)
190 4149 371 4205 universitatis
384 4149 520 4205 emlteudc
533 4151 579 4204 fiir
592 4151 640 4205 dee
654 4151 687 4205 ine
693 4151 780 4207 Texta
793 4146 1015 4226 ausgestricbcns
1028 4154 1203 4210 visitacionis.
1215 4187 1242 4195 -

71 4225 95 4296 6)
127 4232 154 4287 Α·
167 4235 193 4291 Ζ.
214 4270 241 4280 -
257 4241 290 4312 c)
304 4245 446 4315 presentes
459 4243 488 4298 Z.
504 4273 534 4284 —
550 4245 586 4316 d)
600 4247 687 4300 ratum
704 4246 819 4302 babituri
839 4241 968 4322 quidquid
987 4248 1014 4302 in
1031 4248 1131 4304 eisdem
1145 4250 1246 4305 uostris

71 4325 164 4390 *sentis
176 4335 320 4407 peripsum
344 4338 443 4391 fectum
455 4337 537 4392 fuerit
551 4338 607 4393 sire
625 4338 733 4395 dictum.
752 4341 811 4396 Det.
826 4345 878 4397 etc.
892 4345 920 4403 Z.
932 4375 968 4385 —-
981 4346 1012 4416 θ)
1026 4345 1082 4402 sire
1095 4345 1244 4401 litterarum

72 4426 114 4480 (1¹¹0
125 4435 198 4492 super
209 4427 396 4483 collationibus
409 4430 596 4485 beneficiorum
610 4431 706 4488 dentur
719 4451 759 4489 em
773 4435 862 4490 Raude
872 4436 900 4492 V.
912 4437 946 4509 f)
960 4436 1026 4493 [list.
1040 4437 1081 4494 Vl.
1095 4438 1124 4495 V.
1136 4469 1163 4478 -
1170 4439 1205 4512 y)
1220 4436 1244 4494 si

70 4501 125 4560 lcbll
137 4511 164 4564 V.
178 4546 203 4556 -
217 4517 251 4583 b)
268 4519 289 4570 si
301 4518 332 4573 V.
349 4551 377 4560 —
393 4521 421 4590 i)
435 4524 593 4579 constitutio
607 4525 636 4582 V.

120 4607 203 4666 rents..
214 4620 282 4667 enen.
293 4622 322 4666 rr.
333 4621 374 4668 re.
386 4623 455 4668 xxv.
508 4609 515 4622 ’
710 4659 720 4678 .
1001 4619 1019 4672 ³
