3100 5116
889 485 925 556 9.

525 737 528 746 ¹
547 661 713 743 Imperator
729 661 848 724 ‹lomlro
865 678 942 744 pope
958 660 1190 724 commendando
1208 665 1265 725 etc.

305 822 355 876 uin
375 822 472 877 Kaisar
490 822 557 874 oder
574 818 663 890 Kdnip
683 818 766 874 belodt
783 819 861 874 cirtem
879 821 962 891 Papet
979 834 1071 891 saepem
1087 820 1178 875 aenaea·
1199 821 1313 892 Strenpe
1329 836 1420 891 Μαι
1437 835 1503 874 ω·

448 918 567 982 geortete
582 907 728 964 Geiccla'obe
739 910 796 964 und
807 908 958 982 verapricbt
970 907 1016 964 ico
1030 909 1109 966 daria
1122 927 1154 964 zu
1166 916 1358 964 cameracen.

398 1054 521 1115 Gerbert,
533 1055 559 1116 8,
575 1052 619 1108 33.

396 1197 609 1262 crescentibus
628 1218 747 1281 semper
762 1204 923 1281 augmento
946 1197 1062 1263 fervide
1086 1197 1219 1264 caritatis
1242 1198 1397 1281 igniculis,
1424 1217 1498 1284 qnos

306 1313 433 1391 paterna
444 1306 603 1390 precordia
616 1327 689 1390 erge
701 1306 792 1372 lilium
805 1306 999 1390 singularem,
1013 1307 1099 1393 quasi
1112 1307 1150 1372 de
1164 1307 1280 1372 camino
1293 1307 1354 1370 iam
1368 1307 1504 1390 copioso.

307 1417 468 1500 llagranter
481 1415 623 1489 educunt,
637 1421 721 1480 certa
733 1417 885 1481 relacione
904 1417 997 1481 menti
1015 1423 1119 1481 nostre
1132 1417 1177 1480 sic
1190 1423 1238 1480 est
1250 1417 1351 1502 infusa
1365 1417 1504 1480 diffusius

308 1531 339 1590 et
349 1524 542 1590 interioribus
555 1523 667 1589 nostris
680 1525 851 1608 expressius
865 1530 912 1589 est
924 1525 1060 1608 inpressa
1075 1525 1170 1589 vestri
1181 1524 1295 1590 favoris
1307 1525 1454 1590 benivola
1466 1525 1505 1613 a)

307 1632 471 1716 plenitudo,
488 1631 596 1718 quibus
613 1653 668 1697 nos
685 1639 787 1697 vestra
803 1632 974 1715 benignitas
990 1635 1184 1718 prosequitur
1200 1632 1404 1706 incessanter,
1423 1634 1505 1718 quod

308 1740 346 1804 de
362 1741 402 1828 b)
417 1740 477 1805 hoc
498 1741 537 1805 ad
558 1741 656 1805 laudis
679 1739 778 1806 divine
803 1743 952 1806 canticum
969 1741 1007 1828 e)
1024 1741 1273 1826 gratdabundius
1290 1749 1505 1827 exsurgentes,

306 1852 345 1916 ad
360 1847 578 1915 redibicionem
594 1850 755 1934 gratuitam
771 1856 876 1916 eterno
894 1851 983 1935 patri,
1000 1851 1131 1916 ecclesie
1147 1871 1203 1915 suc
1219 1858 1336 1924 sancte,
1362 1873 1423 1916 nec
1448 1871 1506 1916 nou

307 1967 339 2027 et
353 1959 439 2025 vobis
455 1958 629 2024 beatissime
644 1966 742 2041 pater,
759 1961 951 2024 vehementer
966 1960 1169 2033 accendimur,
1187 1965 1218 2025 et
1231 1981 1266 2023 ex
1276 1960 1411 2024 bominis
1430 1961 1507 2026 diri-

306 2089 402 2155 usque
429 2068 570 2151 potencia
593 2067 834 2132 desiderabiliter
856 2067 1030 2142 excitamur,
1053 2073 1148 2133 totum
1172 2067 1203 2130 id
1237 2068 1318 2152 quod
1342 2088 1450 2134 sumus
1478 2075 1507 2132 et

307 2199 466 2262 possumus
483 2179 591 2265 uestris
609 2177 826 2261 specialissime
842 2177 964 2242 nutibus
982 2183 1176 2260 exponentes.
1191 2215 1235 2225 -
1247 2178 1340 2241 Porro
1354 2177 1387 2240 in
1402 2185 1504 2241 vestro

307 2287 483 2370 predicabili
505 2287 569 2352 uelo
589 2287 726 2358 iusticie,
754 2286 842 2350 velud
864 2285 895 2349 in
910 2287 953 2373 d)
974 2291 1140 2351 aromatum
1162 2285 1312 2370 exquisita
1333 2286 1504 2369 flagrancia

308 2396 460 2470 delectati,
476 2416 531 2479 pro
548 2415 584 2459 eo
602 2394 752 2467 videlicet,
766 2394 846 2479 quod
859 2382 1235 2478 exorbitantes'hucusque
1250 2393 1412 2476 pontifices
1432 2397 1505 2459 etin

308 2505 428 2569 devium
444 2503 622 2588 obliquatos,
644 2501 910 2566 animadversionis
934 2503 1036 2567 debite
1053 2503 1153 2586 gladio
1167 2502 1353 2585 perculistis,
1378 2509 1505 2585 paterne

307 2612 500 2697 providencia
515 2611 701 2694 pollicemur,
724 2609 805 2694 quod
821 2611 847 2674 si
864 2611 1019 2694 contingat
1035 2631 1071 2674 ex
1093 2612 1137 2675 eis
1160 2611 1299 2674 fortassis
1317 2613 1503 2696 quempiam,

309 2720 524 2806 quantumlibet
545 2719 641 2783 eciam
662 2717 748 2783 nobis
770 2719 1031 2806 consanguinitate
1054 2720 1101 2782 vel
1122 2717 1269 2784 affinitate
1291 2721 1502 2794 coniunctum,

309 2831 360 2915 qui
374 2829 486 2894 suerint
501 2827 653 2911 reprobati
670 2847 688 2890 a
702 2828 767 2891 Deo
784 2835 815 2891 et
829 2847 883 2911 per
900 2848 934 2892 os
951 2827 1081 2893 ecclesie
1098 2849 1152 2893 sue
1169 2834 1274 2892 sancte
1291 2835 1400 2894 contra
1423 2851 1506 2894 man·

309 2940 380 3004 data
405 2943 506 3001 vestra
538 2933 712 3000 calcaneum
740 2935 945 3001 indevocionis
973 2937 1110 3020 erigere:
1146 2937 1183 3000 ad
1215 2936 1294 3002 illius
1330 2939 1504 3022 superbiam

309 3047 517 3120 edomandam,
526 3046 684 3110 dummodo
698 3045 849 3110 sanctitati
860 3054 960 3111 vestre
973 3046 1130 3128 placuerit,
1143 3069 1192 3114 res
1206 3067 1359 3130 exponere
1372 3050 1503 3114 volumus

310 3176 377 3220 eum
392 3174 532 3238 persona.

399 3281 532 3338 Bodmaun
549 3300 577 3353 p.
598 3279 650 3334 143
670 3280 724 3335 und
737 3280 839 3335 Stobbe
853 3297 895 3334 no.
910 3277 962 3334 180
976 3279 1036 3352 (bei
1047 3282 1185 3336 letaterem
1197 3283 1244 3336 mit
1257 3284 1307 3337 der
1320 3271 1502 3339 llberscbrist:

311 3373 484 3446 Regraciaele
498 3370 569 3442 regis
580 3372 613 3425 ad
625 3387 720 3443 papam
734 3387 793 3426 cum
806 3369 862 3424 aliia
877 3369 1048 3443 quibusdam)
1067 3371 1132 3426 arrei
1145 3371 1225 3427 satae
1239 3373 1331 3429 mebra
1350 3373 1401 3429 der
1419 3373 1502 3444 cong

310 3469 415 3540 schlagt
427 3464 514 3537 einlge
527 3463 692 3521 Candidatcn
703 3463 746 3519 liir
759 3465 870 3518 vacante
883 3461 996 3518 llircben
1010 3481 1074 3520 vor:
1088 3464 1214 3520 Celerum
1228 3493 1263 3504 -
1276 3482 1396 3537 process
1403 3467 1466 3522 isse.

884 3635 945 3707 10.

681 3775 845 3860 imperator
860 3777 996 3856 indulget
1012 3783 1068 3841 ete.
1085 3774 1132 3860 e).

316 3905 365 3960 cin
388 3903 485 3958 Kaiacr
506 3899 660 3972 ermbebtt’pt
677 3900 753 3955 einen
765 3897 851 3954 boden
865 3896 1022 3970 pcmtlicben
1041 3900 1261 3972 worcenrroqer,
1275 3899 1363 3956 ciuem
1374 3903 1499 3975 peccem

313 3993 477 4059 Ambrosius,
490 3991 560 4047 nacb
573 3990 708 4062 Ablepung
721 3991 769 4044 dea
777 3988 1000 4051 lidelitdtaeidee,
1015 3994 1074 4043 Amt
1087 3991 1143 4044 und
1151 3989 1315 4062 Bcfupoieae
1324 3993 1400 4047 cinea
1411 3993 1503 4064 offena.

710 4078 798 4136 lr‘ebea
809 4081 909 4135 Notene
919 4097 952 4134 cu
963 4078 1104 4136 verleibcn.

402 4194 449 4258 Ne
472 4197 677 4257 contractuum
699 4191 843 4254 memoria
864 4189 1024 4271 disperiret
1045 4189 1196 4254 inventum
1219 4197 1267 4256 est
1289 4191 1499 4258 tabellionatus

314 4303 456 4374 officium,
471 4323 531 4387 quo
548 4304 721 4365 contractus
736 4299 873 4382 legittimi
896 4298 933 4360 ad
956 4299 1102 4363 cautelam
1123 4300 1319 4383 presencium
1344 4309 1376 4368 et
1392 4324 1501 4369 memo·

403 4432 437 4500 a)
457 4427 633 4486 benivolencia
652 4425 682 4481 V.
695 4455 730 4467 -
750 4426 782 4497 d)
803 4442 837 4480 cx
854 4426 882 4480 Z.
901 4456 928 4466 -
944 4427 976 4495 c)
990 4424 1100 4482 canticis
1119 4425 1147 4480 Z.
1162 4455 1196 4467 -
1209 4427 1244 4492 d)
1258 4429 1286 4481 in
1307 4429 1379 4484 feblt
1392 4433 1418 4486 Ζ.
1435 4450 1458 4485 ιι.
1472 4431 1500 4484 l.

320 4552 345 4560 -
363 4522 395 4591 e)
410 4521 555 4592 lrnperator
567 4521 598 4576 N.
611 4535 694 4590 super
707 4518 797 4575 officio
811 4519 999 4575 tabellionatus
1011 4520 1040 4573 Ζ.
