3116 5124
298 261 347 330 ot

297 433 381 514 pacis
398 431 595 495 hereditatem
612 431 674 494 suis
691 431 721 492 in
737 435 917 496 testamento
931 432 1148 515 quodammodo
1162 432 1312 513 delegavit
1327 444 1477 514 „paccm“,

295 541 447 624 inquiens:
475 557 590 613 „meam
607 538 645 600 do
662 537 745 600 vobis
762 553 869 620 pacem
885 539 1019 622 relinquo
1036 538 1141 601 vobis“
1168 538 1208 626 1),
1237 540 1267 602 in
1284 540 1388 606 ultimo
1405 542 1480 624 quasi

296 667 467 730 proponens
489 651 522 710 ut
544 647 629 729 pacis
652 645 776 710 verbum
796 647 827 708 in
850 647 1041 710 audiencium
1065 646 1207 712 cordibus
1224 648 1317 710 artius
1334 647 1478 730 figeretur.

278 756 279 762 ’
297 757 382 820 Unde
398 776 465 828 nos,
482 756 533 838 qui
549 754 621 818 licet
641 754 771 819 inmeriti
789 755 853 820 cius
870 755 936 818 vice
953 755 1085 836 potimur
1099 756 1129 818 in
1146 755 1246 823 terris.
1263 775 1382 818 summo
1399 776 1480 838 opere

298 863 442 928 debemus
464 869 621 945 satagere,
649 869 682 927 ut
709 862 787 927 inter
807 863 964 926 discordes
986 865 1072 945 pacis
1093 865 1254 934 vinculum,
1273 864 1356 946 quod
1373 864 1482 927 discen·

299 974 390 1037 sionis
408 979 514 1038 auctor
530 972 634 1038 nititur
650 973 797 1055 inpedire,
815 978 917 1037 nostra
934 973 1133 1038 sollicitudine
1150 975 1342 1038 reformetur.

689 1173 785 1257 Super
800 1193 877 1238 nova
891 1175 1092 1257 plantacione.

806 1298 981 1344 mmmm

391 1437 504 1501 Sancta
531 1436 637 1517 religio
665 1435 787 1498 celestis
814 1435 1045 1516 pulchritudinis
1066 1436 1197 1525 ymagini
1226 1457 1259 1499 se
1286 1436 1483 1508 conformans,

269 1533 270 1540 ἵ
300 1545 372 1610 illud
387 1545 516 1608 alacrius
532 1542 642 1626 agitio
658 1543 759 1615 terris,
776 1544 856 1627 quod
873 1545 996 1626 angelos
1014 1564 1155 1608 exercere
1172 1546 1334 1627 cognoscit
1354 1545 1387 1607 in
1409 1545 1482 1615 celis,

299 1653 406 1716 ludens
422 1653 453 1715 in
468 1652 524 1715 Dei
539 1651 677 1717 laudibus
700 1657 813 1726 ettam
835 1653 999 1725 mercium,
1028 1671 1117 1735 quam
1138 1673 1246 1738 vocum
1268 1653 1353 1744 dulci
1375 1651 1481 1716 modulo

300 1762 462 1834 iubilando,
479 1761 548 1825 dum
563 1781 619 1842 per
634 1765 842 1843 paupertatem
858 1761 1054 1825 voluntariam
1066 1781 1083 1824 a
1097 1782 1130 1824 se
1143 1761 1285 1825 mundum
1301 1768 1335 1825 et
1350 1762 1486 1825 mundana
1533 1750 1538 1759 ’

303 1870 435 1956 quelibet
461 1869 599 1952 libenterx
616 1869 752 1941 abdicat,
781 1869 851 1932 dum
879 1870 959 1953 quod
987 1889 1042 1952 per
1069 1870 1239 1934 castitatem
1266 1871 1435 1952 angelicam
1459 1891 1485 1933 se

303 2000 394 2062 supra
411 1998 532 2042 carnem
549 1983 580 2040 et
596 1997 631 2041 ea
648 1997 706 2060 que
723 1978 822 2040 carnis
840 1984 910 2041 sunt
925 1984 1066 2060 potenter
1082 1978 1189 2050 elevat,
1207 1979 1339 2062 dumque
1363 1980 1487 2061 ponendo

301 2069 437 2152 homines
465 2107 557 2169 super
584 2086 683 2168 capita
712 2106 766 2151 sua
794 2091 893 2150 motus
926 2087 1064 2168 proprios
1096 2085 1272 2150 obediencie
1302 2087 1486 2170 subjeccione

303 2202 429 2270 coartat,
446 2200 572 2279 apparet
588 2195 669 2276 quod
691 2193 902 2258 observatores
925 2195 989 2258 eius
1012 2214 1071 2257 non
1093 2194 1246 2258 ambulant
1269 2215 1341 2258 curn
1363 2195 1486 2259 animali-

302 2306 370 2379 bus,
401 2302 608 2387 gradientibus
641 2323 732 2385 super
762 2308 889 2377 terram,
922 2285 985 2364 sed'
1007 2302 1113 2386 pocius
1140 2302 1319 2388 admirante,
1340 2305 1486 2387 propheta,

303 2417 403 2479 volant
418 2420 451 2477 ut
466 2412 561 2476 nubes
577 2432 633 2495 per
648 2431 719 2475 aera
734 2412 841 2493 pennis
856 2411 997 2475 virtutum
1010 2419 1040 2475 et
1053 2412 1320 2494 contemplacionis
1340 2413 1484 2477 desideriis

305 2521 421 2585 elevati.
453 2521 528 2583 Hinc
551 2525 598 2582 est
620 2519 699 2602 quod
715 2519 851 2582 homines
873 2525 979 2582 natura
1003 2519 1122 2602 quidem
1145 2520 1287 2602 fragiles,
1315 2522 1374 2584 sed
1396 2521 1486 2585 celesti

305 2629 536 2693 conversacione
552 2626 692 2689 sublimes
710 2633 934 2710 congregantur
948 2629 978 2692 in
994 2648 1102 2700 unum,
1118 2629 1267 2710 prodeunt
1282 2630 1314 2692 in
1331 2632 1441 2701 altum:
1456 2629 1485 2691 de

306 2759 381 2802 novo
398 2744 499 2800 erecta
517 2737 712 2807 monasteria,
740 2737 844 2799 altaria
867 2737 966 2801 divirm
983 2744 1185 2819 consurgunt,
1214 2744 1346 2819 augetur
1363 2739 1485 2808 devocio,

307 2847 446 2910 dilatatur
467 2864 608 2908 numerus
637 2843 827 2916 devotorum,
855 2865 924 2908 cum
946 2845 986 2908 illi
1014 2851 1155 2932 tanquam
1177 2865 1248 2908 vera
1270 2849 1375 2910 mundi
1391 2846 1486 2910 lumina

307 2956 448 3020 scintillas
466 2954 650 3036 exemplares
668 2973 798 3035 superne
814 2955 911 3036 patrie
935 2955 1071 3018 emittere
1095 2961 1330 3036 cognoscuntur.
1365 2958 1426 3020 Hac
1441 2975 1484 3018 nos

306 3055 398 3146 igitur
419 3063 503 3127 suavi
518 3061 697 3124 invitacione
714 3080 749 3123 ac
767 3061 878 3126 salubri
895 3061 1065 3126 imitacione
1080 3062 1194 3125 inducti
1211 3069 1268 3126 eto.

308 3267 455 3349 luctpiunt
474 3264 597 3328 exordia
620 3264 832 3347 imperatorum
850 3268 880 3326 et
896 3283 995 3344 regum
1012 3265 1206 3327 homanorum
1222 3283 1312 3348 super
1328 3267 1485 3331 detersione

802 3374 1005 3436 ecclesiarum.

710 3543 713 3551 ,
781 3496 908 3540 Distiuclio
936 3479 978 3540 Xl¹
993 3497 1029 3553 a).

399 3634 472 3696 Cum
488 3634 573 3694 favor
590 3637 620 3694 et
635 3631 837 3713 proteccionis
854 3637 956 3695 nostre
974 3633 1077 3713 gracia
1094 3633 1230 3715 personis
1254 3653 1375 3715 semper
1394 3633 1484 3698 adesse

310 3744 418 3807 debeat
433 3741 599 3822 religiosis,
622 3761 675 3822 pro
698 3741 873 3804 reverencia
893 3742 967 3805 lesu
984 3741 1095 3824 Christi
1117 3743 1199 3824 pium
1222 3763 1291 3806 esse
1314 3743 1484 3807 decrevimus

309 3861 339 3918 et
355 3857 588 3918 consentaneum
605 3851 735 3921 racioni,
765 3855 912 3932 quatenus
934 3851 989 3913 viri
1006 3853 1069 3914 Deo
1088 3852 1179 3916 dicati
1203 3852 1312 3935 ubique
1337 3873 1392 3935 per
1406 3854 1484 3932 impe-

308 3964 383 4026 rium
400 3969 431 4026 et
445 3969 541 4024 terras
559 3957 687 4021 dominio
708 3963 808 4020 nostro
827 3958 979 4022 subiectas
997 3959 1126 4024 debeant
1142 3962 1379 4025 misericorditer
1400 3956 1479 4038 recipi

310 4080 340 4136 et
361 4072 399 4138 ab
422 4069 557 4133 omnibus
579 4069 674 4130 Deum
697 4067 871 4131 timentibus
894 4088 962 4132 cum
985 4070 1213 4134 elemosinarum
1237 4077 1266 4133 et
1287 4070 1483 4134 beneficiorum

308 4181 471 4263 largicione
489 4176 642 4241 caritative
660 4175 876 4258 quodammodo
893 4178 1081 4257 pertractari.
1114 4180 1159 4242 hd
1175 4180 1332 4263 utriusque
1350 4181 1422 4243 enim
1436 4175 1482 4240 vite

401 4305 435 4374 a)
450 4304 517 4358 Dist.
531 4302 564 4354 lll
579 4301 645 4355 lchlt
655 4301 683 4353 Z.
697 4299 749 4353 und
761 4301 790 4354 V.

309 4423 633 4440 Μ

349 4488 371 4547 1)
387 4489 469 4531 Pacem
482 4485 590 4540 relinquo
603 4481 680 4535 vohis,
694 4493 775 4537 pacem
789 4495 862 4526 meam
876 4482 907 4527 do
919 4483 996 4528 vobis.
1007 4485 1095 4544 Evang.
1110 4485 1208 4529 secund.
1222 4486 1333 4531 loannem
1348 4485 1382 4539 tl,
1394 4485 1428 4528 27.
