3108 5118
1191 344 1267 415 319

65 521 175 604 pimus
200 519 240 606 ¹),
271 521 486 604 solempnitate
517 539 572 602 qua
610 520 711 583 decuit
739 522 907 584 manil'csta.
941 521 1150 604 supplicamus
1179 521 1279 602 itaque

63 635 173 693 vestre
199 629 336 712 piissime
364 626 554 710 paternitati,
581 631 727 710 quatenus
751 628 888 713 predicto
912 629 1031 692 domino
1047 633 1150 692 nostro
1166 628 1279 690 favoris

63 737 262 820 plenitudine
296 742 326 800 et
356 735 467 800 affectu
495 736 691 819 benignitatis
714 737 802 800 solite
825 743 884 801 tam
906 744 1030 822 paterne
1048 743 1154 800 ettam
1170 739 1219 821 pie
1241 739 1278 801 ad

63 849 183 912 bonnm
215 853 325 911 statum
344 847 505 910 christiani
521 847 623 930 populi
640 846 805 929 dignemini
823 847 983 919 assistere,
1018 853 1051 910 ut
1076 867 1133 930 pax
1161 848 1279 931 disper-

69 958 135 1022 dita
153 959 314 1032 retloreat,
330 956 467 1020 heretica
485 956 584 1021 exalet
601 961 638 1040 a)
654 958 798 1041 pravitas,
816 963 846 1020 et
862 955 930 1020 fidei
949 956 1112 1022 orthodoxe
1128 957 1278 1040 plantacio

68 1074 187 1133 contra
208 1066 309 1131 crucis
327 1065 437 1130 Christi
453 1066 566 1130 emulos
584 1066 622 1132 ad
639 1067 750 1132 Christi
766 1068 891 1150 gloriam
908 1088 942 1130 se
958 1067 1070 1131 dilatet.

652 1294 714 1363 20.

453 1469 626 1538 consonus
644 1472 674 1536 ll.
692 1471 820 1554 prlnotpl
834 1472 898 1535 tall.

63 1637 123 1690 Der
140 1636 261 1689 Conderet
273 1633 347 1688 eines
361 1633 481 1687 Kloetere
493 1631 598 1688 scendet
612 1631 671 1686 sich
679 1673 689 1699 ,
713 1630 843 1686 adeladem
858 1629 947 1685 dieses
964 1630 1055 1684 scinco
1071 1633 1178 1686 Gonner
1191 1631 1275 1686 darach

112 1727 168 1780 den
187 1727 245 1779 Tod
256 1727 390 1790 verloren,
403 1741 438 1777 an
452 1724 527 1778 elaea
541 1723 625 1777 hohen
642 1720 804 1778 Geictle'ehen
818 1723 874 1776 uad
886 1721 1018 1776 hildetida
1030 1741 1073 1780 aaa
1086 1723 1223 1778 Beietand.

162 1868 247 1923 Goth.
262 1867 287 1931 l,
302 1869 345 1922 42.

165 2016 364 2100 Propinatum
389 2015 476 2079 nobis
502 2037 597 2098 nuper
621 2037 656 2078 ex
682 2016 801 2097 lugubri
825 2016 907 2080 obitu
932 2017 981 2098 pie
997 2016 1222 2080 recordacionis
1238 2017 1275 2080 N.

68 2128 138 2192 dire
177 2126 264 2189 valde
294 2126 499 2190 amaritudinis
528 2125 653 2189 calicem
681 2125 848 2188 lacrimosis
876 2127 1013 2207 suspiriis
1038 2125 1077 2211 b)
1093 2124 1277 2197 haurientes,

67 2240 143 2302 dum
163 2235 395 2299 consideramus
412 2237 442 2298 in
459 2233 584 2305 intimis,
601 2255 656 2296 nos
675 2255 710 2298 ex
722 2234 914 2298 ammissione
932 2235 1026 2317 ipsius
1043 2235 1276 2320 irrecuperabile

70 2349 245 2429 dampnum
258 2364 374 2427 passos,
393 2344 431 2407 ad
444 2343 565 2407 unicum
577 2345 762 2408 recurrimus
776 2344 879 2408 sedula
892 2346 1092 2411 meditacione
1108 2346 1274 2418 eonsilium,

66 2455 154 2540 quod
186 2476 222 2517 ex
251 2474 310 2537 quo
342 2473 447 2517 manus
477 2452 620 2516 altissimi
644 2458 705 2516 tam
729 2454 814 2535 gravi
837 2460 986 2537 punctura
1010 2474 1064 2517 nos
1094 2455 1222 2537 pupugit
1247 2461 1277 2518 et

67 2570 251 2650 promotore
273 2568 334 2626 tam
362 2562 445 2645 vigili
462 2562 604 2644 privavit:
631 2562 661 2624 in
685 2583 737 2624 vos
762 2561 942 2626 fiducialiter
959 2585 1075 2629 omnem
1094 2565 1276 2646 agendorum

67 2681 247 2741 nostrorum
279 2674 454 2754 congeriem
483 2691 700 2754 congeramus,
735 2679 836 2755 utpote
867 2673 916 2757 qui
946 2679 976 2736 et
1005 2675 1099 2738 nostis
1128 2683 1159 2740 et
1188 2678 1276 2741 vultis

67 2785 320 2852 necessitatibus
350 2787 506 2850 consulere
531 2784 569 2869 e)
587 2783 748 2846 amicorum
779 2803 814 2846 ac
843 2782 1077 2847 remediabiliter
1103 2785 1274 2852 subvenire.

67 2900 102 2961 ln
122 2895 212 2960 robis
237 2895 331 2978 igitur
347 2895 508 2959 anchoram
525 2895 588 2976 spei
608 2899 707 2956 nostre
724 2897 793 2973 post
808 2893 905 2956 Deum
920 2893 1063 2976 precipue
1080 2895 1275 2970 collocantes,

70 3006 254 3090 paternitati
272 3010 372 3068 vestre
389 3003 524 3086 piissime
542 3003 756 3085 supplicamus,
774 3008 922 3084 qrratenus
938 3004 1049 3067 nostris
1065 3007 1275 3085 promovendis

69 3122 100 3179 et
122 3115 319 3197 expediendis
345 3113 481 3196 negociis
508 3111 688 3176 salutaribus
713 3112 811 3176 velitis
837 3111 945 3175 adesse
962 3112 1095 3176 consiliis
1113 3119 1144 3176 et
1160 3117 1275 3180 auxiliis

68 3223 263 3308 opportunis.

168 3405 272 3458 Stobbe
299 3421 340 3457 no.
369 3405 428 3458 144.
456 3403 496 3458 Ad
529 3404 640 3458 amicum
667 3402 739 3474 quod
766 3405 800 3456 sit
826 3405 964 3476 propicius
983 3405 1075 3461 amico
1101 3407 1274 3476 conquerenti

67 3495 102 3548 de
117 3500 205 3549 morte
216 3493 302 3549 amici.
315 3495 447 3549 Rodmann
459 3516 484 3567 p.
499 3494 562 3550 223.
580 3526 606 3534 -
621 3495 715 3549 Philol.
730 3494 783 3547 383
797 3497 843 3549 fol.
857 3496 900 3549 23.
916 3498 963 3550 Die
976 3498 1110 3552 Annahme
1125 3495 1272 3559 Gerbcrt's,

68 3588 120 3641 der
146 3586 225 3639 Brief
247 3585 285 3639 sei
312 3603 362 3638 von
386 3587 470 3652 llbnig
496 3586 597 3639 liudolf
625 3602 657 3640 an
684 3586 785 3640 Rudolf
814 3603 863 3638 ron
891 3587 1035 3642 lloheneelr
1061 3587 1207 3658 gerichtet,
1239 3587 1274 3642 iet

68 3695 139 3747 ganz
165 3695 213 3732 ans
237 3678 285 3731 der
310 3678 374 3731 Lult
399 3677 538 3748 gegrithm.

171 3859 205 3928 a)
222 3859 325 3913 exultet
337 3859 358 3912 V
371 3859 425 3912 und
440 3858 466 3911 Z.
485 3889 511 3896 υ-
527 3858 558 3927 b)
574 3857 738 3928 singultibus
752 3859 795 3912 sur
810 3860 935 3930 suspiriis
949 3863 974 3914 Z.
986 3891 1015 3899 -
1026 3862 1058 3931 r)
1073 3861 1274 3918 necessitatibus

71 3952 222 4004 amicorum
238 3951 342 4003 sincere
357 3952 498 4004 consulere
512 3952 538 4004 Z.

97 4243 120 4302 1)
142 4241 247 4287 Gerbert
258 4240 368 4285 astitisset
380 4253 421 4285 aus
433 4241 512 4286 dieser
525 4243 607 4295 stelle,
624 4245 667 4288 der
678 4245 805 4289 Schrer'her
823 4259 921 4292 anseres
933 4247 1022 4292 bristou
1034 4247 1068 4290 sei
1082 4247 1140 4292 Gral
1150 4248 1271 4293 Meiohard

139 4338 185 4369 von
200 4325 263 4368 ίίὃη
280 4325 325 4367 orrd
337 4324 403 4368 Tirol
415 4323 461 4368 und
473 4325 554 4370 nimmt
565 4339 602 4379 sn,
620 4327 659 4370 dte
670 4327 818 4371 orientalium
831 4328 930 4384 portium
943 4329 1061 4386 principes
1074 4331 1138 4374 eeien
1152 4333 1273 4377 Friedrich

137 4420 183 4450 ron
197 4405 374 4462 salzburgum
388 4403 480 4463 Philipp
493 4416 538 4452 von
550 4407 677 4453 Kiirnthen.
690 4409 739 4454 Nur
757 4411 798 4455 des
815 4411 940 4456 Letzteren
958 4413 1094 4470 Belehnnng
1113 4415 1142 4457 ist
1163 4415 1271 4459 indessen

137 4488 280 4533 urhundlich
294 4488 342 4548 (om
353 4489 392 4532 27.
407 4489 597 4548 Februar1275J
611 4493 725 4538 erwtihot.
738 4493 795 4549 aeg.
809 4495 867 4538 llud.
881 4509 901 4538 n.
924 4495 980 4545 1573
996 4494 1039 4539 wir
1058 4507 1142 4554 wagan
1159 4496 1268 4541 ‹lesshalh

139 4574 207 4617 nieht
214 4570 289 4627 jener
302 4571 418 4614 dnnshme
430 4571 585 4617 beizntrcten.
608 4575 653 4617 ner
667 4574 741 4618 lnhalt
754 4575 795 4619 des
808 4576 898 4622 Briareo
911 4581 973 4632 passt
986 4589 1030 4619 nor
1047 4577 1069 4622 in
1083 4579 1269 4623 nossem-1274.
