3100 5116
362 918 408 1001 li.
433 915 565 1004 bitere
588 918 761 1033 papales,
785 916 1066 1032 imperatorum
1092 923 1208 1032 atque
1233 945 1382 1032 regum.

859 1155 890 1224 l.

610 1381 612 1395 Ι
644 1295 808 1378 Episcopus
824 1295 1025 1358 Romanorum
1043 1297 1115 1374 regi.

840 1419 919 1473 lert.

282 1527 440 1599 Enbieebof
456 1527 598 1584 Friedrich
620 1547 669 1584 von
692 1529 822 1600 Salzburp
843 1529 942 1583 drttelrt
960 1530 1018 1583 dem
1039 1526 1142 1599 Konipe
1159 1527 1263 1599 liudolf
1281 1528 1355 1582 aeine
1379 1527 1483 1581 Frende

281 1618 398 1673 dernier
411 1636 469 1682 aue,
481 1620 546 1674 daco
558 1618 687 1674 nunmrlu·
699 1620 743 1674 eia
760 1621 813 1691 ray
824 1619 877 1690 fair
887 1619 965 1674 aeine
976 1619 1199 1691 Kaieerlerdnuup
1207 1618 1363 1690 ferepeaetzt
1374 1618 1415 1673 eei
1422 1637 1434 1684 ‚·
1455 1636 1483 1671 er

281 1711 378 1773 werde,
391 1727 465 1765 wara
475 1727 506 1763 er
515 1709 602 1764 darell
617 1711 740 1766 Otalrar'e
752 1709 995 1781 Feindeeliplreiten
1002 1710 1162 1783 perednlieb
1174 1710 1218 1764 bei
1229 1710 1322 1764 diener
1334 1707 1483 1765 Feierliele-

312 1799 367 1856 lreit
377 1819 409 1856 eu
421 1798 577 1857 erecbeinen
588 1800 744 1858 verleiodert
754 1801 814 1858 oein
825 1803 914 1869 eollte,
932 1801 991 1858 ciue
1006 1799 1217 1871 Geeordteebuft
1228 1801 1299 1856 doru
1313 1801 1457 1856 aberdeen.

373 1911 488 1966 Gorbort
501 1911 526 1974 l,
539 1911 584 1967 35.

372 2021 536 2106 Regalibus
547 2022 654 2094 literis,
666 2042 791 2107 quarum
803 2027 890 2086 tenor
905 2041 982 2086 nova
993 2020 1093 2094 nobis,
1105 2022 1194 2105 plena
1206 2021 1290 2085 fellei
1304 2020 1477 2089 dulcedine,

280 2130 443 2203 nunciavit,
460 2132 594 2215 proximo
612 2131 767 2202 consolati,
785 2133 865 2195 clare
882 2130 970 2194 nobis
993 2130 1133 2201 innotuit,
1156 2131 1277 2214 leteque
1295 2130 1338 2217 a)
1356 2128 1482 2212 collegi·

282 2262 347 2304 mus
376 2262 412 2304 ex
439 2240 564 2314 eisdem,
592 2243 672 2325 quod
700 2239 779 2304 diem
803 2242 1010 2324 sollempnem,
1043 2238 1121 2302 diem
1152 2240 1274 2309 testum,
1300 2239 1383 2302 diem
1405 2240 1484 2302 illum

282 2349 484 2414 desideratum
511 2349 575 2412 fore
603 2350 697 2413 Rome
725 2351 920 2413 constitutum
942 2369 960 2412 a
983 2349 1174 2416 sanctissimo
1198 2353 1285 2432 patre
1309 2355 1341 2412 et
1364 2347 1482 2411 domino

282 2463 384 2522 nostro
413 2479 527 2524 summo
555 2456 708 2542 pontifice,
737 2458 767 2520 in
796 2476 854 2541 quo
885 2463 991 2520 saneta
1013 2462 1109 2520 mater
1131 2457 1260 2522 ecelesia
1284 2456 1379 2520 filium
1403 2476 1484 2522 suun

282 2567 481 2638 karissimum,
499 2567 665 2650 prinoipem
682 2570 816 2630 nostrum
833 2571 863 2628 et
879 2571 1047 2650 patronum,
1072 2565 1219 2648 imperiali
1244 2566 1356 2630 debeat
1374 2566 1484 2649 dyade-

284 2682 363 2739 mate
391 2695 546 2746 coronare,
575 2676 606 2738 in
633 2695 692 2759 quo
720 2676 805 2758 larga
832 2673 1000 2757 reipublice
1025 2674 1165 2748 latitudo,
1187 2674 1281 2758 largis
1306 2679 1339 2737 et
1360 2673 1485 2758 privatis

282 2785 429 2850 abusibus
445 2784 591 2850 haetenus
609 2787 786 2866 angustata,
811 2783 953 2846 letabitur
985 2789 1015 2846 et
1044 2783 1158 2848 videbit
1187 2805 1220 2847 se
1249 2785 1330 2848 iuxta
1359 2784 1485 2848 formam

283 2894 422 2980 potencie
450 2914 504 2957 sue
531 2894 657 2977 pristine
686 2892 742 2955 sub
771 2895 870 2956 uestro
904 2891 984 2956 seliei
1021 2893 1140 2956 nomine
1162 2892 1271 2956 iterum
1294 2893 1426 2965 dilatari,
1460 2893 1486 2954 in

283 3025 342 3091 quo
370 3004 499 3089 denique
522 3023 648 3085 regnum
677 3006 706 3064 et
734 3000 946 3064 sacerdocium
969 3001 1026 3065 sub
1055 3001 1154 3086 equali
1181 3001 1334 3065 mencium
1356 3003 1485 3085 puritate

184 3153 212 3180 ο.
234 3137 271 3176 ri.
283 3114 396 3197 pariter
412 3111 629 3182 consedebunt,
643 3115 675 3173 ut
688 3115 819 3174 tractent
833 3115 864 3172 et
880 3109 1019 3173 ordinent
1035 3111 1184 3194 quomodo
1202 3115 1233 3174 et
1249 3110 1382 3194 qualiter
1398 3111 1485 3193 digne

285 3231 315 3289 et
342 3223 548 3289 ordinabiliter
575 3227 655 3284 terre
684 3225 788 3282 sancte
817 3218 1065 3289 necessitatibus,
1090 3219 1148 3281 iam
1171 3220 1265 3302 proeb
1288 3220 1394 3284 dolor!
1419 3218 1486 3282 ueei

284 3335 437 3422 proximis,
454 3335 650 3397 succurratur
669 3328 708 3415 ¹),
724 3333 805 3392 terre
822 3328 961 3413 quidem,
990 3328 1022 3390 in
1052 3347 1110 3413 qua
1132 3329 1305 3411 unigenitus
1328 3329 1389 3392 Dei
1412 3329 1485 3393 lilius

285 3446 424 3510 humatus
447 3442 575 3506 humane
597 3439 786 3503 mortalitatis
809 3437 945 3500 miserias
969 3437 1077 3507 induit,
1102 3442 1135 3499 ut
1158 3457 1224 3508 uos,
1249 3458 1303 3500 sue
1321 3438 1485 3502 divinitatis

284 3558 381 3620 iactos
409 3551 584 3637 participes,
613 3549 746 3612 efficeret
774 3547 870 3610 eciam
905 3545 1147 3609 misericorditer
1180 3547 1376 3610 immortales.
1422 3547 1485 3612 lliis

284 3665 385 3749 itaque
402 3661 497 3726 sacris
514 3658 708 3743 sollempniis,
725 3659 756 3720 in
773 3657 880 3741 quibus
905 3660 962 3717 cell
985 3675 1086 3719 rorem
1109 3655 1274 3719 salvificum
1298 3655 1487 3720 distillabunt

286 3774 316 3836 in
338 3772 444 3844 terris,
473 3776 561 3856 prout
577 3770 725 3840 interest,-
747 3773 809 3831 toto
833 3772 941 3830 conatu
960 3766 1146 3850 disponimus
1163 3764 1312 3828 interesse
1330 3770 1360 3828 et
1378 3765 1487 3829 ibidem
1545 3785 1546 3816 ³

286 3883 493 3952 communibus
517 3880 673 3946 christiani
689 3875 866 3960 congaudiis
883 3876 984 3958 populi
1002 3876 1195 3958 congaudere
1212 3894 1386 3958 speramus,
1404 3874 1488 3937 dum·
1545 3871 1546 3890 ¹

286 3994 532 4078 modofrequens
549 3995 579 4054 et
593 3991 768 4073 frequenter
783 4005 963 4050 accrescens
981 3985 1012 4047 in
1029 3985 1120 4048 nobis
1138 3984 1227 4047 emuli
1248 3982 1342 4047 vestri
1358 3982 1488 4067 impetus

380 4178 415 4244 a)
435 4179 540 4248 lateque
553 4176 584 4230 V·
597 4192 621 4228 u.
637 4171 664 4228 Z.

291 4317 614 4328 a--W

323 4404 346 4466 ¹)
365 4405 444 4453 llierin
458 4406 561 4466 spiegelt
573 4404 624 4450 sicli
638 4405 676 4450 die
688 4402 844 4460 Ausobauung
858 4400 968 4459 Gregor⁸s
983 4397 1012 4442 X.
1026 4395 1064 4450 ab,
1086 4395 1129 4441 der
1142 4394 1179 4440 bei
1195 4394 1277 4448 illem,
1296 4407 1344 4439 orno
1359 4407 1386 4438 or
1400 4393 1439 4438 teir
1452 4393 1490 4438 dic

362 4500 500 4559 Forderung
517 4499 560 4544 der
578 4497 752 4553 dnerkenuung
770 4490 876 4538 Rudoll'a
895 4490 941 4535 und
960 4489 1045 4533 deenen
1064 4485 1261 4544 lloiscrkrbnuug
1281 4485 1347 4538 tbnt,
1367 4498 1414 4529 ron
1435 4485 1486 4530 den

364 4592 492 4636 tiedouken
504 4589 607 4651 geleitet
619 4587 709 4642 nunde,
721 4585 826 4631 dadnreb
840 4584 910 4630 einen
923 4583 1047 4640 Kreuuaug
1064 4590 1093 4623 uu
1106 4575 1278 4636 ornoglieben.
