3100 5116
1215 328 1289 399 361

93 524 200 606 riguit,
223 501 397 606 columpnis
415 523 525 587 meruit
548 521 679 587 stabiliri
702 522 861 619 stabilibus
885 529 916 586 et
945 522 1077 603 egregiis
1106 517 1294 584 edificiorum

94 631 246 696 iuncturis
269 631 520 694 indissolubiliter
543 629 694 694 adornari.
727 630 808 693 Inter
831 649 888 712 que
911 628 1033 713 quidem
1056 629 1187 692 illustres
1209 628 1294 709 prin-

93 740 179 823 cipes
198 740 237 803 ad
254 739 354 804 tocius
371 740 470 822 operis
488 738 657 802 machinam
670 737 903 820 supportandam
916 740 1061 820 precipue
1074 741 1107 800 ut
1119 739 1292 818 columpnas

92 849 189 912 voluit
211 848 329 930 pociori
345 847 518 930 prestancia
533 847 720 930 preminere.
732 852 774 918 ut,
793 866 850 930 quo
867 845 990 910 uberius
1013 845 1117 928 gracie
1133 844 1290 927 privilegio
1336 864 1339 867 ·

92 976 127 1018 se
145 958 289 1022 sanciunt
305 957 455 1040 insigniri,
473 979 509 1021 eo
527 957 654 1039 amplius
672 957 803 1034 debeant
819 956 849 1019 in
873 955 1053 1040 obsequiosa
1075 953 1290 1018 vicissitudinis
1299 973 1347 1015 ru.
1356 973 1409 1016 rea.

91 1065 306 1130 reddibicione
319 1068 451 1149 gratuita
465 1067 576 1131 ceteris
589 1065 770 1148 preclarere.
790 1067 870 1130 Sane
888 1085 955 1128 cum
972 1062 1152 1128 venerabilis
1168 1065 1236 1127 talis
1250 1068 1289 1146 α)

91 1175 269 1258 episcopus,
287 1175 415 1248 dilectus
432 1175 575 1257 princeps
593 1179 707 1247 noster,
724 1173 761 1237 ad
780 1173 967 1237 celsitudinis
984 1179 1087 1237 nostre
1103 1173 1292 1255 presenciam

91 1305 194 1366 nuper
205 1284 368 1357 accedens,
381 1284 515 1348 Romano
529 1284 654 1366 imperio
668 1289 698 1347 et
710 1283 797 1346 nobis
814 1283 900 1365 signa
917 1282 1098 1367 obsequiosa
1119 1282 1292 1346 devocionis
1330 1321 1334 1331 ι

92 1392 297 1474 pretenderit,
315 1399 345 1456 et
358 1392 530 1456 omnimode
547 1390 734 1455 obedicionis
751 1391 881 1472 insignia
897 1391 1096 1473 presentarit:
1111 1411 1164 1455 nos
1181 1390 1292 1472 ipsum,

90 1509 239 1585 tanquam
256 1499 350 1563 nostri
366 1500 485 1582 imperii
501 1499 680 1581 principem,
698 1498 737 1561 ad
753 1497 908 1561 benivolos
931 1497 1106 1580 applausive
1124 1497 1291 1561 dulcedinis

89 1610 289 1676 admittentes
316 1611 486 1692 amplexus,
515 1609 634 1691 regalia
662 1609 751 1672 feoda
775 1609 964 1692 principatus
987 1608 1178 1692 pontificalis,
1203 1629 1290 1693 quem

91 1719 228 1790 obtinet,
257 1719 315 1782 sibi
339 1720 376 1782 de
398 1720 483 1802 regia
505 1719 686 1782 liberalitate
712 1719 935 1790 concessimus,
960 1724 990 1781 et
1014 1719 1114 1800 ipsum
1135 1717 1293 1783 investivi·

90 1847 162 1891 mus
181 1828 219 1891 de
236 1827 362 1898 eisdem,
380 1827 676 1891 administracionem
692 1825 910 1909 temporalium,
921 1821 1165 1890 ¹iurisdictionem
1186 1827 1293 1908 plena-

90 1939 172 2000 riam
199 1938 387 2020 principatus
416 1937 550 2000 eiusdem
578 1938 709 2001 ecclesie
735 1943 895 2021 prenotato
924 1937 1067 2019 episcopo
1101 1937 1291 2018 presencium

91 2048 177 2110 serie
195 2047 425 2110 committentes.
445 2045 596 2128 Quocirca
612 2045 762 2110 universis
775 2051 805 2110 et
819 2045 945 2128 singulis
962 2046 1094 2119 vasallis,
1110 2045 1293 2110 ministeria·

87 2154 172 2218 libus
190 2175 245 2218 seu
260 2154 432 2218 hominibus
449 2155 681 2238 quibuscunque
700 2155 834 2218 ecclesie
858 2175 912 2217 sue
929 2154 1034 2218 damus
1050 2153 1242 2236 presentibus
1259 2157 1291 2216 in

89 2264 256 2335 mandatis,
273 2269 420 2348 quatenus
436 2263 494 2346 ipsi
511 2263 667 2346 episcopo,
683 2269 826 2348 tanquam
842 2263 972 2346 principi
995 2268 1097 2327 nostro
1123 2268 1154 2327 et
1170 2262 1290 2328 domino
1311 2343 1313 2347 y

89 2392 158 2444 suo,
175 2371 334 2436 intendant
349 2373 508 2436 humiliter
526 2378 556 2436 et
572 2379 699 2454 pareant
715 2377 890 2435 reverenter
906 2371 957 2458 β).

185 2555 380 2626 llrganaungen
400 2571 448 2608 aus
467 2553 525 2606 dem
545 2553 577 2605 im
596 2553 654 2624 ligi.
672 2553 818 2608 Geheimeu
838 2553 1020 2608 Staatsarchiv
1039 2573 1071 2607 zu
1085 2552 1172 2610 berlin
1188 2557 1292 2610 beliad-

89 2645 178 2698 licbeu
198 2645 333 2715 Originale
352 2645 399 2697 der
417 2641 649 2714 (ungedruckten)
671 2644 798 2698 Urlruude
816 2645 905 2714 Kdnig
923 2645 1044 2698 Rudoll's
1066 2661 1124 2698 vom
1147 2646 1194 2710 24.
1218 2650 1292 2718 April

19 2757 24 2770 =
91 2737 182 2790 1275:
205 2734 363 2806 liudolphus
382 2735 430 2788 Dei
452 2733 542 2803 gracia
560 2735 735 2788 Romanorum
757 2752 805 2789 rex
822 2751 928 2804 semper
950 2740 1086 2804 augustus.
1110 2735 1143 2806 α)
1167 2737 1293 2791 Sifridus

90 2826 262 2882 Coloniensis
287 2824 658 2896 archiepiscopus,princeps
686 2828 777 2880 noster
803 2825 972 2888 karissimus,
1003 2841 1090 2895 nuper
1116 2824 1149 2880 de
1176 2827 1292 2882 Romame

93 2917 170 2972 curia
190 2917 300 2971 veniens
320 2934 352 2970 ac
368 2916 533 2986 presenciam
554 2921 645 2970 nostre
666 2917 817 2971 serenitatis
838 2917 970 2972 accedens
990 2921 1042 2970 etc.
1055 2915 1090 2989 β)
1104 2919 1200 2972 Datum
1215 2920 1292 2990 apud

89 3008 260 3080 Brugsellam
281 3005 301 3060 8
321 3007 380 3062 llal.
398 3007 466 3069 ldaii,
489 3007 632 3062 indictione
655 3007 680 3069 3,
709 3023 777 3062 auno
800 3007 903 3068 Domini
923 3007 1004 3070 1275,
1029 3009 1102 3078 regui
1122 3025 1184 3065 vero
1203 3012 1289 3065 nostri

96 3117 165 3154 auno
179 3101 206 3151 2.

186 3191 263 3243 Diese
281 3188 387 3243 Formel
411 3188 544 3242 erscbeiut
561 3189 587 3242 in
602 3189 621 3242 V
635 3191 653 3242 Z
668 3190 720 3242 und
739 3190 764 3242 in
777 3190 827 3244 der
844 3191 1292 3263 111111183111111361111111810153

97 3299 138 3334 no.
155 3279 207 3351 33)
221 3282 291 3334 ohne
301 3279 365 3349 jede
379 3279 548 3334 individuelle
561 3281 761 3351 bezeichnung‚
776 3282 817 3334 bei
831 3281 963 3336 Bodmaun
977 3299 1002 3352 p.
1018 3283 1071 3336 177
1085 3283 1130 3336 mit
1143 3284 1192 3338 der
1205 3273 1292 3340 [lber-

92 3372 191 3426 scbritt
210 3371 339 3424 Rudollus
358 3375 408 3424 etc.
444 3371 489 3424 Sie
517 3369 582 3438 liegt
610 3389 641 3424 eu
660 3371 768 3424 Grunde
789 3371 812 3424 1.
833 3372 891 3426 dem
909 3375 977 3427 uben
996 3375 1173 3444 angeluhrten
1199 3375 1291 3430 Lelm-

94 3463 180 3516 briefe
195 3463 280 3532 llbuig
293 3461 415 3516 lludoll's
430 3477 487 3516 vom
501 3461 545 3514 24.
560 3462 635 3532 April
651 3461 729 3516 1275.
747 3491 781 3502 -
791 3463 817 3515 2.
836 3463 895 3518 dem
913 3464 1071 3518 Lebnbriele
1085 3464 1173 3534 Kduig
1185 3465 1290 3521 Adoll's

96 3557 139 3608 fur
167 3555 217 3607 den
243 3553 356 3607 Riscbol'
378 3551 466 3606 Guido
493 3569 542 3606 von
564 3553 673 3606 Liitticb
699 3554 741 3607 bei
765 3553 936 3624 Cbapeavllle
959 3555 1008 3621 Qui
1034 3563 1109 3627 gesta
1134 3556 1290 3628 pontificum

93 3645 288 3716 Tungreusium
303 3650 355 3698 etc.
373 3643 543 3715 scripserunt
556 3651 610 3700 etc.
624 3640 717 3698 Leodii
737 3644 808 3698 1612
821 3647 895 3698 'l'um-
908 3644 934 3705 2,
947 3663 973 3717 p.
987 3647 1049 3700 323.
1063 3647 1202 3718 Adolpbus
1219 3649 1250 3701 D.
1264 3666 1289 3720 g.
1359 3639 1361 3643 ¹

92 3739 272 3792 Romanorum
297 3751 344 3788 rex
369 3741 396 3790 et
420 3750 527 3806 semper
552 3753 614 3804 aug.
646 3737 775 3790 universis
800 3736 871 3790 sacri
896 3735 1005 3791 Romani
1030 3737 1133 3808 imperii
1160 3739 1289 3794 fidelibus

93 3829 252 3899 praesentes
270 3826 363 3880 literas
381 3827 541 3896 inspecturis
559 3827 675 3897 graciam
693 3845 767 3881 suam
786 3830 813 3881 et
831 3845 907 3883 omne
926 3829 1029 3883 bouum.
1054 3833 1112 3884 Dat.
1139 3831 1289 3888 Werllarie

93 3917 244 3990 (Wetelar)
268 3917 302 3970 12
323 3918 380 3972 Kal.
403 3917 476 3982 lulli,
489 3918 630 3972 indictione
653 3919 713 3972 7a.
733 3921 762 3973 D.
784 3919 856 3972 1291
875 3921 957 3990 ragui'
976 3937 1038 3977 vero
1059 3924 1143 3978 uostri
1163 3943 1186 3979 a.
1206 3925 1233 3980 9.
1252 3954 1289 3966 «-

93 4010 119 4065 3.
139 4012 198 4064 dem
217 4011 376 4064 Lebubriele
396 4009 481 4080 llbuig
493 4009 648 4064 Albreclit's
667 4011 708 4063 fiir
722 4011 771 4064 den
785 4011 896 4064 llisclrol
906 4012 1042 4067 Friedrich
1059 4032 1107 4067 rou
1121 4017 1166 4070 Str
1174 4017 1288 4086 assburg

95 4103 136 4155 bei
150 4099 252 4160 unirer,
274 4099 448 4154 Formclbncb
467 4101 514 4153 oles
529 4100 628 4172 llbnigs
643 4099 771 4153 Albr'ecbt
790 4102 822 4152 im
836 4103 935 4155 llrcliir
949 4105 996 4157 der
1009 4104 1116 4158 kaiserl.
1129 4105 1213 4161 Aliud.
1236 4108 1286 4161 der

97 4198 175 4250 Wiss.
199 4193 268 4248 1849
286 4195 346 4247 lleit
364 4195 389 4256 2,
409 4211 450 4249 no.
469 4193 504 4246 55
524 4195 620 4248 Datum
641 4192 710 4250 1299
730 4195 885 4266 September
909 4197 951 4251 15.
982 4198 1288 4268 VergleicheBoehmer

95 4289 160 4356 lleg.
180 4288 245 4357 imp.
263 4285 323 4338 iude
342 4286 376 4339 ab
393 4304 417 4340 a.
439 4285 508 4348 1216
528 4303 554 4357 p.
574 4286 636 4348 413,
656 4304 699 4340 uo.
717 4285 771 4342 658
790 4287 842 4341 und
861 4288 911 4343 den
931 4287 1075 4362 Galalogus
1095 4291 1289 4364 episcoporum

95 4376 540 4452 argentinensiunmubsmr,
555 4377 616 4432 118.
1005 4377 1017 4392 “
