3100 5116
1174 337 1251 412 359

57 511 134 574 riam
149 512 320 576 futurorum
336 533 423 578 mann
439 514 559 596 publica
575 521 759 582 notarentur.
777 518 854 581 Hinc
870 523 927 590 est,
945 515 1025 601 quod
1041 533 1109 586 nos,
1126 511 1251 576 discreti

56 618 113 682 viri
125 620 268 702 magistri
281 622 317 685 H.
332 622 438 686 decani
455 623 585 688 ecclesie
609 625 706 688 sancti
721 625 771 698 N..
789 624 935 709 capellani
952 623 1063 688 domini
1078 642 1166 705 pape,
1182 639 1254 702 pre·

57 727 145 792 cibus
161 728 312 803 inclinati,
335 731 553 806 Ambrosio,
578 733 679 816 nepoti
696 735 841 808 eiusdem,
866 735 904 798 de
927 753 984 817 quo
1000 731 1150 798 laudabile
1166 728 1254 794 testi-

56 836 192 901 monium
214 837 410 920 perhibetur,
436 840 647 905 tabellionatus
670 841 817 915 officium,
839 847 872 908 ut
892 842 964 906 illud
980 842 1021 929 a)
1036 841 1201 925 prudenter
1225 842 1256 902 et

53 945 190 1011 fideliter
206 954 347 1012 exerceat
363 955 394 1013 et
409 949 448 1012 ad
465 970 532 1014 eum
547 952 579 1014 in
594 950 665 1021 biis,
681 971 739 1036 que
755 952 794 1016 ad
805 951 986 1034 predictum
1008 950 1138 1015 officium
1159 947 1255 1032 perti-

53 1060 138 1127 nent,
155 1075 228 1120 cum
244 1077 373 1120 necesse
388 1057 490 1130 fuerit,
507 1065 690 1131 recurratur,
705 1080 761 1124 nec
774 1081 834 1124 non
845 1060 1020 1124 facultatem
1033 1058 1122 1122 dandi
1137 1062 1253 1122 tutores

54 1169 87 1227 et
102 1169 277 1238 curatores,
294 1151 513 1249 emancipandi,
528 1172 623 1232 testes
640 1168 806 1250 recipiendi
821 1174 852 1232 et
872 1168 1045 1250 publicandi
1067 1171 1151 1240 acta,
1183 1186 1255 1249 pro·

52 1273 165 1336 tooolla
191 1278 222 1338 et
246 1273 433 1357 exemplandi
460 1275 667 1348 instrumenta,
688 1276 899 1359 interponendi
923 1276 1090 1348 decretum,
1116 1277 1255 1340 alimenta

53 1381 244 1444 decernendi
271 1402 308 1446 ac
337 1383 410 1446 alios
432 1388 518 1447 actus
546 1383 708 1467 legittimus
741 1385 822 1449 iuxta
845 1384 979 1449 eiusdem
1007 1383 1098 1448 oflicii
1120 1384 1255 1448 debitum

51 1490 220 1555 exercendi
248 1492 429 1556 auctoritate
456 1500 576 1566 nostra,
610 1494 637 1556 si
671 1493 710 1557 ad
743 1494 802 1557 boc
829 1499 967 1577 repertus
995 1493 1086 1557 luerit
1108 1495 1254 1577 ydoneus,

50 1600 233 1681 proferendi
250 1605 282 1663 et
298 1600 485 1664 concedendi
506 1602 679 1683 paternitati
701 1607 802 1667 vestre
824 1603 942 1684 plenam
964 1601 1145 1666 conferimus
1167 1609 1256 1689 pote·

50 1715 175 1781 statem,
192 1707 347 1774 fidelitatis
363 1709 401 1772 ab
419 1728 455 1773 eo
470 1716 594 1797 recepto
611 1709 820 1775 nichilominus
836 1711 1012 1776 iuramento.
1028 1711 1096 1774 Dat
1115 1715 1174 1776 etc.

635 1956 696 2028 ll.

275 2132 440 2215 imperator
453 2152 545 2236 super
560 2135 767 2198 commissione
784 2133 916 2197 eiusdem
932 2134 1036 2198 aldeli.

97 2307 149 2363 uie
162 2307 266 2363 Kaisar
278 2308 415 2381 abermdpt
426 2309 580 2365 Jemcadem
593 2309 639 2366 dle
650 2308 812 2382 Befupaa'aae
825 2311 898 2366 eines
912 2309 1079 2381 offentlicdeu
1094 2310 1201 2365 Notcra.

144 2453 225 2536 Quia
251 2452 322 2518 fidei
344 2460 395 2518 tue
419 2459 449 2518 et
471 2454 644 2519 devocionis
667 2457 784 2529 merita,
807 2455 845 2519 de
868 2456 975 2540 quibus
992 2455 1150 2539 plurimum
1167 2473 1371 2519 com-runca.

50 2563 222 2634 mandaris,
240 2582 276 2626 eo
292 2568 323 2627 te
339 2563 556 2645 graciosiorem
573 2565 725 2638 exhibent,
743 2586 801 2649 quo
823 2566 976 2648 pociorem
1003 2565 1097 2630 fueris
1120 2565 1255 2648 graciam

51 2676 237 2734 assecutus:
275 2670 366 2734 dandi
392 2677 509 2736 tutores
543 2679 574 2736 et
608 2678 762 2737 curatores
794 2673 1019 2747 auctoritatem,
1050 2674 1256 2756 praesentandi,

52 2779 240 2862 adoptandi,
261 2779 468 2861 emancipandi
485 2785 515 2844 et
531 2781 773 2853 manumittendi,
791 2782 958 2846 volentibus
974 2787 1071 2846 testes
1087 2781 1254 2864 reeipiendi
1357 2837 1365 2864 p

53 2894 86 2953 et
109 2888 288 2971 publicandi
315 2894 400 2959 acta,
428 2890 604 2972 protocolla,
632 2890 829 2954 instrumenta
857 2892 1044 2974 exemplandi
1077 2891 1253 2962 iusiurandi,

52 2996 216 3060 decretum
245 2997 472 3079 interponendi,
508 2997 569 3062 alia
597 2999 781 3063 decernendi
809 3005 841 3062 et
868 3000 943 3064 alios
972 3005 1059 3063 actus
1088 3001 1253 3083 legittimos

52 3105 221 3171 exercendi
245 3109 424 3171 auctoritate
439 3105 629 3190 presencium
652 3108 770 3191 plenam
785 3109 841 3184 tibi
857 3108 1049 3175 concedimus
1065 3109 1249 3174 facultatem.

628 3352 689 3424 12.

364 3531 528 3614 imperator
543 3531 676 3595 omnibns
692 3532 876 3616 prlnclplbna
894 3539 951 3597 ete.

629 3689 706 3744 rata.

56 3857 148 3930 Kdaa'p
159 3855 267 3928 liudolf
272 3855 379 3928 fordert
391 3855 436 3912 uie
451 3854 579 3911 Itcla'encr
597 3856 656 3928 caes,
670 3855 724 3912 etm
741 3855 791 3927 fata·
806 3855 880 3911 aeine
899 3855 1102 3912 locorstebendc
1119 3857 1259 3930 Itomfubrt

127 3947 174 4004 ate
191 3947 273 4020 Wepe
289 3965 321 4002 zu
340 3947 421 4002 conen
438 3947 496 4003 aad
512 3947 570 4002 eine
587 3963 773 4019 onpemeeeene
785 3943 1033 4019 Bapleitunplerea‘t
1043 3967 1076 4003 aa
1088 3949 1185 4006 bultem
1264 4013 1267 4018 ,

155 4095 279 4157 Gerbert,
291 4089 319 4156 2,
334 4089 380 4145 29.

150 4237 230 4320 Quia
246 4257 320 4302 ecce
337 4237 375 4300 de
397 4236 495 4300 medio
512 4235 620 4301 nebule
642 4238 729 4301 stella
750 4239 894 4302 matutina
916 4239 1118 4322 progreditur,
1142 4238 1248 4303 obum-

58 4347 176 4412 brantis
208 4347 316 4428 ignara
352 4344 507 4428 caliginis,
546 4366 604 4429 que
634 4347 814 4410 micantibus
853 4347 1063 4430 splendoribus
1095 4348 1253 4419 illustrata,

150 4549 303 4620 omna
