3108 5118
1165 331 1242 406 276

41 493 166 558 Placeat
190 495 286 577 igitur
313 502 413 560 vestre
441 497 612 580 paternitati
629 519 645 560 1
663 494 749 561 nobis
767 502 834 562 edm
851 495 961 564 fidncia
984 503 1139 584 requiiere
1164 507 1244 586 quit-

42 603 220 684 quidlibet,
238 603 268 665 in
285 623 344 686 quo
362 605 482 686 quidem
499 625 553 668 nos
571 606 764 687 experiemini
781 608 934 670 ultroneos
952 614 982 671 et
1005 608 1140 674 officiose
1156 611 1245 675 beni-

41 709 126 773 volos
159 711 317 774 seneietis.
350 712 473 774 Multum
506 713 626 795 quidem
653 713 764 776 nostris
793 715 941 778 arrideret
968 716 1125 781 aflectibus
1154 725 1244 803 atque

41 818 207 881 desideriis
240 818 442 891 blandiretur,
472 821 498 882 si
524 822 588 883 vias
618 827 648 883 et
681 822 785 885 modos
809 822 894 887 nobis
917 829 1020 904 patere
1044 827 1243 910 contingeret,

40 927 155 989 vestris
172 927 252 990 voti's
269 927 386 1010 placide
403 928 620 1010 complacendi.

139 1087 257 1141 Ger-bert
279 1085 360 1141 findet
382 1087 407 1140 in
432 1086 531 1142 diesem
543 1086 632 1143 Brieie
654 1089 697 1142 die
711 1089 832 1144 bntwort
854 1091 903 1145 anf
923 1091 969 1147 'das
992 1092 1081 1156 unlen,
1101 1095 1157 1150 Fol.
1171 1093 1207 1150 60
1220 1115 1243 1153 a.

46 1186 87 1251 no.
107 1168 147 1228 66
164 1175 294 1247 fulgendo
308 1177 454 1230 Sebreibert
476 1177 523 1232 der
543 1178 692 1233 cardinale.
719 1179 812 1234 Diestr
830 1181 967 1235 Anbahme
986 1185 1133 1253 entspricht
1153 1185 1180 1238 in
1199 1183 1248 1240 de'r

46 1261 116 1318 11111
133 1265 188 1320 der
201 1267 288 1318 lnbelt
300 1283 408 1320 anseres
422 1268 538 1328 Brittios,
561 1269 656 1322 dessen
677 1271 765 1323 erster
778 1269 841 1323 Sata
856 1264 968 1325 alsdann-
977 1273 1025 1325 auf
1034 1273 1077 1326 die
1091 1273 1247 1342 rcrdernng

44 1356 93 1413 der
116 1356 293 1426 papstlieben
319 1357 513 1427 Anerkennung
538 1359 643 1412 Seitens
669 1359 718 1414 der
740 1357 881 1414 6111111111
907 1363 1092 1442 111111011130
1117 1366 1169 1418 und
1198 1367 1248 1418 der

43 1447 124 1500 sumit
146 1448 220 1501 nach
244 1448 343 1502 Ostern
367 1431 437 1502 12'75
460 1450 636 1519 gesebrieben
657 1456 735 1504 wire.
761 1450 850 1522 Vergl.
873 1459 951 1507 unten
974 1455 1029 1508 Fol.
1053 1454 1088 1506 69
1108 1457 1245 1520 111066,

44 1536 122 1589 bnm.
138 1537 155 1590 3
171 1555 197 1589 n.
212 1537 239 1590 1.

623 1832 686 1904 64.

384 2007 580 2072 bononorum
597 2028 650 2074 rex
667 1987 697 2073 ll.
716 2011 915 2074 nnlieisltati.

453 2165 532 2219 1290.
547 2167 704 2220 November.
720 2167 848 2222 Erfurdie.

293 2307 380 2378 Konip
396 2289 499 2379 liudolf
507 2301 573 2363 seiza
585 2311 613 2364 ia
629 2305 781 2382 Thrire'epen
796 2297 953 2366 Stcttbclter
968 2309 1019 2366 ein.

114 2459 119 2469 '
138 2454 225 2516 Inter
241 2458 352 2523 cetera,
370 2472 496 2534 quornm
513 2474 567 2515 nos
585 2475 656 2516 cura
673 2456 799 2536 pervigil
817 2455 976 2527 sollicitat,
995 2474 1120 2538 qnorum
1138 2473 1193 2516 nos
1209 2453 1250 2537 a)

47 2561 155 2642 utique
174 2560 296 2623 curiosa
318 2559 487 2622 sollicitudo
511 2561 629 2641 fatigat,
652 2562 759 2625 erebra
782 2561 935 2624 reddimur
952 2563 1101 2624 anxietate
1119 2559 1251 2630 solliciti,

49 2669 183 2750 qualiter
222 2667 271 2730 illa
308 2666 416 2730 nobilis
458 2667 628 2750 Duringa
660 2670 716 2754 1),
755 2670 937 2751 generosum
975 2669 1096 2752 quidem
1127 2669 1252 2732 Romani

46 2774 170 2860 imperii
183 2776 488 2858 pomerium‚inquo
506 2777 612 2858 regie
631 2776 1252 2840 celsitudininriradelectacione

48 2883 291 2966 complacuit
308 2883 352 2966 ¹),
380 2882 514 2945 rediviva
537 2883 638 2965 quiete
661 2884 802 2948 relloreat
822 2887 892 2966 post
916 2885 1030 2946 diutine
1058 2882 1253 2964 fatigacionis'

46 2989 173 3052 labores
196 2989 320 3052 eximios
349 2995 380 3052 tt
400 2995 471 3070 post
497 2984 621 3052 bellicas
644 2995 840 3074 tempestates
863 2992 893 3054 in
915 2996 1003 3072 partu
1025 2990 1253 3074 tranquillitatis

47 3098 81 3162 et
102 3099 194 3180 pacis
209 3097 431 3178 pulchritudine
454 3097 661 3181 conquiescat.
694 3100 880 3163 Estimantes
906 3101 999 3181 igitur
1027 3097 1140 3162 idnon
1160 3105 1253 3182 posse

46 3202 116 3268 beri
145 3202 281 3275 facilius,
310 3222 399 3287 qnam
421 3205 501 3288 qnod
524 3207 621 3269 eidem
642 3207 797 3288 provincie
818 3205 1014 3290 preficiantur
1033 3208 1255 3289 gubernatores

47 3313 181 3395 ydonei,
205 3307 256 3396 dni
273 3313 317 3375 sic
333 3314 449 3395 ptesint
465 3319 498 3376 ut
513 3314 646 3395 prosint,
670 3332 743 3378 ecce
761 3318 841 3398 q'uod
856 3315 937 3378 viros
954 3315 1095 3397 egregios
1112 3316 1149 3379 N.
1168 3320 1198 3378 et
1213 3316 1249 3377 N.

46 3415 160 3484 fideles
176 3425 297 3484 nostros
316 3421 453 3492 dilectos,
477 3434 551 3504 quos
569 3421 638 3485 fidei
655 3415 709 3486 sue
725 3425 832 3486 merita
849 3423 936 3486 nobis
953 3424 1083 3487 reddunt
1098 3422 1253 3493 amabiles,-

49 3530 145 3594 tobis
183 3549 220 3591 ac
252 3535 315 3592 tote
352 3530 507 3612 provincie
546 3530 732 3612 Turingie
765 3532 855 3613 digne
892 3531 1073 3613 provisionis
1109 3529 1254 3592 instinctu

47 3639 225 3726 preficimus
254 3641 285 3703 in
301 3646 454 3712 rectores,
483 3645 516 3704 ut
543 3641 630 3704 ambo
658 3641 690 3702 in
712 3641 830 3704 eredita
849 3641 1000 3722 potestate
1022 3661 1081 3703 non
1105 3640 1253 3720 disparesi

53 3751 109 3813 sed
135 3751 232 3814 eciam
262 3750 292 3811 in
321 3747 540 3812 commissionis
562 3749 743 3812 auctoritate
766 3747 953 3819 conformes,¹
971 3743 1019 3810 vel
1048 3748 1123 3811 alter
1139 3755 1253 3816 eorum,

147 3912 182 3980 a)
198 3927 265 3964 eura
278 3909 318 3964 bis
331 3927 380 3964 nos
395 3927 436 3963 am
449 3910 543 3964 Rande
558 3909 587 3962 V.
601 3938 637 3948 —
652 3910 683 3980 b)
699 3909 752 3964 sici

74 4131 99 4188 1)
118 4129 178 4172 Vom
194 4125 232 4172 14.
245 4126 374 4172 December
389 4127 450 4172 1289
463 4127 499 4172 bis
510 4128 569 4171 nach
582 4127 633 4170 dem
648 4127 668 4171 l.
680 4126 813 4172 November
826 4127 887 4172 1290
900 4127 965 4170 batte
977 4125 1064 4170 liudolf
1074 4138 1102 4169 zu
1114 4125 1194 4195 Erinrt
1205 4123 1254 4168 1101

114 4210 238 4267 gebalten.
262 4197 608 4267 sieheooenner‚1ieg‘.1iua
622 4221 660 4252 00.
676 4201 833 4254 1908-1982
847 4204 892 4252 arrd
906 4206 964 4252 illst.
977 4205 1079 4266 Landg'r.
1093 4205 1122 4252 de
1135 4206 1252 4265 Tbriring.

115 4289 237 4335 Pistoriae
256 4289 279 4342 1,
298 4289 426 4345 1351011.
445 4290 476 4333 76
494 4290 521 4335 ad
539 4303 559 4333 a.
577 4290 694 4334 12991111
712 4302 762 4333 cum
780 4302 823 4334 rex
840 4289 962 4333 discedere
980 4288 1050 4332 vellet
1067 4290 1095 4332 de
1112 4287 1250 4345 'thuringia

114 4363 156 4415 ubi
175 4369 265 4414 ebriam
283 4381 346 4412 suern
363 4353 447 4414 11111111
463 4370 528 4425 quasi
545 4369 589 4427 p'er
606 4372 704 4421 annum,
727 4368 845 4412 commisit
864 4368 929 4412 vices
949 4370 1003 4412 suos
1023 4368 1112 4412 enimn
1133 4366 1201 4412 militi
1222 4369 1252 4411 de

115 4453 260 4506 Brnmberg,
273 4450 312 4505 qui
324 4449 466 4495 auctoritate
478 4451 554 4508 regali
567 4449 696 4495 violatores
708 4449 774 4506 pacis
788 4450 812 4493 et
824 4449 932 4506 raptores
943 4451 1079 4494 coerceret.
1105 4451 1128 4494 ln
1143 4458 1250 4494 anserem

114 4533 197 4576 Briete
209 4531 264 4575 sind
276 4530 332 4576 aber
345 4531 513 4576 ausdruckliob
527 4533 585 4575 zwei
598 4530 739 4575 Stattbelter
749 4533 862 4586 genennt.

977 4607 1032 4660 18*
