3116 5124
1194 301 1243 372 95

64 475 228 539 felicitatem
257 478 402 560 prodesse
431 494 619 560 nequaquam
648 477 844 559 ambigimus,
876 478 901 541 si
928 478 995 541 loca
1027 477 1124 541 divino
1154 477 1248 539 cultui

63 584 222 667 mancipata
252 586 452 649 curaverimus
486 585 628 667 ampliare
645 592 675 649 et
691 607 793 650 eorum
809 586 935 649 comodo
952 587 991 672 a)
1009 586 1058 668 pia
1088 585 1246 649 intendere

61 663 215 758 voluirtate.
640 681 643 686 ¹

144 804 225 868 Item
241 806 394 870 adicem.
429 803 502 867 Cum
520 803 557 868 de
572 803 693 886 peccati
710 823 801 868 carne
818 805 911 868 simus
928 799 1116 868 uniformiter
1137 824 1247 886 propa-

63 911 116 993 gati
138 930 193 974 nec
216 911 308 974 facile
324 913 363 975 sit
384 911 589 976 habitantibus
613 919 704 993 super
725 917 835 994 terram
856 912 996 975 incursus
1019 914 1146 976 evadere
1169 912 1245 976 deli·

13 1045 15 1094 5
66 1026 188 1091 etorum,
217 1019 375 1103 proposita
392 1026 462 1084 sunt
477 1019 563 1083 nobis
581 1039 672 1101 opera
689 1019 828 1102 pictatia,
847 1020 955 1104 quibus
971 1026 1053 1085 tanto
1070 1021 1248 1104 propensius

13 1111 14 1158 3
66 1134 224 1191 creatorem
241 1134 377 1192 nostrum
393 1131 543 1210 possimus
560 1127 672 1191 babere
694 1129 879 1210 propicium,
899 1134 1008 1213 quanto
1025 1129 1248 1192 misericordius

67 1237 254 1320 expendimus
272 1258 308 1303 ca
324 1239 355 1302 in
373 1238 606 1302 necessitatibus
623 1238 832 1320 proximorum.

13 1417 14 1420 Ἴ
140 1347 220 1411 Item
240 1345 289 1433 b).
320 1348 353 1411 ln
370 1346 525 1410 excellenti
543 1346 666 1428 specula
692 1346 776 1428 regie
804 1345 969 1411 maiestatis
986 1346 1116 1410 feliciter
1132 1345 1247 1410 consti-

64 1454 112 1519 uvi
122 1455 159 1518 ad
169 1454 418 1537 prospiciendum
433 1454 555 1519 utilitati
570 1453 702 1518 fidelium
715 1459 884 1518 nostrorum
899 1455 931 1518 in
946 1461 1111 1537 posterum,
1129 1456 1248 1538 perspi-

66 1564 213 1627 cacitatem
242 1564 398 1628 oculorum
419 1550 588 1628 nostrorum
616 1562 705 1645 longe
732 1563 852 1645 lateque
887 1562 1080 1628 diffundimus
1109 1564 1249 1646 indemp-

13 1735 14 1754 χ
67 1673 199 1737 nitatibus
218 1673 419 1738 ecclesiarum
435 1674 579 1756 precipue
596 1677 792 1754 precaventes
818 1679 849 1736 et
869 1693 971 1736 earum
988 1673 1250 1737 commoditatibus

13 1799 14 1838 ;
68 1782 259 1853 intendentes,
276 1787 310 1845 ut
326 1802 380 1864 per
394 1781 542 1846 lubricum
559 1781 619 1844 vite
635 1781 723 1845 buius
741 1787 947 1845 transcursum
962 1773 1094 1847 feliciter
1114 1788 1252 1847 transea-

13 1897 14 1950 ἶ
69 1910 121 1953 nus
136 1896 166 1954 ct
182 1895 290 1954 eterne
306 1889 499 1954 beatitudinis
515 1889 630 1972 premia
647 1907 868 1974 consequamur
887 1888 925 1976 ¹).

142 2000 223 2064 item
240 1999 292 2085 l).
310 1998 435 2062 Totiens
456 1998 542 2080 regie
565 1997 751 2062 celsitudinis
774 2005 928 2081 sceptrum
950 1999 1099 2064 extollitur
1115 1999 1204 2063 altius
1222 2005 1252 2063 et

69 2107 150 2188 ipsius
167 2114 268 2172 status
286 2128 303 2171 a
319 2107 503 2194 Dumium),
516 2128 534 2170 a
547 2127 605 2191 quo
619 2107 707 2172 datur
724 2107 819 2172 omnis
835 2114 982 2190 potestas,
999 2108 1117 2173 felicius
1135 2108 1248 2190 guber-

13 2237 15 2242 *
68 2222 153 2288 natur,
169 2215 313 2299 quotiens
329 2215 396 2278 loca
413 2214 513 2279 divino
528 2213 620 2278 cultui
634 2215 772 2278 dedicata
785 2214 836 2298 pia
848 2215 1095 2279 consideracione
1107 2221 1253 2297 reguntur

69 2330 93 2387 et
111 2325 146 2387 ad
166 2323 306 2406 ipsorum
327 2324 487 2386 facultates
510 2323 663 2405 augendas
685 2323 856 2387 favorabilis
879 2322 1032 2405 protcccio
1048 2323 1193 2406 principis
1221 2323 1253 2384 in

69 2434 261 2514 oportunitate
279 2430 417 2515 qualibet
428 2427 579 2513 reperit'ur
595 2430 625 2518 2)

13 2601 19 2754 i
495 2634 535 2696 bd
558 2635 637 2697 viros
653 2634 822 2714 religiosor.

14 2757 15 2760 Ἴ
476 2817 478 2823 s
542 2757 769 2816 oistinetvoxuu).

149 2895 223 2959 Cum
259 2895 298 2958 de
329 2893 494 2977 imperialis
521 2894 667 2976 procedat
694 2893 903 2958 benivolencie
934 2895 1073 2976 larg'tate
1101 2895 1256 2958 universos

71 3003 139 3066 viros
165 3005 325 3087 regulares
349 3005 413 3066 Deo
441 3004 553 3087 iugiter
572 3004 747 3068 ‘servientes
778 3025 832 3068 suo
858 3006 985 3069 sollicite
1012 2997 1143 3087 presidio
1172 3026 1256 3069 corn-

13 3107 15 3146 ³
70 3113 181 3186 munire,
205 3117 318 3177 l'ratres
349 3113 458 3176 milicie
489 3115 592 3196 templi
623 3114 675 3197 qui
707 3114 831 3178 dimissa
863 3116 992 3178 seculari
1030 3114 1141 3178 milicia
1177 3115 1252 3178 facti

75 3228 132 3285 sunt
156 3223 270 3286 milites
297 3223 371 3286 desu
394 3222 506 3286 Christi
534 3228 565 3285 et
591 3201 696 3285 vexillo
719 3223 846 3287 Domino
874 3223 986 3305 iugiter
1012 3223 1175 3287 militantes
1204 3243 1259 3305 pro

13 3371 15 3404 3
74 3331 262 3414 redemptoris
280 3351 381 3395 amore
399 3352 432 3394 se
448 3331 536 3394 morti
553 3331 624 3393 dare
647 3332 808 3413 pugnando
833 3351 901 3395 cum
923 3331 1060 3395 barbaris
1082 3331 1260 3395 nacionibus

13 3461 14 3492 v
74 3457 124 3501 non
138 3441 317 3512 formidant,
338 3446 421 3504 tanto
445 3439 556 3502 debent
578 3440 738 3504 ardencius
756 3441 908 3504 confoveri
923 3441 954 3502 in
972 3441 1126 3513 omnibus,
1150 3448 1260 3525 quanto

13 3629 15 3640 b
77 3547 226 3627 gloriosius
261 3570 315 3632 pro
339 3549 514 3613 defensione
544 3549 699 3642 christiani
733 3549 859 3614 nominis
891 3557 1056 3615 noscuntur
1086 3551 1117 3614 in
1149 3551 1258 3614 castris

77 3655 224 3722 dominicis
241 3658 356 3740 iugiter
372 3664 402 3721 ct
416 3657 546 3720 fideliter
563 3658 743 3722 continuatis
760 3657 878 3722 vicibus
894 3658 1031 3722 militare.

158 3857 191 3925 o)
210 3856 265 3910 sic!
279 3858 308 3910 V.
324 3887 356 3896 -
371 3856 402 3928 d)
417 3858 450 3911 ad
463 3858 532 3910 idem
543 3857 570 3909 Ζ.
588 3887 616 3896 -
633 3858 665 3924 c)
681 3874 695 3909 a
708 3856 818 3910 Domino
833 3872 872 3910 am
887 3857 980 3911 Raude
994 3857 1023 3912 V.
1042 3887 1067 3896 -
1086 3857 1121 3926 d)
1137 3856 1204 3909 Dist.
1219 3856 1263 3907 llll

13 3981 14 3990 t
79 3945 136 4000 feblt
146 3950 173 4002 Ζ.
187 3967 211 4003 u.
229 3951 259 4005 V.

81 4139 392 4151 Ἡ...-

105 4256 126 4313 ¹)
137 4257 312 4303 Gleicbfautcnd
329 4219 372 4303 der
390 4259 499 4316 Elngang
517 4258 559 4304 der
577 4257 649 4302 Urlxk.
667 4259 694 4302 ll.
712 4259 819 4303 lindowe
838 4260 876 4303 fuir
893 4259 931 4304 dic
949 4260 1051 4304 llrrcben
1070 4273 1115 4303 uon
1127 4257 1202 4302 Malea
1219 4259 1266 4302 uurd

136 4339 236 4394 Littiob,
254 4343 310 4400 fleg.
332 4342 390 4386 llud.
409 4355 448 4388 no.
468 4341 514 4387 tta
531 4355 554 4384 u.
571 4343 627 4386 203.
646 4341 690 4384 und
710 4345 781 4386 unteu
799 4339 849 4385 fot.
869 4341 909 4392 58,
928 4353 968 4385 nu.
986 4339 1041 4385 4ss

13 4447 15 4462 ¹
114 4433 135 4494 ²]
147 4440 318 4486 Gisichleufend
337 4443 379 4485 der
397 4443 504 4501 liingang
519 4444 562 4484 der
580 4432 691 4485 [Ji-llll.
706 4442 810 4485 lludult's
828 4443 865 4484 fiir
883 4443 966 4484 Gteiulx
984 4455 1007 4484 u.
1028 4443 1186 4493 Wallxenvied,
1208 4444 1266 4498 fleg.

141 4521 195 4568 llud.
215 4538 252 4568 no.
270 4523 317 4568 487
336 4539 360 4568 u.
378 4525 542 4570 b'icdcrslichs.
562 4523 753 4568 Urlxundcnbuclr
772 4524 826 4568 llcft
843 4523 867 4576 2,
887 4523 942 4566 281.
