3112 5118
265 295 343 365 208

263 465 373 528 nostris
391 464 547 527 eventibus
575 465 696 546 hylares
725 486 793 526 esse
810 485 862 526 vos
894 465 1049 546 cupimus,
1077 465 1119 526 ita
1148 465 1244 526 eciam
1274 465 1312 526 de
1330 461 1462 526 sinistris

261 591 315 633 vos
329 570 504 634 confidimus
519 572 700 652 contristari.
719 572 795 634 Nam
808 572 930 635 celestis
947 571 1072 633 altitudo
1090 572 1220 641 consilii,
1237 573 1325 635 cuius
1344 571 1463 634 occulta

263 679 375 741 iudicia
393 679 535 758 colligere
553 699 639 740 nemo
656 682 768 759 potest,
787 698 822 739 eo
841 677 921 759 quod
937 678 1084 739 amirativi
1100 698 1175 740 voce
1194 678 1376 759 prophetica
1393 683 1465 740 sunt

268 787 416 868 abyssus,
444 805 500 848 nec
529 787 629 847 valent
645 805 661 847 a
678 785 854 847 mortalibus
882 790 947 847 arte
970 785 1104 866 qualibet
1132 786 1255 857 evitari,
1283 807 1339 849 nos
1357 788 1389 848 in
1405 805 1465 848 uno

270 893 462 956 menbrorum
501 897 671 955 nostrorum
717 892 873 974 potissimo
906 891 1076 954 medullitus
1109 893 1150 976 a)
1181 893 1348 964 lanceavit,
1394 893 1467 954 dum

264 1001 468 1065 Februarii
506 1001 544 1084 d)
575 1001 719 1063 mensis
757 1001 817 1062 die
857 1000 1003 1063 decimo
1035 1005 1171 1063 nostrum
1201 1001 1467 1082 primogeniciam,

262 1111 408 1172 illustrem
437 1108 548 1189 Sycilie
576 1127 679 1188 regem
702 1107 760 1193 α),
788 1107 826 1168 de
842 1107 903 1168 vite
930 1107 1029 1169 medio
1058 1107 1155 1188 proch
1182 1107 1283 1171 dolor!
1314 1109 1466 1170 evocavit.

265 1217 337 1298 Quis
355 1217 447 1298 igitur
462 1216 560 1278 valeat
581 1215 692 1277 rivulos
720 1215 910 1276 lacrimarum
938 1215 1140 1295 singultuosos
1169 1217 1360 1296 restingere,
1390 1216 1468 1279 tanti

264 1325 315 1388 lilii
331 1323 527 1406 prudenciam
551 1322 588 1384 ad
610 1323 783 1384 memoriam
806 1322 982 1384 evocando?
1009 1341 1105 1404 queve
1127 1323 1237 1403 lingva
1260 1330 1321 1386 tam
1340 1323 1469 1404 gloriosi

264 1435 347 1514 regis
364 1432 522 1495 audaciam
539 1431 735 1512 compilaret?
762 1435 813 1492 aut
829 1431 896 1512 quis
913 1450 998 1493 suam
1017 1433 1148 1493 calamus
1165 1437 1271 1512 posset
1287 1432 1469 1494 describere

261 1543 453 1624 largitatem?
474 1541 539 1601 Heu
555 1559 615 1608 me,
637 1539 769 1622 inquam,
792 1538 899 1609 filimi,
922 1539 980 1601 heu
997 1558 1056 1610 me,
1079 1558 1168 1620 quem
1184 1541 1282 1602 vereri
1299 1541 1467 1604 tenebatur

269 1647 395 1730 quilibet
411 1646 567 1717 inimicus,
589 1651 693 1728 utpote
710 1645 853 1708 dilectum
869 1645 1025 1714 omnibus,
1047 1652 1128 1708 terre
1145 1647 1289 1727 gaudium
1306 1648 1469 1710 universe!

265 1756 352 1820 Unde
381 1757 438 1818 etsi
455 1759 537 1817 motu
566 1754 694 1817 naturali
722 1759 752 1816 et
779 1759 903 1834 paterno
932 1753 997 1816 iure
1024 1754 1167 1816 maiestas
1194 1760 1300 1817 nostra
1328 1775 1386 1836 pro
1404 1762 1470 1820 tam

263 1863 386 1946 benigni
414 1862 577 1924 amissione
599 1861 650 1924 lilii
677 1863 708 1923 in
734 1861 874 1924 lacrimas
902 1882 936 1923 se
964 1862 1126 1930 dissolvat,
1154 1862 1245 1924 multo
1274 1863 1393 1924 sorcius
1412 1883 1470 1926 vos

262 1969 416 2052 regnicole
444 1974 526 2032 tanto
555 1970 673 2031 domiuo
701 1969 823 2031 viduati.
858 1969 904 2032 Sit
926 1987 999 2049 ergo
1027 1969 1165 2050 planctus
1192 1969 1251 2031 iste
1280 1969 1470 2042 eommunis,

263 2080 353 2143 huius
369 2078 491 2140 lamenti
508 2077 592 2140 dolor
607 2078 639 2138 in
655 2097 773 2140 omnem
788 2083 900 2138 terram
917 2081 947 2138 et
963 2077 995 2137 in
1010 2075 1085 2138 fines
1097 2076 1254 2158 proveniat
1271 2077 1355 2140 orbis
1372 2082 1471 2149 terre,

264 2187 334 2271 quia
351 2186 493 2248 maiestas
510 2183 585 2246 tanti
601 2182 748 2266 principis
764 2184 923 2247 multorum
940 2183 1079 2265 deposcit
1100 2183 1258 2253 lacrimas,
1288 2185 1341 2266 qui
1362 2186 1471 2248 multis

264 2295 406 2376 clyppeus
424 2292 609 2354 defensionis
626 2292 725 2353 fuerat
742 2296 772 2353 et
788 2291 903 2354 salutis.
913 2290 1076 2354 Cessarent
1091 2289 1215 2352 lacrimo
1229 2297 1260 2354 et
1271 2292 1473 2374 singultuosa

265 2406 422 2465 cessarent
438 2399 548 2461 emissa
565 2398 694 2480 suspiria
711 2399 748 2460 de
765 2398 938 2480 profundis,
967 2399 992 2460 si
1016 2418 1075 2459 non
1091 2399 1121 2461 in
1136 2399 1244 2480 longos
1261 2421 1296 2462 se
1313 2402 1474 2466 derivaret

264 2508 376 2571 rivulos
403 2507 449 2568 vis
478 2507 598 2568 doloris.
631 2507 720 2567 Lusit
747 2524 874 2586 namque
890 2505 986 2566 David
1013 2504 1106 2566 filium
1133 2526 1220 2568 suum
1235 2507 1424 2572 Absoloncm
1443 2517 1475 2572 et

191 2654 194 2659 ›
266 2614 438 2697 patriarcha
452 2613 492 2700 β)
506 2634 591 2676 suum
604 2613 718 2695 loseph
730 2613 822 2675 lilium
832 2613 971 2675 lamentis
983 2613 1087 2684 variis,
1103 2619 1193 2694 prout
1203 2614 1345 2695 legimus,
1363 2618 1475 2698 deplo-

266 2725 353 2790 ravit.

359 2837 549 2917 Ergauiungen
568 2863 616 2900 aus
629 2846 793 2900 uuili-Both.
806 2847 848 2908 Vl,
868 2847 911 2900 32.
933 2845 1086 2900 Fridericus
1105 2850 1158 2900 etc.
1177 2849 1279 2917 populo
1294 2849 1471 2902 messanensi

269 2943 321 2994 etc.
339 2969 366 2977 -
385 2937 418 3007 α)
432 2937 573 2990 llcnricum
586 2966 622 2974 —
635 2934 670 3006 β)
684 2937 776 2989 Jacob.

313 3045 318 3054 ·
358 3027 518 3094 Vergleicbc
531 3027 597 3078 uber
610 3025 660 3077 den
674 3026 813 3094 Todostag
826 3025 856 3077 li.
871 3025 1009 3079 lleinricbs
1021 3025 1099 3096 (Vll)
1110 3025 1240 3078 Boehmer
1250 3027 1318 3097 Reg.
1331 3027 1397 3098 imp.
1408 3028 1474 3082 inde

268 3120 302 3169 ab
316 3114 386 3167 1198
401 3133 461 3184 pag.
475 3113 537 3176 255,
552 3116 600 3168 der
612 3131 708 3167 unseru
718 3115 793 3168 Brief
800 3115 986 3184 obneAngabe
997 3114 1044 3167 des
1052 3113 1176 3166 Gruudes
1187 3113 1230 3167 loir
1241 3117 1345 3169 uuecbt
1356 3118 1471 3171 erkltrt.

853 3302 888 3372 5.

679 3478 846 3559 inperator
861 3477 893 3540 ll.
909 3481 1050 3560 prlnclpl.

268 3602 325 3653 Der
342 3600 438 3654 Kaisar
458 3598 617 3668 (Friedrich
631 3599 683 3666 11.)
702 3607 795 3654 adstet
812 3600 889 3654 doen
907 3601 998 3654 seiner
1012 3603 1143 3655 Getreucn
1163 3603 1228 3656 tiber
1239 3604 1293 3657 den
1310 3606 1370 3658 Tod
1379 3606 1471 3660 reim

747 3690 857 3761 tapfem
871 3688 980 3746 Sabaea.

361 3833 447 3913 Quod
464 3831 501 3894 de
518 3831 606 3894 nimis
622 3831 733 3894 acerbo
750 3830 802 3894 filii
823 3834 866 3895 tui
889 3853 962 3897 casu
979 3835 1199 3916 compassionis
1217 3843 1323 3900 nostre
1340 3837 1472 3902 verbum

269 3941 308 4004 ad
324 3946 354 4003 tc
370 3940 456 4001 tarde
471 3939 610 4019 pervenit
625 3958 718 4001 causa
734 3939 802 4009 suit,
819 3946 853 4003 ut
867 3941 921 4002 tibi
937 3943 976 4003 ad
992 3949 1110 4023 tempus
1126 3944 1267 4006 lacrimas
1283 3943 1470 4007 laxaremus.

270 4046 497 4128 suspirantibus
513 4065 642 4127 namque
658 4047 821 4126 gemitibus
838 4054 868 4109 et
884 4049 978 4110 oculis
994 4050 1163 4112 lacrimosis
1181 4051 1345 4131 epistolam
1362 4060 1472 4116 nostro

270 4155 489 4236 compassionis
506 4154 614 4216 offerre
632 4154 779 4226 nolumus,
802 4175 891 4237 quam
917 4164 947 4218 et
968 4158 1157 4220 lacrimarum
1180 4160 1359 4222 continuata
1382 4167 1474 4241 gutta

152 4253 160 4263 ’
270 4262 466 4344 perfunderet
481 4267 512 4322 et
528 4261 648 4322 eductio
665 4261 789 4342 copiosa
811 4263 992 4344 singultuum
1015 4267 1132 4346 perlegi
1156 4267 1345 4348 prohiberet.
1379 4269 1473 4331 Nunc

270 4376 382 4439 autem,
398 4367 544 4447 mitigatis
561 4367 698 4447 suspiriis
721 4376 752 4431 et
772 4371 931 4433 luminibus
949 4373 1104 4444 excolatis,
1122 4374 1346 4438 consolacionis
1363 4381 1472 4439 nostre

361 4494 395 4560 a)
410 4493 562 4545 medullitus
575 4510 616 4545 am
629 4493 722 4545 Raude
736 4495 765 4548 V.
779 4525 812 4533 -
825 4497 855 4562 b)
869 4496 960 4550 Frebr.
976 4499 1003 4552 ll.
