3096 5128
1181 311 1258 385 451

52 488 198 564 potestas
214 522 258 531 —
275 483 370 546 libera
388 489 417 546 et
434 489 580 566 exempta.
607 484 837 548 Gleicblautend
858 485 912 547 mit
929 484 983 546 der
1001 486 1094 546 forma
1113 485 1264 566 privilegii

54 591 146 653 oben
161 593 191 655 S.
209 589 262 654 84.

633 815 694 886 59.

164 1008 241 1090 depe
257 1009 443 1075 commendet
458 1010 576 1093 populo
593 1011 821 1093 predoctae-em,
840 1026 927 1090 quem
943 1009 980 1073 ed
999 1028 1050 1071 eos
1066 1007 1177 1090 dirigit.

155 1130 246 1195 Lucis
277 1134 379 1194 eterne
407 1131 518 1195 lumine
547 1133 710 1196 destitutus
740 1171 783 1182 -
810 1133 916 1195 merito
940 1130 1092 1195 liberales.
1124 1132 1156 1195 S.
1183 1130 1262 1194 oben

57 1239 100 1301 S.
120 1237 180 1301 108
196 1239 257 1302 und
275 1239 499 1305 ausliibrlieher
515 1241 547 1304 S.
566 1239 758 1306 eea-445.

630 1465 693 1534 60.

60 1636 229 1701 carduelis
247 1640 432 1703 commendat
451 1643 623 1722 episcopum
646 1641 682 1703 de
705 1640 782 1702 bene
805 1658 895 1723 opere
918 1658 954 1702 ec
976 1641 1142 1721 preposito,
1167 1641 1262 1718 signi·

61 1745 156 1808 fleens
178 1746 221 1825 ei,
247 1746 325 1828 qued
344 1766 423 1830 pepe
441 1767 500 1811 non
521 1749 616 1811 solum
634 1750 731 1831 petite
749 1766 804 1830 per
823 1767 887 1810 cum
908 1748 1074 1826 concessit,
1099 1748 1152 1810 sed
1173 1750 1261 1811 etiem

288 1856 471 1937 propositum
487 1875 570 1920 suum
587 1855 794 1937 multiplieiter
810 1856 1036 1919 commendarit.

483 2013 554 2068 132⁰
568 2014 682 2068 ineunte.
698 2015 843 2068 Avenione.

63 2159 193 2214 Nicolauc
205 2157 324 2230 Biccbof
336 2175 386 2212 ooo
402 2159 475 2212 Ostia
488 2161 545 2212 und
564 2158 678 2219 Velletre',
692 2156 818 2213 bericlotet
835 2159 893 2212 dem
905 2149 1020 2227 Blecloos
1034 2175 1085 2211 eon
1099 2155 1261 2226 Slrceoburp

63 2247 166 2304 dolerem
178 2267 228 2302 voro
241 2247 395 2320 Dirplecim,
413 2249 477 2302 (loco
491 2247 540 2302 der
553 2250 635 2316 Pepct
646 2247 750 2302 Jooaoo
762 2249 854 2313 XXII„
873 2257 952 2303 ceter
964 2249 1158 2316 Ancrlcennunp
1172 2246 1262 2300 ceiner

63 2337 302 2410 ceelecrperiecben
320 2339 515 2401 ll'eblrocmlcelt,
529 2341 620 2392 emmer
631 2339 702 2393 Boeo
720 2340 747 2394 in
764 2339 869 2408 Belreff
882 2341 932 2392 cler
950 2337 1118 2392 alleubortce
1145 2339 1260 2390 Ver-ord-

481 2446 553 2500 nuop
565 2428 749 2500 naolpepeoen
761 2429 837 2483 loebe.

151 2573 323 2638 Venerabili
362 2573 392 2636 in
426 2575 545 2637 Christo
585 2576 664 2658 patri
704 2574 823 2638 domino
862 2575 909 2638 lo.
943 2574 1085 2656 episcopo
1115 2571 1259 2653 Argenti-

62 2684 146 2745 nensi
174 2683 269 2746 frater
297 2682 355 2764 Ny.
385 2682 583 2764 permissione
616 2682 715 2746 divina
745 2682 903 2764 Ostyensis
933 2687 963 2744 et
992 2681 1157 2745 Veltrensis
1188 2680 1256 2762 epi-

61 2810 170 2873 scopus
196 2796 254 2853 etc.

147 2900 231 2962 luter
257 2898 387 2961 illustres
417 2919 543 2962 nervose
568 2900 684 2962 virtutis
713 2900 826 2970 titulos,
850 2919 908 2982 qua
937 2899 1051 2982 antiqui
1079 2897 1251 2981 patriarche

59 3005 202 3069 memorie
217 3025 314 3088 usque
331 3007 369 3069 ad
388 3005 477 3069 linem
494 3006 589 3069 seculi
607 3005 794 3076 celebratur,
823 3007 895 3068 illud
925 3007 1070 3088 singulari
1098 3005 1259 3088 splendore

59 3115 170 3186 rutilat,
189 3114 281 3196 quod,
299 3114 369 3177 dum
382 3113 598 3177 sceleratorum
614 3115 767 3177 bominum
783 3113 875 3176 urbes
893 3134 961 3177 cum
978 3114 1039 3178 suis
1052 3115 1160 3177 incolis
1173 3133 1260 3177 ever·

58 3224 182 3294 tendas,
201 3223 327 3286 Domino
345 3243 449 3286 secum
465 3222 637 3294 sabulanle,
656 3225 814 3305 cognovit,
835 3243 872 3285 ne
889 3224 1069 3286 innocencia
1086 3223 1172 3285 simul
1191 3243 1259 3285 cum

58 3334 211 3415 impietate
228 3331 351 3414 periret,
369 3350 436 3394 mox
453 3332 534 3414 apud
553 3333 668 3396 divinas
685 3353 785 3402 aures,
802 3331 969 3395 bumilitate
987 3333 1106 3414 previa,
1124 3331 1260 3394 fervidus

57 3441 145 3503 immo
162 3439 317 3522 improbus
334 3445 476 3521 precator
492 3440 658 3528 antecessit
676 3447 716 3512 et,
734 3441 840 3522 mandi
857 3439 967 3504 fiducia
981 3441 1017 3502 de
1030 3439 1149 3502 Domini
1166 3441 1260 3502 mise-

58 3549 180 3612 racione
195 3554 382 3632 presumpta,
400 3548 583 3619 oracionem,
601 3555 634 3611 ut
651 3549 691 3611 ita
709 3549 844 3618 dixerim,
862 3549 892 3611 in
905 3548 1143 3631 disputacionem
1155 3548 1256 3619 vertit,

58 3658 126 3740 quia
142 3659 189 3720 vir
204 3657 269 3719 Dec
285 3656 392 3738 plenus
410 3657 550 3737 ignorare
573 3677 632 3720 non
655 3658 762 3738 potuit,
781 3657 860 3737 quod
882 3657 924 3742 a)
948 3657 1048 3720 divina
1071 3657 1191 3719 bonitas
1216 3656 1260 3719 sie

58 3765 196 3828 omnibus
217 3763 374 3827 sacrificiis
391 3765 628 3827 misericordiam
644 3765 779 3845 protulit,
796 3768 829 3824 ut
845 3784 905 3826 non
921 3763 1017 3826 solum
1031 3765 1189 3848 pacienter
1202 3765 1256 3827 sed

57 3873 185 3937 letanter
209 3874 305 3941 serat,
331 3874 356 3936 si
378 3873 508 3936 bumana
532 3873 682 3962 fragilitas
700 3873 844 3935 adversus
860 3872 917 3934 Dei
934 3872 1081 3936 iustitiam
1099 3872 1258 3955 aliquando

57 4003 108 4064 pro
128 3983 243 4064 pietate
264 3981 437 4043 contendat.
468 3981 508 4044 Ut
528 3981 607 4043 enim
627 3979 777 4062 scriptura
797 3980 930 4062 loquitur
946 3979 990 4065 1):
1013 3982 1260 4064 appropinquans

58 4093 111 4156 ait:
129 4091 210 4154 Num
228 4088 303 4171 quid
318 4089 428 4172 perdes
443 4089 555 4152 iustum
569 4089 770 4170 cumimpiis?
789 4088 827 4150 ut
839 4089 928 4170 paulo
941 4093 1026 4170 post:
1043 4086 1130 4150 Absit
1142 4108 1160 4150 a
1173 4093 1212 4157 te,
1228 4093 1260 4150 ut

58 4220 117 4262 rem
136 4199 216 4262 hanc
231 4196 328 4259 facias
346 4201 376 4259 el
393 4197 514 4260 occidas
532 4198 644 4260 iustum
661 4217 729 4259 eum
746 4196 849 4278 impio,
866 4195 977 4277 fiatque
994 4195 1090 4259 iustus
1107 4197 1188 4259 sicut
1202 4197 1261 4258 im·

127 4360 161 4429 a)
176 4375 258 4430 quom
272 4357 300 4412 V.

71 4469 391 4482 ....,-...-------

91 4529 113 4589 ¹)
134 4534 220 4578 Genea.
237 4529 277 4582 18,
290 4527 328 4572 23.
343 4529 380 4573 25.
