3108 5118
271 278 348 358 216

268 470 437 528 nostrorum
453 466 484 528 in
500 467 551 529 tali
568 468 635 531 loco
653 470 753 534 edicta
776 476 814 561 1),
831 476 869 539 ad
886 496 974 558 quam
987 476 1188 558 peremptorie
1202 494 1309 555 regem
1322 475 1457 536 Bohemie

267 572 401 635 duximus
418 577 615 650 evocandum,
631 578 672 641 ad
687 587 789 661 partes
806 589 887 645 terre
904 589 1006 646 nostre
1023 583 1201 647 beatitudini
1218 588 1323 645 vestre
1341 587 1456 644 conter-

266 681 379 752 minas,
411 685 566 749 festinatis
594 688 751 768 gressibus
781 712 797 752 e
825 691 954 772 vestigio
981 691 1198 772 procedemus,
1227 697 1259 754 ut
1285 689 1399 753 ibidem
1425 689 1459 752 de

266 789 375 852 vestris
391 790 608 873 beneplacitis,
626 797 733 878 quibus
751 818 871 880 semper
886 799 1044 862 habilitare
1061 819 1116 863 nos
1132 800 1280 867 volumus,
1296 798 1413 860 facilius
1431 804 1459 859 et
1549 814 1550 821 ¹

268 897 373 960 melius
384 899 496 963 instrui
516 902 677 965 valeamus.
970 910 979 919 ”

357 1061 410 1112 Des
433 1061 468 1113 iet
490 1061 531 1115 die
554 1063 672 1118 Antwort
693 1064 742 1117 auf
761 1053 909 1120 den'Brief
929 1067 1057 1138 Gregor's
1080 1085 1137 1120 vom
1162 1067 1185 1120 1.
1208 1067 1359 1120 December
1384 1064 1458 1124 1274,

270 1149 337 1202 oben
350 1165 411 1218 pag.
427 1149 486 1204 110.

846 1452 909 1522 52.

614 1625 808 1690 Romanorum
825 1647 877 1690 rex
895 1627 1015 1690 domine
1030 1647 1117 1711 pape.

758 1782 837 1837 1274.
853 1785 978 1840 October.

271 1923 357 1994 lfdne'p
370 1925 571 2002 Rudolsxdanlct
589 1929 646 1980 clem
659 1930 742 1998 Papet
757 1930 860 1999 Greper
873 1927 903 1980 Χ.
919 1927 968 1998 fito·
980 1930 1032 1983 doe
1045 1947 1075 1983 zu
1089 1930 1179 1983 aeinen
1196 1932 1316 1985 Geneten
1330 1933 1460 1984 ertoeerne

275 2009 418 2067 Scbrefdeo
432 2032 466 2066 an
479 2015 523 2069 die
535 2017 647 2071 mererere
660 2019 716 2070 und
735 2019 883 2078 enteendet,
907 2026 984 2070 untes·
1002 2017 1174 2089 Hineoee'eunp
1187 2018 1241 2089 auf
1249 2019 1311 2082 eine
1324 2019 1393 2072 nacla
1404 2021 1458 2072 dem

270 2101 491 2158 devoratebenden
503 2105 660 2177 Reicfeetape
679 2107 882 2162 abacordneede
897 2107 1116 2178 Geeondteebafl,
1139 2109 1268 2181 vorldufiq
1286 2111 1367 2165 einen
1384 2111 1461 2164 Botere

814 2213 851 2248 on
864 2194 918 2251 ito.

368 2339 492 2401 Gerbert,
507 2339 532 2400 1,
544 2337 589 2391 28.

362 2479 498 2542 lumense
516 2480 685 2544 serenitatis
698 2481 860 2554 amenitas,
884 2483 1050 2564 apostolice
1068 2482 1139 2545 tube
1156 2483 1356 2569 111111)1111
1376 2485 1462 2547 undi-

267 2587 330 2667 'que
347 2587 464 2650 cunctis
481 2587 551 2649 fidei
569 2588 731 2650 orthodoxe
755 2588 1020 2652 circumfundenda
1039 2589 1213 2660 cultoribus,
1232 2612 1312 2654 nune
1327 2593 1365 2654 de
1379 2613 1462 2662 novo,

275 2694 366 2756 veluti
383 2715 459 2758 nova
475 2697 539 2767 lux,
563 2697 668 2760 celitus
686 2698 771 2760 novis
789 2704 876 2761 aucta
893 2698 1077 2779 fulgoribus,
1099 2700 1185 2779 pulsa
1207 2701 1287 2761 omni
1305 2700 1462 2763 obumbra-

276 2803 363 2866 cione
381 2805 528 2885 caliginis,
545 2806 631 2869 nobis
655 2829 690 2870 ex
713 2826 748 2870 eo
771 2807 930 2889 presertim
954 2809 1092 2888 apparuit
1116 2814 1146 2871 et
1168 2809 1275 2871 claruit
1298 2809 1462 2881 evidenter,

274 2913 354 2994 quod
370 2920 470 2977 vestre
486 2914 681 2978 beatitudinis
698 2915 793 2985 zelus,
810 2916 860 2997 qui
876 2913 971 2978 iustas
995 2915 1098 2996 dirigit
1120 2935 1228 2978 causas
1251 2922 1282 2979 et
1299 2917 1462 2981 detestatur

272 3023 410 3094 iniustas,
424 3044 482 3086 uon
490 3025 592 3086 sinens
600 3024 675 3086 ultra
683 3023 848 3104 uosimpeti
857 3023 1238 3104 calumpniosisinsultibus
1247 3027 1413 3090 emulorum
1423 3027 1460 3112 ι),

273 3131 390 3212 paterni
407 3133 517 3194 favoris
533 3133 684 3204 affectum,
701 3152 790 3214 quem
808 3132 846 3194 ad
869 3152 922 3196 nos
946 3131 988 3213 pii
1005 3137 1036 3193 et
1052 3131 1182 3212 graciosi
1199 3132 1337 3213 preconii
1355 3133 1461 3198 clariti-

275 3239 353 3301 cavit
368 3238 400 3300 in
416 3259 539 3320 organo,
557 3246 587 3302 et
603 3240 634 3302 in
650 3239 782 3323 equitate
798 3239 928 3310 iusticie,
944 3238 1123 3321 applausivis
1135 3239 1266 3302 immixta
1280 3240 1460 3312 dulcoribus,

273 3365 348 3425 opus
371 3345 523 3418 altissimi,
553 3347 632 3430 quod
654 3349 684 3411 in
711 3352 811 3410 vestra
833 3367 961 3428 persona
983 3345 1107 3409 mirifice
1126 3347 1248 3410 dextera
1265 3367 1321 3410 sua
1339 3368 1459 3430 compo-

273 3455 332 3518 suit
348 3455 398 3538 1),
415 3456 573 3518 manifeste
591 3455 713 3518 deduxit
735 3455 765 3517 in
780 3454 932 3536 publicam
954 3454 1130 3524 necionem,
1154 3474 1246 3536 super
1268 3456 1459 3536 expressione

272 3565 382 3628 favoris
404 3565 573 3628 huiusmodi
595 3563 780 3646 principibus
803 3561 913 3625 nostris
927 3568 968 3625 et
990 3562 1135 3634 subditis,
1164 3563 1330 3644 apostolice
1359 3566 1458 3646 gracie

364 3690 397 3758 n)
411 3689 483 3743 fletui
497 3692 525 3745 V.
543 3718 573 3729 -
590 3690 621 3758 1)
635 3689 771 3745 contexuit
784 3689 810 3742 Z.

298 3945 320 4002 1)
340 3946 370 3988 Da
394 3943 437 3988 der
453 3944 518 3988 Briet
533 3944 646 4002 Gregor's
662 3943 690 3987 X.
709 3957 760 3988 rom
780 3943 802 3987 1.
821 3942 950 3987 December
966 3939 1094 3996 jedenfslle
1113 3941 1172 3985 noeb
1194 3955 1236 3985 vor·
1257 3941 1361 3998 Neujehr
1381 3944 1458 3987 indie

335 4025 414 4070 iliade
432 4025 473 4070 des
484 4026 575 4082 lldnigs
591 4026 731 4084 gelommen
748 4024 786 4078 ist,
804 4024 849 4069 und
867 4035 918 4068 men
938 4023 1068 4067 ennehmen
1086 4023 1163 4076 kann,
1184 4023 1238 4066 dese
1255 4024 1334 4067 dieser
1351 4026 1390 4068 ihu
1407 4025 1457 4068 bald

271 4163 275 4168 Ι
334 4107 495 4152 beentwortet
512 4108 583 4162 habe,
604 4121 631 4150 11
648 4107 680 4151 ist
697 4120 722 4152 es
741 4105 1321 4158 1111111111111111111111111211111111111
1336 4106 1458 4164 Wireburg

335 4189 448 4234 berufene
465 4189 560 4249 llosteg,
578 4190 619 4232 auf
629 4190 673 4232 den
691 4189 846 4236 Rudolf.bier
862 4187 982 4232 bfnweiat.
1001 4187 1155 4230 Bekonntlieb
1171 4188 1279 4230 arcebieu
1299 4188 1386 4232 0111111·
1404 4189 1459 4232 auch

334 4272 357 4314 iu
375 4272 502 4328 wirzburg
522 4270 603 4326 uiebt,
629 4271 675 4315 wie
694 4284 720 4315 er
736 4271 809 4314 echon
831 4270 918 4314 vorber
937 4269 980 4312 der
1000 4269 1080 4312 ersten
1101 4267 1238 4325 Vorledung
1258 4270 1317 4312 1111
1335 4269 1458 4327 Ndrnberg

337 4353 402 4397 nicht
413 4355 488 4410 Fulge
500 4355 608 4413 gegeben
621 4356 694 4408 batte,
715 4354 759 4398 und
773 4367 799 4398 11
814 4353 893 4398 wurde
906 4365 933 4396 er
945 4365 997 4395 zum
1010 4352 1099 4396 1111111
1112 4350 1170 4394 ldele
1183 4352 1277 4395 1111111
1292 4351 1328 4396 15.
1342 4355 1386 4399 1111
1401 4353 1458 4397 tras

335 4439 395 4481 nach
407 4437 534 4495 Augeburg
546 4435 617 4482 citfrt.
643 4438 720 4496 Vergl.
734 4438 857 4488 1111111111,
871 4435 929 4493 aeg.
942 4433 1000 4479 llud.
1014 4446 1036 4478 n.
1051 4431 1081 4476 51
1093 4431 1137 4475 und
1150 4445 1172 4476 1.
1188 4432 1242 4477 tta.

292 4516 315 4575 ²)
334 4520 413 4563 Alione
426 4533 473 4564 von
487 4519 597 4564 Castilien
608 4520 654 4564 urrd
669 4519 757 4563 0111111·
769 4531 819 4562 111
832 4517 934 4562 11111111
946 4515 998 4561 aiud
1011 4517 1126 4574 gemefnt.
