3168 5124
665 503 704 572 ll.

110 611 297 706 Probemiun
321 644 355 706 in
378 645 490 707 formas
513 642 678 721 literarum,
701 663 759 726 que
782 645 894 707 dautur
915 643 947 705 iu
969 641 1061 705 curiis
1077 639 1256 721 principum.

594 769 720 814 Distiuctio
738 771 755 814 Ι.

159 901 331 966 lllucidatis
365 903 497 987 quinque
527 905 663 988 partibus
697 904 824 987 epistole
856 911 887 967 ct
919 904 1001 966 circa
1034 901 1157 964 easdem
1183 902 1285 981 partes

77 997 253 1091 buibusdam
271 1011 485 1077 dubitabilibus
503 1015 679 1096 explanatis,
695 1014 829 1098 visisque
846 1014 885 1099 a)
902 1011 1036 1076 formulis
1055 1007 1282 1076 salutacionum,

78 1139 197 1201 quarum
213 1139 289 1182 usus
307 1126 355 1184 est
370 1121 401 1184 in
416 1121 511 1185 literis
529 1124 753 1195 communibus,
782 1143 856 1206 quas
878 1122 1016 1187 missiles
1039 1121 1152 1185 literas
1181 1113 1291 1197 appel-

87 1229 158 1300 lant,
187 1229 228 1292 ad
257 1250 383 1315 quarum
408 1233 618 1314 cognicionem
642 1233 815 1315 specialiter
842 1231 991 1315 presentis
1022 1229 1121 1312 operis
1151 1225 1291 1307 dirigitur

17 1353 18 1356 ’
83 1338 226 1409 intencio,
260 1359 297 1401 co
322 1341 401 1423 quod
417 1340 513 1422 magis
542 1342 621 1423 apud
653 1362 756 1405 omnes
793 1342 823 1403 in
854 1339 1071 1403 consuetudine
1102 1336 1270 1399 habeantur
1278 1353 1287 1405 ;

80 1446 154 1508 unde
172 1444 211 1532 b)
240 1449 384 1528 quoniam
419 1449 537 1511 diverse
566 1454 636 1512 sunt
671 1429 790 1531 species
828 1448 998 1519 literarum,
1042 1445 1081 1508 ad
1119 1443 1288 1507 habendam

78 1554 283 1618 differenciam
322 1556 402 1619 inter
428 1557 530 1620 literas
561 1563 591 1621 et
617 1557 737 1630 literas,
779 1563 811 1620 nt
843 1577 944 1620 earum
977 1555 1136 1618 diversitas
1169 1551 1408 1616 facilinsrums.

17 1713 19 1740 s
80 1670 299 1745 cognoscatur,
325 1685 426 1727 earum
449 1666 602 1728 literarum
624 1685 748 1747 genera,
766 1685 824 1749 que
841 1669 1062 1729 consueverunt
1079 1662 1143 1724 dari
1160 1681 1178 1723 a
1195 1661 1287 1723 curiis

17 1825 18 1848 2
82 1773 260 1855 principum,
279 1774 311 1836 in
329 1774 433 1836 ordine
450 1779 676 1858 prosequamur.

166 1883 290 1946 Dantur
306 1883 385 1944 enim
401 1883 431 1944 in
455 1882 570 1946 eisdem
587 1883 679 1945 curiis
697 1885 941 1960 commissiones,
960 1884 1145 1959 citeriores,
1159 1901 1283 1967 proco-

80 1993 213 2064 ratoric‚
232 1992 420 2062 donatoris,
434 1993 607 2078 petitoris,
624 1995 803 2070 sentencie,
828 1995 1105 2077 confirmaciones,
1131 1990 1282 2078 appello·
1316 2061 1322 2073 ,

82 2101 198 2176 cinnes,
232 2101 441 2170 executoris,
471 2101 748 2188 dispensaciones,
788 2102 1008 2189 indulgencie,
1049 2101 1286 2186 contempsisses,

23 2271 29 2290 ‚
83 2209 305 2280 metacismos,
332 2209 571 2294 inquisicioncs,
588 2214 732 2294 formate
750 2208 787 2295 0)
805 2216 835 2272 et
862 2211 1062 2297 obligatorie.
1097 2209 1207 2272 Omnes
1225 2205 1285 2269 iste

17 2347 18 2406 ς
80 2319 170 2390 litere,
184 2320 268 2381 sicut
285 2316 454 2380 nominibus
469 2322 538 2381 sunt
555 2318 686 2390 diverse,
703 2319 748 2380 sic
766 2319 903 2381 nimirum
921 2319 1024 2401 queuis
1039 2318 1163 2381 istarum
1177 2315 1214 2378 ab
1228 2315 1286 2378 alia

17 2423 19 2510 l
80 2426 166 2490 babet
183 2409 277 2490 ¹aliud
301 2425 434 2509 speciale
451 2432 482 2489 et
497 2426 556 2490 hoc
572 2427 604 2488 iu
620 2427 710 2510 modo
728 2426 899 2499 scribendi,
927 2427 1013 2490 aliter
1036 2426 1115 2489 enirn
1144 2423 1291 2488 scribitur

17 2523 18 2534 ,
83 2537 248 2600 commissio
262 2536 352 2600 aliter
364 2535 473 2599 citaeio
481 2555 491 2606 ;
509 2535 595 2598 etsie
610 2535 647 2598 de
664 2535 1024 2617 singulis-Maioribus
1039 2541 1138 2598 autem
1150 2534 1288 2616 prelatis,

17 2693 19 2722 ,
84 2650 178 2726 utpote
195 2642 395 2727 patriarchis,
412 2643 670 2725 archiepiscopis,
688 2644 858 2726 episcopis,
875 2645 974 2706 omnia
990 2644 1128 2726 predicta
1144 2643 1186 2728 d)
1203 2663 1288 2705 com-

87 2759 186 2834 petunt
213 2773 329 2834 genera
345 2752 508 2824 literarum,
536 2754 595 2816 nisi
623 2755 701 2817 iortc
729 2754 837 2836 aliquis
866 2753 938 2818 velit
973 2753 1174 2825 contendere,
1208 2754 1287 2836 quod

17 2867 18 2906 ³
83 2864 268 2926 exemciones
300 2867 331 2924 et
358 2861 606 2944 dispensaciones
644 2863 699 2926 soli
733 2882 810 2944 pape
844 2863 974 2926 debeant
1005 2864 1172 2936 reservari,
1201 2863 1286 2946 quod

17 3013 19 3058 t
83 2993 132 3033 uos
148 2973 244 3035 eciam
261 2972 294 3033 in
318 2990 430 3052 genere
454 2971 647 3035 concedimus
666 2972 714 3057 e),
731 2971 803 3034 licet
824 2973 974 3054 possimus
993 2973 1095 3036 dicere
1117 2975 1148 3036 in
1172 2973 1286 3058 specie,

17 3059 19 3068 ‚
84 3082 154 3162 quod
178 3079 419 3161 archiepiscopis
442 3086 472 3142 et
495 3079 645 3162 episcopis
669 3101 735 3142 cum
760 3079 888 3143 subditis
912 3081 974 3143 suis
997 3082 1029 3144 in
1053 3081 1145 3145 certis
1163 3082 1285 3144 casibus

85 3190 224 3253 eximendi
241 3195 273 3252 et
289 3187 484 3269 dispensandi
501 3189 665 3252 auctoritas
683 3189 868 3253 concedatur
883 3187 932 3277 s).
966 3190 1039 3253 ltem
1056 3196 1126 3253 sunt
1148 3196 1179 3254 et
1200 3190 1285 3278 plura

85 3317 188 3378 genera
204 3299 375 3369 literarum,
405 3287 462 3380 que
479 3297 510 3359 in
526 3297 584 3360 fine
600 3298 688 3360 buius
707 3300 851 3362 summulc
867 3306 1026 3382 ponuntur,
1044 3305 1171 3364 utsunt:
1189 3301 1286 3365 litere

86 3411 268 3478 conductus,
304 3407 399 3470 litere
427 3407 654 3491 diffiducioois,
690 3408 784 3473 litere
806 3411 1035 3474 testimoniales
1059 3414 1116 3470 etc.
1135 3409 1284 3471 -Nune

86 3515 171 3596 igitur
183 3514 224 3602 n)
248 3513 415 3578 secundum
450 3514 584 3578 ordinem
612 3516 781 3589 videamus,
813 3517 911 3598 ,primo
941 3517 1115 3599 exponendo
1144 3518 1215 3601 quid
1245 3520 1285 3583 sit

17 3673 18 3680 ,
89 3641 260 3688 commissio.

423 3829 578 3892 irsctstus
596 3829 633 3892 dc
651 3831 917 3894 commissionibus.
1013 3815 1016 3820 ’

592 3953 720 3999 uietinctio
733 3955 760 3999 u.

169 4089 222 4154 list
233 4089 532 4178 autemcommissio,
551 4089 670 4172 quando
687 4091 852 4154 auctoritas
869 4092 967 4176 aliqua
985 4092 1072 4156 datur
1088 4112 1105 4155 a
1123 4094 1280 4175 superiore

17 4237 18 4242 κ
91 4196 170 4260 alicui
184 4199 327 4264 inferiori.
361 4199 424 4263 Sed
441 4200 509 4282 quia
526 4201 557 4261 in
573 4199 736 4280 generibus
759 4201 912 4265 literarum
934 4206 1154 4270 antedictarum
1176 4205 1280 4286 plures

172 4363 204 4432 o)
230 4360 378 4434 explanatis
403 4365 431 4416 ei
453 4361 548 4431 positis
574 4379 623 4416 suo
650 4363 677 4417 in
703 4363 763 4418 ioco
788 4363 909 4420 formulis
934 4367 962 4420 Z.
985 4399 1012 4410 -
1034 4368 1066 4441 i)
1090 4387 1182 4425 verum
1195 4370 1222 4423 Z.
1241 4400 1278 4409 --
1302 4330 1304 4334 ·

93 4448 119 4518 c)
133 4451 239 4508 iormate
256 4453 326 4508 ieblt
343 4452 372 4507 V.
391 4453 426 4522 d)
450 4451 635 4523 predictarum
655 4455 681 4508 Z.
705 4487 734 4496 -
755 4459 786 4526 e)
812 4461 998 4516 contendimus
1023 4462 1051 4515 Z.
1074 4493 1105 4501 —
1124 4463 1157 4534 f)
1178 4464 1280 4521 babeat

95 4545 263 4601 auctoritatem
275 4547 306 4600 v.
323 4575 351 4586 -
365 4545 400 4618 y)
412 4545 448 4616 ig.
459 4544 493 4599 de
506 4545 598 4617 primis
613 4547 761 4602 secuudum
774 4549 804 4604 Z.
