3100 5116
255 327 333 402 390

253 521 307 565 sue
330 503 486 569 suavitatis
509 503 673 587 flagrancia
689 504 744 591 0),
760 501 850 568 velud
873 503 902 565 in
926 500 992 584 agri
1013 501 1094 586 pleni
1111 501 1214 572 odore,
1240 503 1289 566 cui
1306 501 1454 564 Dominus

252 608 417 686 benedixit,
433 611 589 695 potissime
607 612 802 676 delectemur.
836 610 952 675 Idcirco
969 630 1029 673 non
1044 612 1194 675 immerito
1218 617 1393 693 promptum
1409 617 1455 674 est

253 721 285 784 in
307 721 412 794 nobis,
435 721 697 787 commoditatibus
714 721 777 786 suis
794 720 926 784 libenter
946 720 1119 792 intendere,
1142 741 1179 785 ac
1201 719 1370 785 honoribus
1393 741 1454 784 am-

253 829 382 914 pliandis
399 831 430 894 in
446 831 585 896 omnibus
606 831 647 917 d)
668 830 792 915 spiritus
808 830 1044 916 promptitudine
1076 830 1218 916 aspirare.
1270 831 1353 896 Sane
1385 830 1454 895 licet

253 942 399 1006 honestus
414 941 461 1006 vir
483 942 520 1006 N.
544 943 596 1030 0),
624 940 694 1026 qui,
724 940 869 1026 preclaris
887 941 950 1004 suis
967 939 1158 1022 exigentibus
1175 940 1308 1012 meritis,
1331 940 1366 1004 in
1382 961 1454 1005 oon·

254 1054 362 1132 spectu
374 1050 459 1132 regio
466 1049 776 1133 graciosusassurgit,
784 1049 821 1112 de
829 1047 1310 1132 nostralicenciaadpresenciam
1321 1055 1453 1113 vestram

254 1158 380 1223 accedat
397 1159 435 1224 ad
451 1160 547 1242 prime
563 1179 617 1223 sue
633 1158 803 1222 residencie
819 1157 1018 1221 ministerium
1035 1157 1066 1220 in
1082 1156 1213 1222 ecclesia
1228 1162 1342 1230 vestra,
1361 1157 1452 1223 devo-

252 1266 339 1330 cione
362 1287 421 1352 qua
444 1270 600 1340 convenit,
629 1267 829 1338 offerendum,
855 1267 925 1352 quia
941 1273 1058 1338 tamen,
1087 1266 1275 1331 condicionis
1298 1272 1330 1330 et
1356 1272 1452 1332 status

252 1375 385 1439 eiusdem
402 1376 532 1441 ecclesie
548 1375 789 1441 circumstanciis
806 1375 932 1460 provide
947 1376 1113 1449 trutinatis,
1130 1381 1161 1440 et
1182 1376 1269 1441 vobis
1293 1376 1400 1441 utilius
1424 1384 1452 1440 et

252 1484 383 1549 ecclesie
405 1490 505 1549 vestre
533 1486 623 1568 longe
653 1485 819 1549 consultius
848 1484 1048 1556 arbitramur,
1079 1485 1158 1570 quod
1182 1485 1282 1549 adhuc
1306 1485 1392 1548 idem
1414 1485 1450 1549 N.

252 1594 382 1658 ecclesie
397 1600 498 1660 vestre
515 1595 546 1659 in
563 1593 646 1658 curia
662 1599 766 1658 nostra
784 1595 946 1667 deserviat,
964 1614 1053 1679 quam
1068 1595 1099 1657 in
1116 1594 1227 1657 choro:
1251 1594 1451 1680 prudenciam

251 1707 383 1767 vestram
408 1723 551 1788 rogamus
579 1705 691 1768 affectu
719 1724 778 1790 quo
794 1723 967 1786 vpossumus
997 1703 1149 1788 ampliori,
1178 1709 1331 1790 quatenus
1361 1723 1453 1788 super

251 1813 357 1877 eadem
378 1813 547 1878 residencia
568 1833 623 1899 pro
646 1819 750 1879 nostra
771 1813 947 1878 reverencia
963 1817 993 1876 et
1010 1813 1138 1876 utilitate
1154 1815 1288 1899 propria,
1315 1834 1451 1896 congrua

252 1922 350 2007 ipsum
377 1924 481 2006 gracia
507 1927 742 2007 prosequentes,
771 1923 870 2005 ipsum
898 1921 937 1985 ad
964 1921 1078 1986 curiam
1106 1926 1239 1986 nostram
1267 1922 1450 2008 quantocius

250 2034 397 2098 studeatis
407 2032 571 2106 remittere,
588 2033 695 2098 vestris
713 2038 743 2096 et
760 2032 890 2096 ecclesie
902 2036 1060 2115 prenotate
1074 2031 1210 2116 serviciis
1223 2030 1299 2094 inibi
1313 2033 1449 2097 fructuo-

250 2142 313 2207 sius
345 2142 556 2216 insistentem,
588 2142 695 2206 scituri
727 2141 918 2212 certissime,
956 2140 1036 2226 quod
1067 2143 1190 2225 propter
1222 2140 1452 2204 commodorum

249 2256 420 2334 augmenta,
437 2271 496 2336 que
512 2249 598 2314 nobis
616 2250 721 2314 exinde
738 2249 927 2335 provenient,
944 2269 1000 2313 nos
1012 2249 1043 2311 in
1057 2247 1164 2313 vestris
1178 2246 1309 2330 agendis
1323 2249 1452 2333 quibus·

248 2361 321 2427 libet
337 2381 457 2447 semper
474 2361 668 2446 experiemini
684 2359 898 2446 prompciores.

824 2567 887 2640 43.

574 2710 635 2776 ltcx
653 2709 850 2774 1100000000
867 2710 971 2774 scriblt
986 2708 1124 2792 prinolpl.
1213 2762 1216 2768 .

686 2835 759 2890 1274
772 2837 844 2890 11010
858 2834 925 2889 oder
939 2834 1018 2890 12⁷5.

250 2944 338 3017 110019
351 2943 454 3016 liudolf
464 2943 543 3030 drobi
555 2945 614 3000 dem
628 2946 744 3019 Heraope
756 2942 883 2999 Heinrich
896 2961 946 2998 von
959 2943 1167 3009 Niederdciem,
1181 2945 1218 2998 da
1231 2945 1286 2999 alle
1306 2944 1449 3010 Vereacbe,

248 3035 294 3090 ida
315 3055 372 3091 zum
385 3034 518 3108 Empfanp
530 3035 580 3089 der
597 3034 687 3090 beben
704 3053 736 3088 zu
755 3034 883 3106 dewepen,
896 3031 1045 3105 cerpedlieb
1063 3033 1149 3100 aeica,
1169 3033 1214 3088 die
1227 3033 1318 3088 Scede
1337 3053 1385 3089 cor
1404 3037 1449 3090 die

465 3129 578 3183 Furateo
591 3128 640 3183 dec
651 3124 749 3183 Ileiebs
760 3142 818 3180 zum
830 3123 1026 3196 Recbtcepracb
1038 3142 1069 3178 ca
1083 3124 1202 3198 1010900.

339 3238 462 3300 Gerbert,
477 3238 504 3301 1,
516 3237 561 3292 31.

339 3371 374 3434 10
389 3371 453 3433 0010
469 3368 585 3433 fervide
601 3367 749 3438 karitatis,
766 3385 825 3451 qua
843 3364 1000 3430 universos
1017 3369 1048 3428 et
1066 3365 1201 3447 singulos
1224 3365 1306 3428 sacri
1328 3365 1446 3449 imperii
1545 3411 1547 3432 2

246 3481 410 3567 principes,
427 3478 517 3543 velud
532 3475 666 3542 membra
682 3474 794 3539 nobilia
810 3494 866 3538 suc
884 3475 975 3557 capiti
992 3473 1185 3547 adherentes,
1203 3475 1323 3538 sincere
1339 3493 1446 3560 prose·
1546 3457 1547 3476 ³

248 3590 377 3672 quimur,
393 3587 432 3650 ad
447 3586 477 3649 id
493 3586 652 3658 hactenus,
668 3582 757 3649 nullis
772 3583 926 3668 parcendo
943 3582 1121 3668 dispendiis,
1144 3583 1280 3647 studiosa
1297 3604 1391 3669 opera
1415 3589 1446 3646 et

249 3701 396 3780 oportuna
413 3694 627 3768 convertimus,
645 3698 678 3757 ut
693 3713 748 3776 per
763 3697 849 3774 grate
866 3692 1040 3757 devocionis
1062 3692 1240 3774 applausum
1257 3711 1325 3764 nos,
1341 3711 1445 3774 regem

247 3811 349 3878 tuum,
370 3804 402 3868 in
424 3824 511 3888 quem
529 3803 633 3888 utique
648 3806 718 3867 voto
735 3820 867 3865 consono
884 3801 1077 3866 consensisse
1092 3800 1277 3871 dinosceris,
1301 3805 1445 3886 tanquam
1546 3793 1547 3798 ’

247 3915 365 4002 imperii
380 3932 588 3997 possessorem
605 3931 789 3995 agnosceres
812 3916 842 3974 et
865 3932 881 3974 a
905 3911 992 3976 nobis
1018 3910 1055 3973 de
1078 3909 1177 3974 leodis
1197 3909 1258 3972 tuis
1274 3916 1307 3973 te
1324 3918 1445 3994 peteres

128 4068 172 4108 m
182 4068 236 4110 „g
246 4025 382 4092 investiri
404 4024 439 4111 ¹).
460 4024 560 4108 Super
575 4043 634 4107 quo
651 4022 779 4106 diversis
795 4021 982 4105 temporibus
997 4021 1100 4103 plures
1116 4021 1241 4084 idoneos
1258 4020 1444 4083 mediatores

338 4154 372 4222 a)
386 4150 537 4224 fragluncia
550 4150 577 4202 Z.
591 4179 627 4188 -
640 4148 672 4217 b)
688 4148 757 4202 omni
771 4148 798 4201 Z.
815 4177 846 4186 -
861 4148 894 4214 0)
908 4149 939 4201 Α.
954 4147 1075 4202 1011010
1089 4147 1198 4201 Stcbbe.

245 4289 571 4302 ——n--———-—-···

279 4375 302 4435 ¹)
321 4379 390 4425 bieco
408 4377 484 4425 stelle
502 4375 616 4431 beweist,
636 4375 689 4421 1000
708 4374 752 4419 100
770 4373 837 4420 lirici
853 4387 882 4420 un
900 4374 1011 4420 Heinrich
1029 4387 1075 4420 von
1093 4372 1265 4422 Niederbniern
1285 4373 1443 4435 genebrieben

318 4471 370 4516 0010
383 4483 454 4524 mnas,
467 4469 510 4516 100
523 4481 586 4513 zvvar
599 4465 688 4512 undolf
697 4465 737 4511 bei
755 4466 841 4512 deseca
854 4465 921 4511 Wabl
940 4465 1006 4512 aeine
1020 4466 1117 4512 Stimme
1137 4466 1182 4526 gab
1213 4466 1307 4522 (110000.
1321 4467 1442 4513 11101000.

320 4563 350 4607 lt.
365 4562 392 4606 G.
408 4561 448 4606 SS.
465 4560 504 4614 la,
517 4559 564 4604 108
577 4557 624 4603 001
638 4557 768 4604 1000001000
782 4556 840 4616 ch.
855 4554 913 4601 llud.
928 4569 967 4600 nc.
984 4554 1052 4612 175),
1066 4556 1123 4604 aber
1140 4557 1185 4602 wie
1205 4556 1297 4603 010100
1316 4571 1361 4606 von
1379 4558 1442 4605 11010-
