3116 5124
22 1115 24 1174 l

1184 286 1260 358 105
1353 243 1356 247 ’

151 465 199 528 De
219 465 384 552 promissis
398 468 445 546 o).
471 464 601 528 Honoris
624 469 655 526 et
677 463 781 526 salutis
804 481 863 524 non
885 463 977 525 evitat
998 461 1182 543 periculum,
1207 462 1258 543 qui

75 573 242 655 promissum
264 593 322 635 non
352 571 434 635 ducit
463 592 517 653 pro
541 573 654 635 viribus
677 573 716 635 ad
740 563 894 634 'effectum
928 609 965 618 -
995 571 1051 632 Hic
1073 587 1262 652 nequaquam

75 680 240 763 promissum
261 681 368 752 violat,
392 681 441 763 qni
465 681 545 769 quod
567 682 705 762 promisit
725 681 755 743 in
777 681 884 743 melius
899 680 959 742 iam
975 683 1137 742 commutat
1150 677 1199 764 b).
1217 715 1263 726 -

75 789 192 853 lnmalis
204 789 359 870 promissis
371 789 481 854 melius
495 796 542 853 est
556 789 644 852 iidem
668 789 859 860 rescindere,
883 807 970 875 quarn
994 785 1175 870 promissum
1191 805 1263 848 sce·

75 898 163 992 teriter
177 898 348 980 adimplere.

152 1024 199 1087 Do
213 1045 291 1088 vero
307 1025 467 1090 amicicia.
492 1025 652 1088 Conmunis
670 1025 823 1088 societatis
848 1029 878 1086 et
894 1022 1029 1086 amicicie
1047 1023 1172 1086 comodo
1194 1021 1264 1084 dili-

75 1137 166 1212 genter
177 1131 333 1194 intendere
348 1152 407 1194 non
423 1134 519 1196 minus
533 1139 590 1206 est,
605 1153 692 1216 quarn
706 1134 789 1197 lucra
802 1133 921 1215 propria
933 1151 1105 1213 procurare.
1119 1171 1163 1181 -
1180 1131 1262 1195 Ordo

23 1254 27 1301 ῑ
75 1239 189 1302 racionis
212 1241 390 1322 expostulat,
413 1247 446 1305 ut
462 1243 624 1304 amicorum
640 1242 715 1305 alter
732 1242 853 1305 alterius
869 1241 1011 1323 precibus
1033 1241 1123 1304 facile
1147 1240 1261 1304 conde-

78 1349 196 1411 scendat
205 1355 250 1396 -'—
259 1349 401 1413 Naturale
411 1371 479 1412 esse
494 1351 668 1423 dinoscitur,
682 1356 715 1413 ut
727 1349 777 1412 ubi
790 1356 837 1413 est
849 1349 958 1413 fiducia
971 1349 1131 1432 specialior
1142 1348 1262 1430 specia-

78 1453 125 1518 lius
140 1455 317 1520 decurratur
329 1456 386 1543 (.).
400 1498 445 1507 —
456 1459 598 1522 Amicisie
614 1460 708 1522 virtus
725 1479 784 1521 non
800 1460 912 1541 patitur
927 1464 961 1522 ut
976 1459 1063 1521 amici
1079 1463 1180 1521 votum
1197 1457 1260 1519 suis

79 1564 219 1627 desideriis
244 1566 399 1647 spolietur.
423 1569 587 1648 —Digna
609 1566 748 1630 laudibus
777 1568 826 1630 illa
849 1568 968 1631 dilectio
991 1568 1150 1638 iudicatur,
1173 1583 1262 1647 quarn

24 1718 28 1755 .-
77 1691 122 1734 non
137 1673 290 1754 sanguinis
313 1675 369 1737 sed
392 1675 554 1764 amicorum
572 1677 795 1739 conmunicacio
811 1676 979 1776 fabricarit.
992 1674 1133 1740 —Absit
1148 1674 1262 1737 amicus

23 1807 24 1812 ¹
81 1782 207 1862 appellari
223 1783 289 1865 qui,
306 1783 385 1867 quod
401 1783 503 1857 debet,
518 1803 573 1866 pro
591 1785 685 1848 amico
703 1784 828 1866 negligit
843 1785 1065 1868 adimpleres).

150 1909 199 1972 De
215 1909 357 1974 iudiciis.
383 1911 512 1974 Causam
538 1911 603 1974 iure
632 1910 722 1973 debet
738 1911 885 1982 amittere,
913 1911 964 1993 qui
986 1909 1074 1994 velud
1103 1914 1263 1972 contumax

79 2013 171 2078 iudicio
188 2017 319 2099 negligit
335 2020 683 2100 comparere—iustus
700 2040 760 2082 non
773 2020 905 2082 creditur
920 2019 1076 2090 mediator,
1093 2020 1144 2100 qui
1161 2036 1261 2078 emer-

78 2131 170 2202 gentes
199 2145 311 2188 causas
339 2126 480 2189 deeidere
509 2147 642 2208 congrue
671 2149 731 2191 non
758 2133 908 2210 procurat.
941 2163 978 2175 -
1008 2127 1089 2190 duris
1114 2125 1187 2188 ordo
1203 2124 1263 2187 hoc

22 2242 27 2250 ·
77 2229 148 2294 iubet
160 2232 200 2315 d]
216 2233 295 2305 lieri,
312 2239 346 2297 ut
362 2255 482 2316 semper
496 2241 582 2298 actor
597 2237 742 2300 adhereat
757 2237 822 2299 foro
839 2237 892 2300 rei.

154 2361 202 2424 Do
222 2361 368 2426 subditis.
394 2363 518 2425 lllenbra
542 2363 578 2425 de
600 2364 696 2425 salute
720 2364 892 2445 desperant,
915 2363 967 2425 ubi
995 2361 1094 2444 capud
1109 2362 1263 2441 languore

24 2448 29 2467 ⁹
74 2466 184 2531 viderint
198 2469 333 2550 fatigari.
352 2507 391 2518 —
411 2471 494 2543 Ovis,
511 2491 569 2554 que
592 2476 744 2553 pastorem
768 2472 961 2553 subterfugit,
983 2471 1100 2554 lupinus
1122 2471 1262 2532 incursus

23 2653 24 2656 Ἴ
73 2573 102 2635 de
116 2577 192 2639 facili
208 2598 271 2640 non
288 2579 396 2641 evadit.
410 2579 564 2643 -Arbor
578 2581 642 2643 iure
660 2581 793 2643 ereditur
804 2580 1003 2654 succidenda„
1017 2580 1054 2643 de
1071 2599 1129 2662 qua
1145 2579 1263 2642 fructus

73 2685 223 2766 condignos
241 2707 304 2749 non
319 2687 427 2771 recipit
443 2681 607 2770 diligencia
623 2690 803 2772 plantatoris
817 2693 860 2771 e).

156 2813 206 2877 Do
219 2815 374 2878 consiliis.
393 2813 451 2894 Qui
463 2819 545 2877 recte
558 2815 620 2878 vult
636 2815 804 2887 consulere,
819 2815 910 2878 debet
920 2796 995 2878 iiam
1019 2815 1163 2883 etodium
1186 2813 1266 2881 omni

76 2924 198 3002 tempore
212 2921 357 2984 devitare.
371 2925 585 2987 —Consilium
601 2930 687 2988 actus
703 2925 900 3005 preambulet,
919 2930 949 2987 et
964 2928 1034 3006 post
1048 2921 1161 2985 factum
1176 2921 1264 3004 peni·

78 3029 168 3092 leucia
190 3051 252 3092 non
275 3031 477 3115 suceedetfj.
505 3069 543 3080 -
564 3031 597 3096 Si
621 3033 776 3097 consilium
805 3033 972 3114 navigantis
995 3031 1167 3114 negligitur,
1194 3051 1263 3094 mox

22 3213 24 3234 Ι
76 3139 178 3216 navalis'
202 3139 343 3202 machina
371 3140 459 3203 facile
485 3139 689 3222 naufragatur.
710 3178 760 3217 ,-
780 3141 918 3206 Sttdticie
934 3146 1035 3204 notam
1062 3162 1122 3204 non
1148 3137 1264 3222 effugit,

22 3235 24 3244 ¹
76 3247 115 3326 qui
129 3247 214 3310 iustis
232 3249 396 3311 amicorum
413 3249 544 3311 consiliis
561 3250 756 3332 acquiescere
767 3253 805 3332 p)
822 3271 881 3312 non
898 3249 1113 3332 consueriti).

158 3376 208 3440 De
222 3375 605 3458 misericordiodspidum
618 3383 753 3440 naturam
769 3379 913 3461 sequitur,
927 3375 1108 3460 qui'attlictis
1125 3375 1265 3437 claudere

22 3469 24 3552 Q
74 3482 181 3560 pietatis
196 3485 316 3548 uiscera
332 3486 542 3566 conprobatur.
561 3526 605 3536 -
623 3487 798 3570 Quitquitc)
818 3507 835 3549 a
859 3487 1005 3569 principio
1030 3485 1140 3548 malum
1156 3483 1261 3546 conci-

76 3589 121 3670 pit,
135 3590 246 3656 bonum
263 3593 373 3655 exitum
391 3593 427 3654 de
443 3593 599 3658 sacilinon
615 3595 748 3666 babebit,
765 3614 824 3656 non
840 3593 918 3656 enim
934 3614 989 3676 per
1002 3593 1181 3678 principium
1196 3592 1262 3655 laus

77 3701 241 3781 aequiritur,
259 3701 313 3764 sed
328 3721 384 3782 per
399 3701 487 3764 linem
503 3703 627 3766 inicium
643 3704 868 3766 conmendatur.

161 3954 195 4020 o)
218 3955 258 4006 De
271 3955 412 4024 promissis
426 3971 465 4007 am
478 3955 571 4009 Raude
584 3957 613 4010 V.
633 3989 663 3998 -
682 3957 714 4026 b)
728 3957 776 4010 llic
789 3973 956 4028 nequaquam
975 3957 1016 4008 bis
1039 3955 1184 4009 commutat
1206 3969 1255 4008 ron

79 4039 184 4095 andersr
200 4043 276 4095 Hand
292 4059 332 4095 am
351 4045 442 4098 Rande
460 4045 494 4108 V;
518 4047 536 4098 Z
550 4046 585 4098 im
609 4047 685 4100 Text.
705 4077 741 4085 -
754 4047 785 4114 c)
806 4048 834 4100 Z.
852 4048 887 4100 im
900 4047 968 4100 'l'ext
984 4047 1040 4099 und
1053 4045 1074 4098 V
1097 4059 1138 4096 am
1151 4043 1258 4098 Raude:

82 4127 202 4185 ididem.
229 4133 403 4188 Excusandus
421 4135 523 4189 amicus
543 4141 687 4191 excusatur
705 4137 822 4191 indebite
850 4137 896 4207 qui
914 4137 986 4206 quod
1008 4134 1096 4205 (sicut
1115 4133 1160 4206 V.)
1179 4134 1262 4188 voluit

82 4235 127 4272 nou
139 4223 226 4290 potnit
244 4223 399 4294 adimplere.
418 4255 446 4265 -
463 4227 499 4296 d)
517 4227 591 4280 iubet
610 4228 677 4281 isblt
695 4231 722 4281 Z.
741 4238 769 4267 —'-
785 4227 817 4296 e)
830 4230 848 4282 Z
861 4229 896 4281 im
909 4229 979 4281 Text
991 4226 1047 4279 und
1059 4227 1081 4281 V
1095 4241 1137 4280 am
1153 4224 1261 4280 Raude:

84 4309 147 4364 Satis
159 4317 202 4369 est
213 4315 347 4368 landabile
361 4321 388 4368 ct
401 4319 535 4380 naturale,
555 4323 585 4371 ut
603 4319 749 4372 fomentum
769 4319 933 4390 (nomentum
945 4315 993 4390 V.)
1011 4333 1099 4371 ramus
1117 4316 1233 4386 accipiat
1246 4333 1261 4368 a
1280 4353 1281 4358 ,

82 4402 171 4458 tabee.
188 4435 216 4446 -
231 4406 263 4477 f)
278 4408 399 4462 succedit
418 4409 445 4461 Z.
462 4437 490 4448 -
506 4409 541 4481 p)
561 4411 735 4481 acquiescere
755 4429 796 4467 am
808 4411 900 4466 Raude
915 4409 943 4465 V.
958 4439 991 4451 -
1005 4407 1039 4479 b)
1053 4408 1205 4480 acquiescit
1216 4409 1259 4462 rel

22 4499 23 4506 ’
86 4493 207 4551 consentit
218 4499 320 4567 Z.—i)
336 4501 374 4552 De
388 4503 454 4556 mala
467 4501 662 4556 consuetudine
674 4502 701 4554 Z.
