3100 5116
301 365 377 435 840

294 543 467 622 presentes,
484 537 563 622 quod
577 557 643 610 nos,
656 541 783 619 accepta
799 540 830 600 et
844 536 964 620 placida
981 542 1067 618 grate
1080 537 1253 601 devocionis
1265 538 1424 621 obsequia,
1442 554 1494 620 que

293 669 355 732 per
367 650 404 712 N.
419 647 621 710 venerabilem
634 648 809 730 episcopum
822 645 913 709 talem
926 645 1013 709 nobis
1026 646 1173 710 hactenus
1185 654 1255 711 sunt
1266 647 1452 731 aJinpensa,
1466 652 1493 709 et

292 779 350 841 que
360 756 554 820 adbucnobis
568 761 598 818 et
611 760 804 820 sacrosancto
812 757 943 819 Romano
956 755 1082 838 imperio
1095 756 1133 819 ab
1146 756 1253 819 codem
1264 757 1400 840 impendi
1410 760 1493 839 pote-

292 870 364 929 runt
373 864 521 948 graciora,
535 865 695 946 benignius
709 864 869 936 intuentes,
884 869 913 927 ct
925 870 1050 947 propter
1061 865 1119 928 hoc
1131 885 1314 948 magnopere
1328 867 1491 948 cupientes,

292 981 325 1039 ut
341 977 408 1057 ipse
425 994 461 1037 ac
478 976 542 1038 eius
556 975 748 1057 episcopatus
765 975 872 1038 votivis
896 974 1106 1056 congaudeant
1127 975 1261 1038 comodis
1279 980 1310 1038 et
1325 976 1492 1056 augmentis

294 1085 447 1147 continuis
460 1088 692 1167 prosperentur:
710 1083 790 1167 quod
806 1083 887 1146 idem
903 1084 1065 1166 episcopus
1082 1083 1113 1146 in
1129 1083 1249 1147 civitate
1266 1104 1322 1148 sua
1338 1085 1375 1147 N.
1394 1103 1493 1146 mooe-

293 1199 355 1256 tam
377 1194 484 1275 legalis
507 1194 695 1256 numismatis
717 1193 787 1256 cudi
809 1192 903 1256 libere
925 1194 1033 1264 saciat,
1063 1193 1122 1258 sibi
1145 1214 1181 1257 ex
1202 1193 1385 1258 liberalitate
1412 1194 1493 1276 regia

296 1302 465 1366 liberaliter
488 1308 517 1366 et
539 1302 668 1365 libenter
689 1303 847 1365 annuimus
870 1307 899 1364 et
923 1301 1114 1384 presencium
1138 1303 1216 1365 serie
1232 1302 1372 1366 duximus
1390 1321 1494 1366 conee-

298 1411 442 1482 dendum,
456 1413 605 1475 universis
618 1416 648 1473 et
661 1411 799 1492 singulis,
817 1410 873 1473 sub
891 1411 1029 1475 districtu
1042 1411 1166 1475 Romani
1177 1411 1296 1492 imperii
1313 1414 1492 1485 constitutis,
1543 1445 1544 1450 ¹

296 1521 404 1585 dautes
431 1522 489 1584 boc
512 1520 611 1584 edicto
633 1520 729 1604 regali
752 1521 886 1584 strictius
909 1520 939 1583 in
963 1521 1127 1592 mandatis,
1156 1527 1189 1584 ut
1215 1522 1314 1604 ipsam
1337 1530 1492 1596 monetam,
1543 1561 1545 1580 .

297 1633 447 1714 quatenus
470 1629 577 1710 legalis
594 1633 719 1700 existat,
749 1629 829 1692 omni
852 1629 1089 1694 contradictione
1110 1633 1296 1714 postposita,
1324 1637 1494 1696 reverenter
1543 1581 1545 1714 l

298 1740 457 1806 admittere
473 1738 717 1808 nonobmittaut.
800 1721 802 1726 ¹

872 1913 935 1982 41.

338 2057 401 2120 box
417 2013 688 2156 ΙῑοιιιοιιιιιίάιῐΙ
700 2054 891 2137 privilegium
914 2073 1007 2137 super
1022 2055 1216 2120 concessione
1232 2073 1308 2120 seve
1323 2059 1452 2120 nnete.

846 2175 926 2231 1282.
937 2177 951 2230 2

300 2286 389 2359 Konip
402 2285 508 2357 liudolf
517 2287 627 2342 ereucbt
640 2287 699 2341 eine
713 2287 791 2342 stadt
803 2285 849 2340 die
861 2288 956 2340 Mrtnse
968 2285 1041 2342 eines
1053 2289 1236 2350 Edelmoones,
1263 2285 1311 2342 die
1324 2287 1418 2342 dieser
1428 2286 1495 2358 trefe

301 2378 376 2433 cioca
401 2379 574 2449 koniglicbeo
591 2379 778 2446 Pricileqiumc
797 2375 911 2450 ccbldpt,
931 2378 967 2433 s'm
992 2375 1108 2434 Verdelvr
1125 2377 1199 2434 ibree
1215 2378 1320 2434 Gebietc
1338 2380 1493 2434 succrescas
1543 2425 1545 2438 2

394 2506 516 2568 Gerbert,
529 2505 556 2570 3,
568 2503 613 2559 29.

398 2635 534 2716 Auguste
566 2631 794 2714 magnificencie
823 2635 996 2714 potentatus
1024 2633 1155 2715 augendi
1171 2634 1211 2721 b)
1233 2634 1359 2698 honoris
1386 2635 1497 2718 imperii

307 2743 497 2815 sitibundus,
526 2742 642 2807 illorum
671 2742 840 2825 augmentis
869 2747 899 2805 et
927 2742 1062 2805 comodis
1090 2765 1123 2806 se
1151 2743 1282 2806 libenter
1308 2743 1450 2808 habilitat
1475 2749 1500 2806 et

303 2845 437 2924 inclinat,
456 2854 506 2937 qui
524 2852 727 2934 generositate
745 2852 927 2934 spectabiles
945 2872 1018 2934 erga
1036 2872 1154 2915 sacrum
1171 2853 1329 2936 imperium
1341 2851 1414 2916 fidei
1430 2854 1498 2916 ruti-

305 2965 369 3027 lant
396 2963 508 3025 lumine
536 2961 682 3024 clarioris.
728 2960 808 3024 Sane
837 2979 905 3024 eum
933 2961 1042 3024 nobilis
1064 2962 1101 3024 N.
1127 2963 1189 3024 suis
1212 2963 1360 3044 preclaris
1390 2963 1498 3027 meritis

306 3072 469 3136 obtinuerit
485 3071 565 3154 apud
582 3071 697 3152 regiam
721 3070 920 3153 majestatem,
944 3069 1025 3155 quod
1048 3069 1106 3132 sibi
1122 3076 1267 3155 perpetuo
1285 3074 1399 3137 cudere
1415 3074 1498 3136 liceat
1543 3145 1545 3160 ἢ

305 3181 384 3245 infra
411 3187 491 3244 terre
520 3201 573 3244 sue
602 3180 772 3243 districtum
799 3184 948 3243 monetam
970 3180 1076 3262 legalis
1099 3183 1304 3246 numismatis:
1337 3182 1374 3246 de
1403 3187 1498 3246 nostra
1543 3167 1545 3200 ⁵

308 3292 438 3356 licencia
455 3296 485 3354 et
501 3291 613 3373 regalis
629 3289 814 3372 plenitudine
830 3292 989 3373 potestatis
1006 3291 1193 3355 universitati
1211 3295 1310 3355 vestre
1327 3295 1500 3358 auctoritate

306 3401 393 3484 regia
425 3398 638 3464 committimus
662 3399 700 3481 e)
729 3404 759 3463 et
786 3419 950 3481 rogamus,
990 3399 1167 3470 mandantes
1199 3401 1316 3474 eciam,
1359 3407 1499 3487 quatenus

307 3517 439 3577 nostram
457 3510 498 3594 d]
514 3513 675 3582 monetam,
691 3510 781 3592 legali
797 3509 994 3592 impressione
1010 3510 1177 3582 formatam,
1201 3531 1288 3595 quam
1306 3513 1379 3576 cudi
1401 3512 1500 3577 feccrit

308 3621 389 3685 idem
406 3620 525 3691 nobilis,
542 3624 575 3684 ut
592 3617 730 3702 superius
748 3623 795 3681 est
811 3638 996 3701 expressum,
1014 3619 1044 3682 in
1060 3619 1135 3688 locis
1151 3623 1261 3684 vestris
1286 3625 1316 3684 et
1332 3621 1499 3688 civitatibus

309 3736 486 3796 reverenter
502 3729 659 3792 admittere
677 3729 835 3800 studeatis,
853 3728 968 3791 alterna
985 3729 1165 3792 commercia
1181 3731 1405 3812 permittentes,
1423 3735 1451 3794 et
1465 3729 1498 3818 e)
1543 3729 1545 3778 *1

311 3861 357 3914 ea,
376 3843 482 3928 quovis
499 3840 713 3903 nonobstante
730 3839 954 3922 impedimento,
971 3839 1096 3903 liberius
1113 3840 1258 3903 exerceri.

402 4003 435 4072 a)
449 4005 511 4058 suut
524 4002 593 4056 fehlt
604 4002 674 4055 2.-
684 4002 715 4071 l)
727 4001 822 4074 agendi
834 4003 864 4057 V.
873 4031 906 4040 -
915 4003 946 4072 c)
957 4004 1150 4058 committamus
1163 4004 1192 4058 V.
1201 4003 1277 4074 -d)
1287 4003 1376 4076 ipsam
1386 4005 1500 4061 Gerbert.

310 4093 481 4165 —oub

405 4258 528 4320 Gerbert,
547 4260 568 4312 l.
580 4276 603 4312 c.
617 4257 706 4312 macbt
725 4257 820 4312 darauf
837 4257 1022 4322 aufmerlrsam,
1042 4258 1104 4312 dass
1123 4259 1226 4314 Rudolf
1241 4277 1281 4314 arn
1295 4257 1340 4315 te.
1355 4259 1417 4316 luni
1432 4259 1497 4315 1282

314 4349 374 4405 dem
393 4350 492 4406 Grasen
511 4350 621 4405 Rainald
639 4367 665 4404 v.
684 4348 803 4404 Gelderu
824 4353 955 4420 gestatlet
973 4351 1050 4416 babo,
1068 4351 1095 4404 in
1113 4351 1318 4422 Herzogenrodc
1338 4353 1399 4408 eine
1417 4355 1502 4408 lidum

315 4442 495 4496 einsuricbten
516 4442 568 4496 und
593 4442 728 4497 dieselben
743 4444 857 4497 ldiinzen
879 4461 912 4497 zu
936 4443 1076 4515 soblsgeo,
1091 4443 1141 4497 vie
1159 4444 1184 4498 in
1197 4443 1323 4516 Limburg
1337 4442 1420 4516 (fleg.
1433 4443 1500 4505 llud,

315 4549 358 4589 no.
378 4531 432 4586 888
444 4535 498 4587 und
518 4532 598 4605 687),
616 4534 669 4588 und
686 4535 844 4594 vermulbel,
865 4533 926 4588 dass
954 4551 1035 4588 unser
1054 4531 1127 4588 Briei
1143 4533 1294 4605 gleichsalls
1324 4535 1352 4590 iu
1375 4535 1423 4590 des
1440 4535 1497 4590 Jsbr

318 4622 389 4676 1282
409 4623 514 4693 gebbrt.
