3108 5118
1169 345 1244 419 273

37 507 230 585 vendicare,
259 516 284 578 si
307 511 385 598 apud
407 537 459 579 ros
483 513 686 580 exaudicionis
712 521 834 600 paterne
858 521 992 601 ¹graciam
1017 541 1245 604 consequamur,

41 623 130 685 Sane
148 643 221 688 cum
239 625 421 686 honorabilis
439 626 485 688 vir
500 627 536 689 N.
555 657 598 674 ⁴-
614 627 644 688 in
662 646 731 708 quo,
748 634 838 709 prout
855 634 976 709 experte
999 628 1199 708 comperimus
1217 633 1247 690 et

40 732 268 811 cognovimus,
297 733 408 796 clarior
434 733 505 798 fidei
532 735 734 817 puritatisque
764 735 892 797 scintilla
919 735 1107 816 resplenduit
1135 736 1247 798 -sic

38 838 162 920 pericie
181 841 320 903 litteralis
337 843 510 922 prestancia
528 843 650 924 polleat,
668 843 713 903 sie
729 843 858 905 honeste
882 843 942 904 rite
959 862 1134 925 morumque
1151 844 1248 908 nitore

40 947 241 1027 prefulgeat,
276 950 357 1033 quod
385 950 493 1013 nullius
523 949 756 1013 obumbracione
791 952 929 1031 caliginis
965 951 1028 1013 visa
1057 951 1097 1013 sit
1128 947 1250 1013 suorum

43 1054 251 1118 laudabilium
281 1076 404 1138 operum
422 1057 543 1120 claritas
561 1057 704 1119 nubilari:
740 1077 794 1138 pro
812 1078 847 1120 eo
864 1063 966 1120 vestre
984 1058 1146 1130 sanctitati,
1163 1063 1252 1140 prout

43 1161 122 1226 licet
136 1171 170 1227 et
181 1185 359 1247 possumus,
382 1165 561 1249 suppliciter
582 1167 771 1237 inclinamus,
795 1172 934 1249 petentes
957 1172 1104 1249 quatenus
1122 1187 1157 1229 ex
1173 1186 1248 1228 con·

43 1279 137 1335 suete
152 1271 354 1353 benignitatis
369 1274 535 1336 clemencia
544 1275 583 1360 a)
592 1274 763 1338 rutilantem
776 1273 851 1338 tanti
865 1274 920 1337 viri
934 1275 1088 1337 lucernam
1101 1275 1139 1336 de
1152 1274 1251 1338 medio

45 1379 193 1462 caliginis
219 1400 309 1461 super
333 1381 547 1444 candelabrum
568 1382 737 1463 graciosius
760 1383 949 1454 attollentes,
976 1384 1160 1444 monasterio
1189 1382 1251 1451 tali,

45 1489 128 1573 quod
155 1488 314 1551 viduitatis
338 1490 404 1551 exui
429 1489 556 1552 clamide
579 1490 728 1562 clamitat,
758 1490 795 1554 de
818 1491 912 1575 ipsius
935 1511 1065 1572 persona
1089 1489 1253 1571 dignemini

44 1597 225 1677 providere.
244 1598 338 1658 Beata
356 1598 435 1659 enim
451 1597 620 1659 huiusmodi
636 1597 777 1667 ecclesia,
795 1603 827 1659 ut
842 1596 1045 1660 verisimiliter
1061 1596 1252 1667 arbitramur,

51 1725 83 1767 se
100 1705 221 1787 poterit
237 1709 388 1788 reputare,
406 1706 431 1766 si
448 1705 593 1766 meruerit
609 1723 721 1787 sponso
739 1711 799 1767 tam
818 1705 941 1786 egregio
960 1703 1103 1786 copulari.

630 1911 691 1980 61.

467 2052 663 2114 Romanorum
679 2067 733 2114 rex
749 2051 849 2135 ludlel.

53 2172 138 2244 Konip
150 2171 261 2242 liudolf
272 2170 378 2241 fordcrt
397 2172 474 2226 einen
488 2171 596 2227 Richter
617 2173 676 2244 auf,
699 2171 790 2226 arinen
807 2171 939 2226 Getreuen
952 2173 989 2226 N.
1008 2173 1064 2226 rond
1080 2173 1114 2226 Ν.
1133 2171 1162 2226 in
1180 2168 1255 2226 ibren

55 2260 421 2334 Erboedoftoanqelcyendeit
442 2265 523 2316 vollen
547 2260 630 2316 lterdt
652 2261 817 2334 cupedeiden
839 2280 871 2316 zu
893 2260 1257 2328 lacaedemoniorum

156 2370 320 2425 qezrounpen
333 2354 448 2413 wadan,
463 2371 498 2406 an
511 2354 564 2407 den
577 2351 746 2423 ddnr'plicden
759 2350 940 2406 Richterstudl
953 2370 983 2404 aa
996 2350 1161 2405 recurra'ren.

147 2462 296 2519 Bodmenn,
310 2477 336 2528 p.
352 2458 404 2514 178
417 2460 470 2512 uad
483 2459 631 2512 Firuhaber
644 2462 742 2514 Fontes
757 2476 809 2514 rer.
824 2460 915 2513 Austr.
929 2459 955 2519 6,
970 2477 996 2530 p.
1011 2459 1054 2514 57.

149 2569 313 2650 Querelam
330 2586 453 2649 gravem
469 2553 605 2630 fidelium'
617 2574 789 2630 nostrorum
804 2568 842 2631 N.
861 2573 891 2629 et
907 2568 943 2630 N.
962 2588 1057 2649 nuper
1072 2568 1255 2649 accepimus,

57 2676 366 2760 continentem,quod
376 2675 645 2758 superhereditate
654 2695 756 2738 eorum
769 2681 905 2756 paterna,
919 2674 1014 2758 inqua
1028 2676 1066 2761 b)
1079 2676 1256 2756 ipsorumde

52 2789 120 2850 iure
143 2786 272 2848 funiculi
295 2784 484 2855 ceciderunt,
501 2804 560 2846 non
583 2784 677 2846 levem
696 2784 813 2863 irrogas
837 2783 880 2846 eis
903 2782 1058 2854 iniuriam,
1088 2791 1118 2846 et
1141 2783 1256 2845 eisdem

54 2895 193 2958 indebite
210 2896 344 2976 denegas
363 2893 515 2964 exhibere,
533 2892 613 2974 quod
630 2891 765 2954 debitum
782 2891 826 2956 eis
843 2891 1026 2954 hereditarie
1052 2892 1255 2954 successionis

55 2985 195 3064 noscitur
211 3001 397 3082 inpendisse.
432 2999 581 3081 Quocirca
597 2999 653 3062 tibi
669 2998 790 3081 precise
806 2999 993 3069 mandamus,
1017 3003 1163 3081 quatenus
1180 2998 1255 3081 ipsis

55 3131 151 3192 super
166 3109 324 3190 premissis
347 3114 409 3172 tam
431 3113 568 3191 prompte
590 3107 710 3170 iusticie
733 3107 949 3188 plenitudinem
967 3107 1090 3170 studeas
1107 3108 1255 3188 inpertiri,

55 3218 139 3301 quod
168 3238 229 3280 non
257 3223 404 3300 cogantur
432 3217 577 3297 deinceps
606 3235 697 3297 super
725 3216 849 3280 defectu
877 3215 1047 3280 huiusmodi
1077 3217 1115 3280 ad
1138 3216 1256 3298 regium

56 3327 188 3391 tribunal
205 3325 321 3388 habere
338 3343 505 3395 recursum,
523 3330 553 3387 ct
570 3345 624 3386 nos
647 3324 774 3408 proinde
796 3325 863 3394 tibi,
887 3325 913 3386 si
935 3329 1019 3388 recta
1036 3324 1085 3388 ria
1102 3325 1132 3386 in
1149 3326 1256 3387 eodem

55 3437 139 3498 sacto
162 3433 364 3516 processeris,
382 3453 440 3494 non
458 3433 611 3495 declinans
629 3433 667 3494 ad
685 3434 838 3495 dexteram
861 3434 908 3496 vel
926 3433 1087 3502 sinistram,
1105 3433 1255 3513 condigne

56 3540 250 3625 gratitudinis
267 3541 365 3604 vicem
383 3541 420 3603 de
435 3539 617 3605 liberalitate
633 3540 717 3622 regia
736 3542 946 3622 rependemus.

636 3765 699 3834 62.

390 3905 452 3968 lter
467 3905 664 3969 Romanorum
680 3906 711 3969 ll.
731 3906 926 3970 nntrersltell.

62 4030 147 4101 Kdniq
160 4028 268 4098 liudolf
286 4025 418 4099 empfiedlt
439 4027 516 4082 einen
536 4028 667 4099 qewr'acen
685 4027 831 4091 Jodunnea,
858 4030 909 4082 den
932 4047 961 4082 er
984 4047 1015 4081 zu
1037 4028 1137 4084 aeinem
1152 4027 1256 4097 Kopion

339 4117 461 4188 pemacdt
473 4117 528 4181 bat,
541 4120 600 4172 dem
619 4117 788 4172 Wodlccollen
804 4119 879 4172 einer
893 4120 979 4172 Stcdt.

148 4247 249 4328 Digne
284 4245 350 4307 illos
384 4246 577 4326 prerogativa
618 4246 729 4307 favoris
753 4244 978 4324 amplectimur,
1004 4243 1053 4328 qai
1074 4263 1128 4328 per
1150 4245 1257 4308 merita

62 4356 202 4420 virtuosis
213 4353 356 4436 operibus
371 4374 403 4414 se
418 4354 504 4416 nobis
519 4353 653 4435 placidos
663 4352 861 4415 exhibuerunt
874 4352 1254 4433 ethominibusgraciosos.

152 4519 185 4588 a)
200 4516 346 4572 clemencie
362 4517 389 4568 V.
405 4547 436 4556 -
453 4516 484 4584 d)
501 4534 553 4585 quo
566 4518 595 4571 V.

120 4621 214 4665 Fontes.
229 4619 299 4663 soon.
312 4620 338 4661 n.
352 4618 391 4661 na.
403 4619 471 4661 uxr.
1007 4605 1041 4658 18
