3116 5124
1164 301 1237 375 155

73 475 283 560 malignancium
305 475 527 559 disperguntur,
543 473 673 539 fidelium
696 473 832 558 obrpora,
855 474 975 558 spiritus
993 453 1089 540 sancti
1110 474 1233 558 templa,

79 585 220 650 subiacent
246 584 464 649 discriminibus
492 601 568 648 vaae
595 583 699 648 mortis
727 589 758 647 et
779 583 942 648 animarum
968 582 1080 649 instant
1106 585 1240 668 pericula

29 727 30 730 ¹
74 694 173 760 inlinita
199 698 228 757 et
248 694 371 778 insuper
397 695 496 758 clares
519 692 649 757 ecclesie
677 695 926 775 contempnuntur
941 698 972 756 et
998 713 1106 758 nomeu
1120 693 1241 758 Domini

77 803 128 866 iam
155 823 211 866 non
241 807 355 868 tantum
384 802 463 865 inter
493 806 599 884 gentes
631 820 720 885 quam
749 801 781 865 in
811 799 881 874 biis,
913 802 962 886 qui
994 822 1028 865 se
1055 801 1241 866 Christianos

74 912 137 975 licet
163 911 253 975 salsos
285 916 439 984 asserunt,
470 909 701 992 blasphematur.
729 949 773 960 -
801 907 873 992 Quis
906 898 979 994 ergo
1007 907 1241 975 Christianitatis

76 1020 195 1102 gaudens
207 1019 300 1102 tytulo
314 1025 343 1084 et
354 1020 477 1084 racione
489 1024 575 1083 utens
588 1013 762 1094 inllornino,
775 1017 833 1082 bec
848 1019 880 1082 in
895 1018 987 1082 corde
1001 1039 1054 1082 suo
1071 1019 1242 1091 conferens,

74 1147 175 1191 amaros
203 1147 264 1191 uon
295 1127 470 1209 multiplicet
501 1127 629 1209 gemitus
663 1133 693 1191 et
724 1125 782 1212 alta
812 1147 873 1192 non
903 1126 1025 1191 trahens
1056 1125 1184 1209 suspiria
1199 1125 1237 1189 ab

75 1235 170 1300 intimis
190 1235 357 1299 visceribus
380 1237 501 1318 pietatis
524 1257 557 1299 se
580 1242 684 1301 contra
699 1237 832 1318 prefatos
849 1237 927 1300 viros
949 1235 1111 1318 pestiferos
1128 1233 1240 1317 insigni

67 1325 159 1408 'erucis
174 1342 332 1408 karactere
343 1365 404 1407 non
416 1345 570 1425 accingat!
588 1344 674 1408 Ores
687 1343 840 1416 mirabilis,
852 1344 911 1408 imo
925 1344 1038 1407 cecitas
1051 1343 1244 1407 detestanda!

76 1454 217 1535 beurgunt
232 1453 375 1516 scismata
392 1451 566 1516 scindeneia
581 1451 713 1516 tunicam
727 1452 856 1524 Domini,
870 1452 1109 1516 ecclesiasticam
1125 1451 1243 1516 scilicet

29 1535 31 1558 ι
80 1561 203 1625 unitatem
218 1565 319 1623 —et
345 1565 450 1624 contra
476 1561 551 1624 tales
581 1560 768 1626 scismaticos
796 1559 946 1624 tacebitur
971 1559 1095 1624 verbum
1122 1561 1244 1624 crucis?

82 1669 152 1732 lbsit
169 1669 227 1733 hoc
250 1689 268 1732 a
292 1671 390 1732 crucis
416 1669 643 1751 possessoribus
666 1675 696 1733 et
713 1668 893 1734 amatoribus
922 1668 1063 1733 crucifixi.
1096 1667 1246 1752 Quocirca

81 1777 279 1842 discrecionem
305 1783 385 1842 tuam
412 1779 591 1843 monendam
619 1777 753 1842 duximus
782 1783 812 1842 et
838 1776 1032 1850 hortandam,
1065 1778 1240 1841 mandantes

82 1889 159 1967 etper
177 1885 359 1950 immaculati
380 1886 451 1968 agni
471 1886 528 1949 Dei
544 1886 595 1973 a),
619 1886 668 1969 qui
690 1886 765 1950 tollit
785 1890 911 1968 peccata
934 1885 1052 1959 mundi‚'
1069 1885 1245 1968 sanguinem

88 1993 255 2058 imocentem
289 2000 319 2058 et
355 1999 481 2058 mortem
516 1996 686 2076 preciosam
723 1994 858 2059 obnixius
896 1996 1110 2077 deprecantes,
1148 2013 1184 2058 ao
1214 1994 1246 2057 in

84 2103 274 2168 remissionem
290 2104 496 2184 peccaminum
512 2103 713 2185 iniungentes,
730 2110 948 2188 quatenusper
969 2108 999 2167 te
1022 2108 1053 2167 et
1073 2103 1146 2168 alios
1163 2101 1245 2167 viros

78 2209 190 2290 ydoneos
222 2216 329 2274 contra
358 2212 493 2294 prefatos
515 2207 732 2277 ‘ecclesiastice
759 2212 897 2284 unitatis,
929 2216 962 2275 ut
993 2208 1082 2294 supra
1107 2211 1245 2282 diximus,

78 2316 194 2383 inimicos
228 2319 395 2383 instancius
422 2321 600 2403 predicans,
630 2320 742 2386 elerum
770 2327 800 2384 et
825 2321 964 2402 populum
985 2321 1070 2402 regni
1091 2319 1244 2384 Alemanie

79 2427 176 2490 crebris
199 2428 464 2492 exhortacionibus
488 2435 518 2492 et
538 2429 658 2493 monitis
681 2427 859 2493 salutaribus
883 2433 913 2492 et
943 2429 1073 2493 assiduis
1103 2428 1244 2512 predicar

81 2534 198 2600 sionibus
215 2537 255 2601 ad
272 2537 330 2601 hoc
346 2537 489 2601 inducere
518 2541 650 2620 satagas,
670 2543 710 2601 ut
737 2542 889 2620 assumpto
918 2538 1017 2600 crucis
1045 2537 1198 2620 signaculo
1215 2535 1246 2598 in

78 2645 160 2709 animo
176 2652 205 2709 et
232 2649 267 2709 in
289 2650 373 2710 veste
390 2653 425 2729 b)
442 2651 546 2710 contra
572 2647 740 2729 predictum
764 2646 818 2710 ch.
842 2651 873 2710 et
893 2646 1026 2710 fautores
1053 2666 1124 2710 suos
1147 2645 1248 2728 sepius

78 2762 238 2820 memoratos
257 2776 292 2819 se
308 2755 469 2838 accingant
483 2760 621 2838 patenter
635 2755 749 2839 pariter
771 2759 802 2819 et
821 2759 971 2838 potenter,
994 2776 1054 2819 non
1076 2755 1247 2818 deferentes

76 2862 168 2926 tabbus
199 2871 229 2930 et
262 2866 293 2928 in
324 2864 432 2930 talibus
464 2869 569 2929 contra
598 2867 704 2929 Deum.
751 2847 819 2930 Nos
846 2871 946 2930 autem
977 2867 1154 2930 auctoritate
1187 2884 1247 2948 qua

76 2971 209 3054 fungimur
237 2980 270 3038 et
298 2974 336 3037 de
364 2974 488 3056 speciali
513 2974 652 3039 mandato
681 2975 773 3039 diuini
789 2975 828 3062 e)
843 2974 1003 3058 pontificis,
1038 2975 1123 3038 cuius
1149 2956 1247 3037 ricem

82 3081 155 3161 plene
171 3083 315 3164 gerimus,
332 3081 468 3147 omnibus
485 3103 606 3146 crucem
621 3082 749 3147 fideliter
764 3082 988 3167 predicantibus
1006 3081 1248 3155 adsumentibus,

82 3206 160 3272 seque
174 3191 374 3273 personaliter
390 3191 607 3274 opponentibus
631 3192 768 3275 predicto
782 3191 835 3255 Cb.
850 3196 881 3255 et
898 3191 1043 3274 predictis
1057 3190 1248 3262 scismaticis,

80 3295 126 3358 illis
141 3300 244 3371 eciam,
262 3300 313 3384 qui
328 3300 409 3364 iuxta
424 3301 597 3365 facultatem
612 3301 763 3383 propriam
785 3305 816 3364 et
837 3289 1028 3384 qualitatem,
1042 3299 1092 3384 qui
1116 3299 1172 3364 etsi
1188 3319 1249 3362 non

80 3408 273 3488 corporaliter,
296 3409 448 3472 tamenin
471 3408 608 3493 expensis
630 3408 759 3492 propriis
781 3407 942 3472 bellatores
963 3408 1095 3492 ydoneos
1113 3407 1249 3472 duxerint

81 3513 273 3589 destinandos,
300 3523 330 3582 et
358 3519 454 3582 eciam
470 3519 544 3592 illis,
564 3518 624 3603 ,qui
649 3518 679 3581 in
700 3518 837 3601 personis
861 3517 990 3600 propriis
1012 3517 1086 3582 licet
1099 3518 1130 3582 in
1146 3517 1250 3580 alienis
1334 3571 1336 3576 .

79 3626 217 3706 expensis,
250 3631 401 3709 assumpto
433 3627 531 3691 crucis
563 3627 737 3709 signaculo,
767 3626 965 3709 personaliter
987 3625 1133 3690 subierint
1163 3625 1244 3689 buno

78 3730 206 3808 laborem,
221 3736 303 3799 iuxta
318 3737 489 3820 qualitatem
505 3737 630 3819 presidii
644 3743 675 3800 et
687 3735 854 3800 dilectionis
868 3734 1018 3807 affectum,
1034 3735 1114 3798 illam
1127 3734 1249 3818 proprie

78 3840 284 3925 indulgenciam
293 3843 470 3926 elargimur,
488 3864 546 3929 que
564 3845 740 3909 conceditur
756 3827 824 3918 hiis,
841 3844 890 3928 qui
904 3849 1060 3908 transeunt
1076 3844 1152 3907 ultra
1167 3863 1249 3907 mare

79 3947 102 4010 in
117 3951 277 4016 subsidium
292 3958 373 4016 terre
390 3957 504 4016 sancte.

156 4149 189 4219 o)
202 4152 250 4206 Dei
272 4168 313 4207 aur
335 4150 425 4206 Raude
439 4151 469 4206 v.
485 4183 514 4194 -
529 4149 561 4220 l)
586 4153 658 4206 reste
680 4152 729 4205 aul
744 4151 829 4206 liseur
851 4150 881 4205 v.
898 4179 925 4190 -
942 4148 974 4218 e)
989 4147 1069 4203 alius:
1090 4148 1184 4204 summi
1204 4167 1245 4205 am

81 4235 158 4294 llaude
170 4242 199 4297 v.
