3112 5118
72 929 112 1015 Β.
126 929 323 1044 Incipiunt
339 929 453 1017 litere
471 931 750 1046 imperatorum
768 937 808 1018 ct
824 963 961 1046 regum
982 937 1258 1023 Romanorum.

650 1276 683 1345 l.

452 1452 615 1532 lmperator
631 1453 694 1532 regl
711 1454 844 1516 lranole·
869 1483 874 1495 ¹

563 1607 643 1663 1249.
657 1609 673 1662 J
677 1608 719 1662 uni
733 1625 757 1661 c.

65 1752 200 1808 Friedrich
218 1754 268 1816 In,
292 1752 446 1807 eroebreclct
463 1752 549 1807 durcb
566 1753 612 1807 die
624 1750 773 1807 Nacbricbt
790 1771 840 1807 von
858 1754 916 1808 dem
934 1755 1097 1826 Umerqanye
1111 1756 1163 1809 der
1175 1757 1258 1810 rone

67 1844 111 1896 der
119 1841 326 1914 franzdea'eeben
340 1839 533 1911 Kreuzfabrcr,
548 1845 684 1897 enteendet
697 1842 772 1897 einen
786 1846 868 1897 boten
880 1845 936 1897 und
948 1844 1030 1916 Brief
1039 1863 1074 1900 an
1087 1845 1198 1916 [ordwig
1211 1846 1256 1899 IX.

379 1931 426 1985 mit
437 1934 487 1984 der
502 1931 572 1986 Bitte
585 1950 627 1985 um
637 1949 741 2002 genade
754 1931 941 1988 Nacbricbten.

149 2078 249 2130 Petrus
263 2075 297 2129 de
311 2075 400 2128 llineis
414 2076 440 2135 3,
454 2075 498 2128 22.

147 2219 293 2282 Generali
318 2239 376 2302 qua
394 2228 520 2285 cunctos
548 2223 755 2304 amplectimur
782 2222 852 2285 fidei
869 2223 1106 2304 participacione
1136 2224 1257 2287 christi-

63 2327 156 2397 colas,
174 2329 231 2390 sed
249 2327 391 2408 speciali,
421 2349 479 2411 qua
495 2336 627 2393 vestram
643 2350 718 2412 pura
735 2330 896 2394 affectione
912 2350 1072 2412 personam
1090 2331 1251 2412 diligimus,

60 2433 134 2496 inter
161 2435 283 2498 diversa
312 2437 352 2521 a)
381 2455 510 2517 genera,
543 2457 601 2520 que
631 2437 872 2518 cogitationibus
903 2437 1015 2500 nostris
1047 2438 1254 2502 indesinenter

63 2548 242 2612 occurrunt,
269 2543 415 2626 precipua
434 2538 590 2608 reddimur
608 2544 708 2607 cordis
732 2547 881 2608 anxietate
899 2546 1018 2608 solliciti
1036 2550 1066 2608 et
1082 2547 1257 2629 frequenter

61 2649 235 2713 affectamus
265 2652 371 2714 audire
399 2652 437 2715 de
464 2651 550 2715 vobis
578 2673 654 2715 nova
681 2652 815 2715 veridica
843 2673 900 2736 que
928 2653 1084 2735 placeant,
1117 2660 1148 2717 et
1175 2656 1255 2718 scire

60 2758 188 2840 plenarie
205 2758 239 2822 in
264 2763 346 2823 terre
371 2765 477 2823 sancte
500 2760 664 2842 presidium
691 2766 791 2824 vestre
819 2762 1078 2851 peregrinacionis
1106 2768 1254 2826 eventum.

59 2865 101 2928 De
128 2861 215 2930 cuius
246 2886 410 2950 aggressu,
438 2868 526 2930 velud
543 2869 574 2930 in
589 2873 649 2930 tam
666 2868 764 2930 valida
781 2888 881 2932 rerum
898 2876 929 2931 et
953 2873 1118 2950 temporum
1139 2875 1258 2950 tempe·

60 2980 133 3037 state
149 2980 315 3058 temptato,
344 2995 412 3040 cum
434 2996 485 3038 res
500 2976 589 3057 plena
618 2975 743 3038 solliciti
765 2977 804 3039 sit
831 2976 963 3047 timoris,
991 2997 1051 3040 non
1079 2980 1143 3039 sine
1171 2978 1257 3058 gravi

59 3081 214 3145 formidine
234 3083 367 3164 cepimus
384 3082 570 3164 aliquociens
589 3081 737 3154 dubitare,
760 3105 798 3146 ne
821 3084 911 3152 forte,
926 3090 1108 3147 novercante
1125 3085 1256 3157 fortuna,

57 3189 128 3252 votis
167 3190 378 3254 communibus
410 3189 575 3259 absonum,
602 3190 720 3254 infestis
753 3191 914 3273 auspiciis,
944 3191 1053 3254 exitum
1085 3192 1254 3256 sortiretur.

58 3298 133 3360 lnter
149 3298 206 3362 bas
226 3318 299 3362 vero
314 3299 480 3362 anxietates
498 3304 528 3360 et
545 3298 762 3361 sollicitudines
780 3303 909 3369 nostras,
933 3306 1149 3382 quaseventus
1165 3301 1257 3364 futuri

58 3404 195 3470 dubietas
222 3407 333 3469 nostris
355 3404 514 3469 affectibus
536 3404 706 3486 ingerebat,
728 3406 856 3468 volatilis
880 3407 959 3469 lame
976 3406 1148 3488 garrulitas,
1163 3409 1254 3471 variis

59 3513 194 3579 discussa
211 3514 371 3584 relatibus,
388 3513 562 3595 supervenit
573 3513 707 3576 veritatis
720 3515 832 3576 utinam
845 3534 956 3577 vacuas
974 3518 1133 3578 eructuans
1151 3536 1256 3578 narra-

58 3623 178 3694 ciones,
210 3623 341 3685 classem
358 3622 500 3685 videlicet
521 3621 653 3701 regiam,
681 3621 793 3684 dudum
816 3627 921 3685 sancto
943 3621 1097 3703 proposito
1114 3642 1173 3686 non
1189 3625 1255 3686 sine

56 3733 171 3813 magnis
187 3730 347 3796 laboribus
366 3736 396 3793 et
412 3735 582 3812 sumptuum
597 3730 824 3811 profusionibus
842 3736 1070 3812 congregatam,
1094 3729 1125 3791 in
1139 3735 1255 3814 tempe-

58 3845 131 3903 state
147 3840 242 3903 maris
266 3846 296 3902 et
317 3839 479 3910 fluctuum,
508 3838 615 3921 quibus
639 3859 698 3901 non
721 3839 778 3902 nisi
797 3838 895 3901 divine
912 3837 1071 3920 potcstatis
1089 3840 1254 3903 auctoritas

57 3948 200 4030 imperat,
224 3946 444 4009 eolluotacione
469 3950 625 4008 ventorum
642 3947 772 4009 asseruit
789 3945 1003 4027 disgregatam.
1037 3945 1081 4008 Ex
1098 3966 1156 4027 quo
1173 3951 1255 4010 tanto

57 4055 295 4120 vebemencioris
325 4074 449 4117 causam
477 4052 662 4116 turbacionis
690 4055 925 4134 assumpsimus,
952 4059 1063 4136 quanto
1092 4073 1254 4134 personam

57 4171 186 4227 vestram
210 4183 265 4245 pre
289 4162 399 4224 ceteris
422 4160 548 4242 regibus
572 4165 603 4222 et
624 4161 726 4222 mundi
742 4159 929 4242 principibus
947 4160 1105 4224 sinceriori
1122 4160 1251 4226 karitate

57 4272 301 4355 complectimur,
329 4275 360 4331 et
382 4273 492 4351 quanto
513 4286 569 4349 per
590 4267 620 4329 id
643 4268 801 4330 multorum
822 4267 979 4332 vobiscum
996 4267 1107 4332 Christi
1122 4269 1253 4334 fidelium

57 4380 231 4448 intencioni,
245 4396 392 4458 suspenso
411 4382 491 4439 terre
505 4381 609 4438 sancte
622 4374 760 4445 dissidio,
775 4394 832 4457 que
843 4375 1021 4439 Gallicarum
1030 4377 1069 4462 b)
1076 4377 1181 4441 virium
1193 4385 1254 4442 tam

143 4508 177 4575 a)
195 4507 300 4558 diversa
313 4519 437 4557 curarum
452 4503 524 4557 Petr.
540 4501 564 4554 d.
579 4500 635 4554 Vin.
650 4531 686 4541 -—
699 4502 731 4569 b)
747 4501 902 4556 callicarum
916 4502 944 4554 V.
