3108 5118
286 293 364 362 282

287 486 346 526 non
369 464 470 526 inutile
494 469 683 544 reputamus,
713 465 791 546 quod
809 466 883 546 ipsis
900 465 1054 534 iratribus,
1078 471 1111 529 ut
1132 465 1169 527 ad
1193 467 1330 529 ciusdem
1357 488 1480 549 promo·

286 573 403 634 cionem
436 572 554 652 negocii
586 573 791 636 accendantur
827 573 1004 644 ardencius,
1044 573 1239 636 adstrictione
1278 576 1409 639 mandati
1443 597 1478 638 ac

285 679 381 741 eciam
408 679 528 742 lacioris
556 679 742 742 auctoritatis
770 681 883 747 indulto
917 680 1053 762 predicte
1086 681 1308 761 predicacionis
1348 681 1480 745 ollicium
1549 731 1550 738 a

286 788 430 852 seriosius
447 789 626 869 iniungatur.
1285 799 1289 806 '
1357 783 1361 790 '

858 1103 918 1170 70.

643 1275 836 1338 Bonnam·
855 1295 907 1339 rex
924 1275 954 1340 ll.
969 1277 1128 1342 iudicitur.

288 1435 348 1488 Iler
363 1429 495 1490 ruminate
507 1433 595 1502 Ko'm'p
608 1431 741 1503 (liudolf)
755 1433 845 1488 nimmt
857 1432 901 1490 ein
919 1433 1106 1498 Waaenaaa
1119 1433 1247 1490 donared
1265 1433 1340 1491 aiclat
1352 1432 1483 1504 opreclm

710 1523 792 1586 kann,
806 1523 834 1578 in
847 1523 939 1581 oetaeo
952 1523 1057 1578 Sedula.

385 1657 509 1717 (letbert,
524 1656 549 1716 3,
564 1655 606 1708 35.

380 1799 424 1861 Ad
452 1800 511 1861 hoc
539 1801 650 1862 nostris
680 1800 810 1862 humeris
838 1800 923 1881 regie
953 1801 1108 1882 dignitatis
1132 1809 1179 1864 est
1201 1821 1219 1864 a
1240 1802 1306 1865 Deo
1331 1802 1483 1883 inpositus

288 1907 471 1988 principatus
489 1908 622 1989 armique
640 1907 734 1969 nostri
752 1927 838 1970 sacre
862 1909 1061 1972 delibucionis
1086 1910 1152 1972 oleo
1176 1915 1244 1972 sunt
1265 1910 1426 1992 peruncti,
1455 1914 1488 1971 ut

288 2037 377 2078 manu
394 2016 577 2079 l'ortitudinis
595 2025 624 2077 et
640 2015 764 2078 brachio
793 2022 912 2081 extento
935 2017 962 2103 ¹)
977 2020 1068 2080 simus
1106 2018 1237 2082 omnium
1266 2018 1323 2081 sub
1352 2019 1488 2082 Romano

288 2124 412 2204 imperio
437 2121 615 2204 degencium
638 2123 824 2186 defensores.
869 2125 979 2187 Verum
1001 2126 1073 2186 licet
1094 2126 1133 2188 ad
1154 2125 1212 2188 hoc
1236 2125 1375 2188 omnibus
1397 2131 1488 2189 tene·

289 2251 373 2293 amur
405 2252 440 2293 ex
472 2249 543 2293 cura
575 2231 708 2312 suseepti
739 2231 913 2312 regiminis,
943 2233 1009 2294 illos
1042 2238 1142 2296 tamen
1173 2233 1320 2314 precipue
1352 2234 1489 2296 volumus

290 2347 321 2402 et
349 2339 493 2401 debemus
520 2345 698 2421 protegere,
730 2359 804 2421 quos
833 2341 964 2402 divinum
992 2341 1145 2404 oraculum
1172 2346 1276 2403 nostre
1305 2341 1490 2424 protectioni

291 2447 441 2509 commisit
468 2447 640 2528 specialiter
661 2465 729 2509 cum
750 2452 894 2529 precepto
919 2449 1050 2510 clamans
1067 2447 1114 2534 8);
1145 2448 1277 2530 „pupillo
1301 2454 1332 2512 et
1355 2450 1491 2531 orphano

291 2555 400 2616 tueris
424 2553 573 2616 adiutor.“
608 2554 689 2616 Sane
711 2554 837 2615 dilectus
854 2559 959 2617 noster
973 2555 1024 2624 N.,
1040 2560 1165 2638 paterno
1184 2555 1296 2618 solacio
1316 2554 1492 2626 destitutus,

292 2683 350 2724 non
379 2667 493 2726 tantum
516 2662 557 2746 a)
578 2665 705 2742 propter
730 2661 924 2742 pupillarem,
951 2682 1055 2723 verum
1083 2662 1179 2723 eciam
1205 2668 1331 2744 propter
1359 2663 1492 2726 infancie

293 2769 525 2833 teneritudinem
542 2789 576 2831 se
594 2769 691 2850 ipsum
708 2789 766 2831 non
783 2775 884 2852 potest
900 2770 1074 2840 defendere,
1092 2790 1148 2831 nec
1165 2770 1278 2832 iuvare.
1304 2771 1349 2832 lla
1365 2777 1492 2854 propter

277 2881 391 2960 ‘ipsum
408 2884 542 2940 nostram
569 2877 739 2958 recepimus
772 2877 802 2938 in
834 2879 957 2939 tutelam
990 2883 1020 2940 et
1052 2879 1150 2940 omnia
1173 2878 1251 2941 bona
1281 2898 1336 2940 sua
1368 2877 1490 2940 mobilia

293 2986 378 3069 etl)
408 3006 467 3048 non
494 2985 615 3047 mobilia
643 2985 699 3047 sul)
726 2985 819 3048 nostri
848 2985 971 3066 presidii
1001 3005 1036 3047 ac
1062 2985 1260 3066 protectionis
1284 2986 1386 3066 gladio
1403 3007 1491 3048 assu-

285 3100 409 3156 ·menles
428 3115 480 3155 seu
498 3093 618 3174 clypeo,
648 3093 785 3156 omnibus
807 3094 932 3156 llomani
954 3093 1070 3174 imperii
1093 3093 1231 3155 fidelihus
1256 3094 1365 3156 obnixe
1389 3097 1491 3175 preci-

294 3204 402 3282 pimus
436 3224 471 3264 ue
505 3202 571 3284 quis
605 3203 717 3264 dictum
748 3202 892 3264 inl'antem
925 3222 978 3263 seu
1010 3201 1088 3264 bona
1120 3197 1173 3262 sua
1206 3201 1318 3264 audeat
1349 3203 1490 3265 invadere

295 3317 346 3374 aut
378 3311 546 3393 aliqualiter
575 3309 769 3392 perturbare,
802 3310 880 3372 sicut
912 3313 1013 3372 nostre
1044 3308 1267 3389 indignacionis
1299 3310 1490 3373 formidinem

295 3420 422 3482 voluerit
439 3419 560 3481 evitare.

388 3620 420 3682 α)
436 3619 548 3672 nondum
563 3621 591 3672 V.
611 3649 637 3657 -
654 3618 686 3687 d)
702 3635 749 3672 uec
763 3619 792 3672 V.

328 3945 350 4001 ¹)
369 3945 415 3988 l'ir.
434 3943 547 3990 ⁸locandae
559 3945 597 3996 cl,
611 3943 633 3986 5.

322 4024 346 4085 ²)
367 4026 437 4070 l'salrn
453 4026 488 4076 lo,
506 4024 540 4068 ll.
