3108 5118
866 619 900 687 2.

461 789 624 871 luperlele
641 793 829 876 privilegium
845 813 938 878 super
952 796 1159 877 recognlelone
1174 794 1287 861 lellctl.

275 948 459 1019 Prioilepiom,
482 949 568 1005 durch
586 952 700 1006 celeber
722 953 774 1007 aaa
787 951 1010 1024 cufrttbrerirrbe
1022 957 1126 1028 Neapel
1146 954 1220 1010 nicbt
1242 955 1313 1010 diaes
1334 953 1476 1010 wiederin

278 1039 390 1093 Gaudere
414 1038 632 1111 auspenommen,
663 1043 779 1098 condere
809 1044 878 1100 auct
910 1045 965 1116 aas
984 1045 1043 1101 vr'er
1067 1043 1152 1101 Jubre
1175 1063 1226 1100 oon
1251 1045 1325 1102 clleo
1352 1043 1475 1116 Abycben

777 1135 876 1208 deficit
887 1136 965 1192 wird.

363 1275 432 1331 Petr.
452 1275 485 1330 de
504 1277 559 1334 Vin.
577 1276 603 1339 θ,
620 1279 643 1332 1.
657 1280 863 1336 ausldhrlieher.
879 1313 910 1322 -
925 1285 949 1338 J.
973 1281 1053 1354 Voigt
1071 1283 1246 1339 Fonnelbueb
1270 1281 1320 1336 des
1343 1281 1475 1336 Hearieus

275 1366 383 1424 Italicus
396 1384 438 1422 no.
452 1367 469 1420 ὅ
483 1367 638 1424 sehlerhalt.

362 1516 470 1581 Nobile
486 1540 561 1602 opus
580 1521 712 1586 sedentis
729 1522 760 1585 iu
777 1523 862 1594 solio,
879 1525 1045 1588 clemencia
1062 1525 1228 1597 suadente,
1251 1524 1476 1609 prosequimur,

271 1625 297 1688 si
313 1646 368 1708 per
382 1627 497 1691 lubrica
513 1630 601 1711 culpe
618 1629 812 1694 deliramenta
829 1632 1006 1697 cadentibus
1024 1633 1063 1696 ad
1079 1633 1263 1698 sublevanda
1280 1635 1323 1718 a)
1340 1632 1478 1696 remedia

271 1735 331 1798 cito
354 1757 387 1799 se
410 1755 515 1800 manus
537 1745 641 1802 nostra
663 1738 820 1811 habilitat,
843 1746 874 1804 et
896 1742 1084 1825 indulgemus
1107 1741 1243 1807 obnoxiis
1265 1741 1387 1806 veniam
1410 1751 1480 1824 post

226 1875 227 1880 ¹
270 1852 402 1918 reatum,
430 1845 588 1928 pulchrum
605 1848 737 1912 vindicte
754 1869 852 1931 genus
867 1851 1045 1915 estimantes
1061 1852 1241 1934 ignoscere,
1269 1850 1364 1916 etsie
1382 1859 1480 1914 mate·

269 1953 351 2018 rialis
376 1955 469 2038 gladii
492 1957 647 2022 refrenare
672 1957 847 2032 licenciam,
876 1965 924 2032 ut,
953 1961 1088 2024 seviendi
1111 1962 1263 2025 voluntate
1292 1961 1475 2044 postposita,

269 2070 471 2147 temperemus
489 2065 638 2130 interdum
656 2068 862 2132 misericordie
885 2069 1077 2134 condimento
1103 2073 1235 2152 rigorem
1251 2070 1389 2140 iusticie,
1409 2071 1477 2134 data

267 2183 299 2244 et
315 2174 417 2238 innata
434 2172 521 2238 nobis
539 2175 576 2237 ab
593 2175 659 2258 ipso
677 2177 848 2259 fragilitatis
861 2177 990 2241 humane
1007 2178 1154 2261 principio
1171 2157 1327 2243 voluntate
1345 2180 1476 2264 quadarn

268 2283 435 2347 domestica
467 2284 646 2354 miserendi,
676 2291 707 2349 ut
735 2287 805 2348 dum
834 2286 921 2369 primi
949 2288 1083 2370 parentis
1111 2288 1141 2350 in
1164 2295 1303 2371 posteros
1334 2287 1479 2352 derivato

268 2391 442 2456 discrimine
477 2393 510 2456 in
543 2395 709 2458 naturalem
744 2397 963 2478 quodammodo
995 2397 1247 2480 transgressionis
1281 2399 1414 2461 sormam
1443 2397 1479 2483 d)

176 2491 178 2494 ⁵
268 2502 390 2567 llurisse
408 2503 633 2584 cognoscimus,
649 2504 857 2587 reparacionis
881 2507 1019 2586 graciose
1044 2505 1186 2588 suffragia
1211 2506 1344 2570 libenter
1360 2505 1479 2591 suppli·

149 2611 356 2676 ramescib'us
378 2613 541 2695 largiamur
562 2613 598 2699 ¹).
632 2613 675 2676 Ea
697 2621 822 2697 propter
849 2617 983 2697 presenti
1012 2615 1169 2698 privilegio
1198 2615 1316 2679 noverit
1345 2636 1474 2699 presens

270 2727 334 2786 etas
363 2730 393 2786 et
421 2724 521 2786 futura
544 2724 723 2806 posteritas,
748 2724 924 2808 quodlicet
949 2726 1128 2788 universitas
1152 2729 1255 2788 nostra
1282 2725 1475 2808 Neapolis

268 2831 380 2895 dudum
408 2831 455 2894 rel
484 2837 608 2914 propter
632 2832 815 2896 imminentis
832 2833 980 2902 maliciam
998 2833 1148 2918 temporis
1169 2835 1233 2904 rel,
1267 2835 1348 2917 quod
1371 2836 1474 2900 verius

267 2941 435 3012 credimus,
469 2941 506 3004 ad
535 2941 627 3005 salsas
655 2942 869 3025 suggestiones
897 2945 1162 3028 calumpniantium
1191 2943 1373 3016 emulorum,
1413 2944 1474 3006 risa

264 3051 357 3115 fuerit
379 3071 396 3114 a
420 3057 523 3115 nostre
547 3049 617 3114 lidei
640 3051 756 3115 semitis
780 3052 919 3117 deviasse
945 3058 992 3124 et,
1022 3054 1214 3116 seductorum
1237 3051 1339 3117 verbis
1357 3054 1471 3118 nutrita

264 3159 462 3225 mendacibus
485 3161 516 3223 in
542 3160 678 3225 eiusdem
703 3163 814 3225 erroris
837 3163 986 3246 caligine,
1008 3168 1114 3226 coacta
1130 3163 1237 3245 pocius
1254 3182 1345 3246 quam
1362 3163 1472 3227 volun-

264 3272 351 3342 taria,
383 3270 565 3354 aliquamdiu
597 3272 784 3356 perstitisse,
811 3277 936 3355 propter
961 3273 1042 3354 quod
1071 3279 1101 3334 et
1130 3273 1217 3354 culpe
1245 3271 1412 3336 videbatur
1438 3273 1465 3334 in

265 3381 417 3444 dominum
434 3380 638 3444 commississe
655 3379 846 3462 dispendium
863 3387 894 3444 et
910 3381 1043 3451 inlarnie,
1066 3380 1103 3443 de
1128 3380 1313 3464 plenitudine
1331 3388 1469 3466 potesta·

263 3489 303 3553 tis
321 3495 424 3554 nostre
441 3489 573 3572 benigne
587 3489 777 3553 decernimus
792 3490 981 3561 abolendam,
999 3491 1180 3572 recipientes
1197 3510 1315 3554 exnunc
1333 3490 1416 3554 sicut
1432 3490 1469 3552 ah

265 3605 353 3664 antea
381 3599 534 3663 civitatem
563 3599 675 3682 ipsam,
710 3601 866 3664 universos
895 3605 925 3664 et
954 3601 1087 3682 singulos
1117 3599 1248 3663 civitatis
1271 3599 1410 3663 eiusdem
1439 3600 1468 3662 iu

263 3708 383 3790 plenum
410 3708 524 3774 favoris
553 3716 584 3773 et
611 3710 714 3791 gracie
743 3714 846 3774 nostre
874 3711 990 3780 sinum,
1018 3709 1114 3772 bonos
1138 3729 1209 3772 usus
1234 3715 1265 3772 et
1281 3708 1467 3794 approbatas

264 3821 511 3884 consuetudines
529 3820 584 3894 eis,
602 3821 712 3904 quibus
729 3819 876 3885 hactenus
894 3822 1027 3904 gaudere
1044 3827 1114 3885 suot
1130 3820 1221 3891 soliti,
1239 3819 1467 3884 confirmantes.

262 3931 302 3994 Et
318 3932 398 3996 sicut
420 3932 459 3996 ad
482 3933 594 3995 cultum
618 3932 686 3995 novi
710 3931 834 3994 dominii
850 3931 1017 4003 redierunt,
1035 3933 1078 3995 sie
1096 3931 1126 3994 in
1144 3929 1241 3994 oculis
1258 3930 1373 3994 nostris
1392 3951 1467 3994 nore

263 4045 367 4126 gracie
380 4044 510 4106 fructum
524 4062 556 4104 se
569 4042 723 4125 gaudeant
739 4043 903 4114 invenisse,
915 4043 998 4124 ipsos
1011 4040 1049 4106 ab
1063 4041 1200 4105 omnibus
1214 4039 1317 4112 datiis,
1331 4040 1467 4104 collectis

263 4159 295 4218 et
321 4149 528 4218 exactionibus
557 4150 798 4244 quibuscumque
826 4171 922 4236 usque
950 4152 989 4215 ad
1017 4150 1246 4237 quadriennium
1271 4150 1310 4214 de
1340 4149 1465 4233 speciali

298 4353 301 4361 -
354 4317 388 4380 a)
403 4315 557 4372 sublevandi
570 4315 598 4369 Z.
613 4344 646 4355 -
659 4315 692 4385 b)
707 4330 826 4371 normam
839 4316 911 4371 Patr.
925 4313 960 4368 de
972 4311 1028 4368 vis.

290 4573 314 4632 ²)
330 4573 370 4619 liis
381 4573 466 4619 bichor
477 4573 653 4632 gleichlautend
665 4571 708 4619 mit
719 4572 822 4620 Gerbert
834 4570 860 4629 3,
871 4572 911 4628 28,
924 4571 1014 4618 Stobbe
1026 4583 1048 4617 n.
1062 4569 1118 4616 1³7.
