<?xml version="1.0" encoding="UTF-8"?>
<!DOCTYPE html PUBLIC "-//W3C//DTD XHTML 1.0 Transitional//EN"
    "http://www.w3.org/TR/xhtml1/DTD/xhtml1-transitional.dtd">
<html xmlns="http://www.w3.org/1999/xhtml" xml:lang="en" lang="en">
 <head>
  <title>
</title>
<meta http-equiv="Content-Type" content="text/html;charset=utf-8" />
  <meta name='ocr-system' content='tesseract 3.04.00' />
  <meta name='ocr-capabilities' content='ocr_page ocr_carea ocr_par ocr_line ocrx_word'/>
</head>
<body>
  <div class='ocr_page' id='page_1' title='image "./fontesrerumaust01kommgoog_0130.png"; bbox 0 0 3116 5124; ppageno 0'>
   <div class='ocr_carea' id='block_1_1' title="bbox 1143 309 1214 382">
    <p class='ocr_par' dir='ltr' id='par_1_1' title="bbox 1143 309 1214 382">
     <span class='ocr_line' id='line_1_1' title="bbox 1143 309 1214 382; baseline 0 -1"><span class='ocrx_word' id='word_1_1' title='bbox 1143 309 1214 382; x_wconf 63' lang='grc' dir='ltr'><strong>Μ</strong></span> 
     </span>
    </p>
   </div>
   <div class='ocr_carea' id='block_1_2' title="bbox 30 481 1290 1436">
    <p class='ocr_par' dir='ltr' id='par_1_2' title="bbox 30 481 1221 678">
     <span class='ocr_line' id='line_1_2' title="bbox 30 481 1221 570; baseline -0.003 -21.868"><span class='ocrx_word' id='word_1_2' title='bbox 30 486 223 550; x_wconf 74' lang='lat' dir='ltr'>actitantur</span> <span class='ocrx_word' id='word_1_3' title='bbox 214 507 242 548; x_wconf 93' lang='lat' dir='ltr'>m</span> <span class='ocrx_word' id='word_1_4' title='bbox 264 491 469 567; x_wconf 73' lang='lat' dir='ltr'>temperare</span> <span class='ocrx_word' id='word_1_5' title='bbox 491 490 544 550; x_wconf 90' lang='lat' dir='ltr'>aut</span> <span class='ocrx_word' id='word_1_6' title='bbox 565 483 714 548; x_wconf 88' lang='lat' dir='ltr'>oblivione</span> <span class='ocrx_word' id='word_1_7' title='bbox 731 491 783 550; x_wconf 88' lang='lat' dir='ltr'>aut</span> <span class='ocrx_word' id='word_1_8' title='bbox 798 483 995 568; x_wconf 78' lang='lat' dir='ltr'>perversitate</span> <span class='ocrx_word' id='word_1_9' title='bbox 1011 481 1052 570; x_wconf 86' lang='lat' dir='ltr'>a)</span> <span class='ocrx_word' id='word_1_10' title='bbox 1068 483 1221 546; x_wconf 90' lang='lat' dir='ltr'>hominum</span> 
     </span>
     <span class='ocr_line' id='line_1_3' title="bbox 67 591 1220 694; baseline -0.002 -38"><span class='ocrx_word' id='word_1_11' title='bbox 67 599 265 658; x_wconf 79' lang='lat' dir='ltr'>retractarentur</span> <span class='ocrx_word' id='word_1_12' title='bbox 277 592 316 678; x_wconf 86' lang='lat' dir='ltr'>d)</span> <span class='ocrx_word' id='word_1_13' title='bbox 333 613 391 676; x_wconf 81' lang='lat' dir='ltr'>que</span> <span class='ocrx_word' id='word_1_14' title='bbox 407 593 539 658; x_wconf 82' lang='lat' dir='ltr'>mediant</span> <span class='ocrx_word' id='word_1_15' title='bbox 526 599 557 658; x_wconf 89' lang='lat' dir='ltr'>te</span> <span class='ocrx_word' id='word_1_16' title='bbox 573 593 692 657; x_wconf 89' lang='lat' dir='ltr'>iusticia</span> <span class='ocrx_word' id='word_1_17' title='bbox 719 592 808 656; x_wconf 87' lang='lat' dir='ltr'>finem</span> <span class='ocrx_word' id='word_1_18' title='bbox 834 591 1013 676; x_wconf 84' lang='lat' dir='ltr'>legittimum</span> <span class='ocrx_word' id='word_1_19' title='bbox 1027 597 1220 694; x_wconf 85' lang='lat' dir='ltr'>aeceperunt</span> 
     </span>
    </p>

    <p class='ocr_par' dir='ltr' id='par_1_3' title="bbox 30 699 1222 893">
     <span class='ocr_line' id='line_1_4' title="bbox 30 699 1222 790; baseline -0.001 -25"><span class='ocrx_word' id='word_1_20' title='bbox 30 741 31 750; x_wconf 28' lang='grc' dir='ltr'>ι</span> <span class='ocrx_word' id='word_1_21' title='bbox 135 703 196 765; x_wconf 90' lang='lat' dir='ltr'>ltem</span> <span class='ocrx_word' id='word_1_22' title='bbox 210 702 256 790; x_wconf 89' lang='lat' dir='ltr'>c)</span> <span class='ocrx_word' id='word_1_23' title='bbox 280 701 426 783; x_wconf 81' lang='lat' dir='ltr'>Quoniam</span> <span class='ocrx_word' id='word_1_24' title='bbox 443 722 494 784; x_wconf 89' lang='lat' dir='ltr'>qur</span> <span class='ocrx_word' id='word_1_25' title='bbox 486 701 593 764; x_wconf 89' lang='lat' dir='ltr'>male</span> <span class='ocrx_word' id='word_1_26' title='bbox 603 700 666 784; x_wconf 89' lang='lat' dir='ltr'>agit</span> <span class='ocrx_word' id='word_1_27' title='bbox 683 701 744 764; x_wconf 93' lang='lat' dir='ltr'>odit</span> <span class='ocrx_word' id='word_1_28' title='bbox 759 700 868 776; x_wconf 84' lang='lat' dir='ltr'>lucem,</span> <span class='ocrx_word' id='word_1_29' title='bbox 879 701 946 766; x_wconf 89' lang='lat' dir='ltr'>ideo</span> <span class='ocrx_word' id='word_1_30' title='bbox 961 701 1038 764; x_wconf 90' lang='lat' dir='ltr'>scitu</span> <span class='ocrx_word' id='word_1_31' title='bbox 1049 701 1096 764; x_wconf 88' lang='lat' dir='ltr'>vel</span> <span class='ocrx_word' id='word_1_32' title='bbox 1109 699 1222 781; x_wconf 88' lang='lat' dir='ltr'>scripte</span> 
     </span>
     <span class='ocr_line' id='line_1_5' title="bbox 30 808 1224 893; baseline 0 -22"><span class='ocrx_word' id='word_1_33' title='bbox 30 811 139 890; x_wconf 84' lang='lat' dir='ltr'>ligna</span> <span class='ocrx_word' id='word_1_34' title='bbox 153 810 238 874; x_wconf 88' lang='lat' dir='ltr'>sunt</span> <span class='ocrx_word' id='word_1_35' title='bbox 229 832 260 874; x_wconf 90' lang='lat' dir='ltr'>m</span> <span class='ocrx_word' id='word_1_36' title='bbox 271 811 339 874; x_wconf 89' lang='lat' dir='ltr'>luce</span> <span class='ocrx_word' id='word_1_37' title='bbox 356 811 461 892; x_wconf 89' lang='lat' dir='ltr'>pocius</span> <span class='ocrx_word' id='word_1_38' title='bbox 480 829 569 893; x_wconf 85' lang='lat' dir='ltr'>quam</span> <span class='ocrx_word' id='word_1_39' title='bbox 585 808 764 874; x_wconf 89' lang='lat' dir='ltr'>intenebris</span> <span class='ocrx_word' id='word_1_40' title='bbox 781 809 966 882; x_wconf 88' lang='lat' dir='ltr'>fabricanda,</span> <span class='ocrx_word' id='word_1_41' title='bbox 982 829 1020 872; x_wconf 89' lang='lat' dir='ltr'>ne</span> <span class='ocrx_word' id='word_1_42' title='bbox 1036 814 1105 891; x_wconf 91' lang='lat' dir='ltr'>post</span> <span class='ocrx_word' id='word_1_43' title='bbox 1120 809 1224 872; x_wconf 85' lang='lat' dir='ltr'>evolu-</span> 
     </span>
    </p>

    <p class='ocr_par' dir='ltr' id='par_1_4' title="bbox 30 917 1225 1109">
     <span class='ocr_line' id='line_1_6' title="bbox 30 917 1225 1054; baseline 0.004 -76"><span class='ocrx_word' id='word_1_44' title='bbox 30 941 32 1054; x_wconf 49' lang='grc' dir='ltr'><strong><em>ε</em></strong></span> <span class='ocrx_word' id='word_1_45' title='bbox 68 917 159 982; x_wconf 90' lang='lat' dir='ltr'>cionem</span> <span class='ocrx_word' id='word_1_46' title='bbox 185 919 342 1002; x_wconf 90' lang='lat' dir='ltr'>temporis,</span> <span class='ocrx_word' id='word_1_47' title='bbox 360 939 417 1004; x_wconf 88' lang='lat' dir='ltr'>que</span> <span class='ocrx_word' id='word_1_48' title='bbox 448 918 594 1000; x_wconf 86' lang='lat' dir='ltr'>legittime</span> <span class='ocrx_word' id='word_1_49' title='bbox 611 923 680 982; x_wconf 88' lang='lat' dir='ltr'>sunt</span> <span class='ocrx_word' id='word_1_50' title='bbox 702 937 759 982; x_wconf 89' lang='lat' dir='ltr'>oon</span> <span class='ocrx_word' id='word_1_51' title='bbox 759 924 873 992; x_wconf 84' lang='lat' dir='ltr'>t,racta</span> <span class='ocrx_word' id='word_1_52' title='bbox 903 917 1077 1000; x_wconf 86' lang='lat' dir='ltr'>ignoranoia</span> <span class='ocrx_word' id='word_1_53' title='bbox 1106 918 1225 983; x_wconf 88' lang='lat' dir='ltr'>valeant</span> 
     </span>
     <span class='ocr_line' id='line_1_7' title="bbox 67 1026 258 1109; baseline 0.011 -23"><span class='ocrx_word' id='word_1_54' title='bbox 67 1027 194 1090; x_wconf 87' lang='lat' dir='ltr'>retractari</span> <span class='ocrx_word' id='word_1_55' title='bbox 207 1026 258 1109; x_wconf 81' lang='lat' dir='ltr'>cl)</span> 
     </span>
    </p>

    <p class='ocr_par' dir='ltr' id='par_1_5' title="bbox 30 1093 1290 1436">
     <span class='ocr_line' id='line_1_8' title="bbox 30 1093 1290 1217; baseline 0.001 -18"><span class='ocrx_word' id='word_1_56' title='bbox 30 1093 32 1214; x_wconf 72' lang='lat' dir='ltr'>l</span> <span class='ocrx_word' id='word_1_57' title='bbox 131 1135 210 1200; x_wconf 85' lang='lat' dir='ltr'>Item</span> <span class='ocrx_word' id='word_1_58' title='bbox 242 1135 352 1198; x_wconf 83' lang='lat' dir='ltr'><strong>Fidelis</strong></span> <span class='ocrx_word' id='word_1_59' title='bbox 371 1140 417 1198; x_wconf 90' lang='lat' dir='ltr'>est</span> <span class='ocrx_word' id='word_1_60' title='bbox 431 1134 585 1198; x_wconf 87' lang='lat' dir='ltr'>literarum</span> <span class='ocrx_word' id='word_1_61' title='bbox 602 1133 751 1208; x_wconf 88' lang='lat' dir='ltr'>custodia,</span> <span class='ocrx_word' id='word_1_62' title='bbox 768 1153 827 1217; x_wconf 86' lang='lat' dir='ltr'>que</span> <span class='ocrx_word' id='word_1_63' title='bbox 843 1153 944 1198; x_wconf 89' lang='lat' dir='ltr'>rerum</span> <span class='ocrx_word' id='word_1_64' title='bbox 960 1133 1127 1197; x_wconf 71' lang='lat' dir='ltr'>octones</span> <span class='ocrx_word' id='word_1_65' title='bbox 1117 1153 1224 1198; x_wconf 86' lang='lat' dir='ltr'>mcor·</span> <span class='ocrx_word' id='word_1_66' title='bbox 1288 1196 1290 1200; x_wconf 85' lang='lat'>.</span> 
     </span>
     <span class='ocr_line' id='line_1_9' title="bbox 65 1240 1226 1327; baseline 0.004 -24.057"><span class='ocrx_word' id='word_1_67' title='bbox 65 1261 133 1305; x_wconf 90' lang='lat' dir='ltr'>cussa</span> <span class='ocrx_word' id='word_1_68' title='bbox 166 1245 240 1307; x_wconf 89' lang='lat' dir='ltr'>serie</span> <span class='ocrx_word' id='word_1_69' title='bbox 278 1245 409 1327; x_wconf 88' lang='lat' dir='ltr'>loquitur</span> <span class='ocrx_word' id='word_1_70' title='bbox 442 1250 472 1306; x_wconf 91' lang='lat' dir='ltr'>et</span> <span class='ocrx_word' id='word_1_71' title='bbox 506 1250 661 1327; x_wconf 89' lang='lat' dir='ltr'>emergent</span> <span class='ocrx_word' id='word_1_72' title='bbox 649 1244 729 1308; x_wconf 89' lang='lat' dir='ltr'>tibus</span> <span class='ocrx_word' id='word_1_73' title='bbox 763 1243 939 1324; x_wconf 78' lang='lat' dir='ltr'>calumpniis</span> <span class='ocrx_word' id='word_1_74' title='bbox 969 1240 1090 1307; x_wconf 88' lang='lat' dir='ltr'>firmum</span> <span class='ocrx_word' id='word_1_75' title='bbox 1117 1243 1226 1326; x_wconf 88' lang='lat' dir='ltr'>prebet</span> 
     </span>
     <span class='ocr_line' id='line_1_10' title="bbox 77 1349 619 1436; baseline 0.008 -26.124"><span class='ocrx_word' id='word_1_76' title='bbox 77 1349 220 1414; x_wconf 76' lang='lat' dir='ltr'>lsmculum</span> <span class='ocrx_word' id='word_1_77' title='bbox 236 1353 405 1416; x_wconf 89' lang='lat' dir='ltr'>testimonio</span> <span class='ocrx_word' id='word_1_78' title='bbox 422 1353 556 1416; x_wconf 91' lang='lat' dir='ltr'>veritatis</span> <span class='ocrx_word' id='word_1_79' title='bbox 573 1353 619 1436; x_wconf 86' lang='lat' dir='ltr'>e).</span> 
     </span>
    </p>
   </div>
   <div class='ocr_carea' id='block_1_3' title="bbox 136 1587 1228 1750">
    <p class='ocr_par' dir='ltr' id='par_1_6' title="bbox 136 1587 1210 1750">
     <span class='ocr_line' id='line_1_11' title="bbox 535 1587 731 1632; baseline 0 0"><span class='ocrx_word' id='word_1_80' title='bbox 535 1587 663 1632; x_wconf 87' lang='lat' dir='ltr'>Distinctio</span> <span class='ocrx_word' id='word_1_81' title='bbox 681 1587 731 1632; x_wconf 86' lang='lat' dir='ltr'>XX.</span> 
     </span>
     <span class='ocr_line' id='line_1_12' title="bbox 136 1665 1228 1750; baseline 0 -21"><span class='ocrx_word' id='word_1_82' title='bbox 136 1666 242 1731; x_wconf 82' lang='lat' dir='ltr'>Sancte</span> <span class='ocrx_word' id='word_1_83' title='bbox 271 1667 457 1750; x_wconf 84' lang='lat' dir='ltr'>operacionis</span> <span class='ocrx_word' id='word_1_84' title='bbox 476 1669 607 1732; x_wconf 89' lang='lat' dir='ltr'>studium</span> <span class='ocrx_word' id='word_1_85' title='bbox 623 1668 669 1730; x_wconf 89' lang='lat' dir='ltr'>vel</span> <span class='ocrx_word' id='word_1_86' title='bbox 685 1668 871 1750; x_wconf 89' lang='lat' dir='ltr'>propositum</span> <span class='ocrx_word' id='word_1_87' title='bbox 887 1668 1031 1730; x_wconf 88' lang='lat' dir='ltr'>festinant</span> <span class='ocrx_word' id='word_1_88' title='bbox 1018 1673 1067 1730; x_wconf 89' lang='lat' dir='ltr'>ter</span> <span class='ocrx_word' id='word_1_89' title='bbox 1081 1667 1119 1730; x_wconf 90' lang='lat' dir='ltr'>ad</span> <span class='ocrx_word' id='word_1_90' title='bbox 1135 1665 1228 1730; x_wconf 84' lang='lat' dir='ltr'>elfec-</span> 
     </span>
    </p>
   </div>
   <div class='ocr_carea' id='block_1_4' title="bbox 30 1774 1230 2406">
    <p class='ocr_par' dir='ltr' id='par_1_7' title="bbox 30 1774 1228 1965">
     <span class='ocr_line' id='line_1_13' title="bbox 30 1774 1228 1880; baseline 0.005 -45.154"><span class='ocrx_word' id='word_1_91' title='bbox 30 1780 107 1835; x_wconf 88' lang='lat' dir='ltr'>tum</span> <span class='ocrx_word' id='word_1_92' title='bbox 120 1774 203 1839; x_wconf 93' lang='lat' dir='ltr'>debet</span> <span class='ocrx_word' id='word_1_93' title='bbox 217 1777 355 1858; x_wconf 87' lang='lat' dir='ltr'>perduci,</span> <span class='ocrx_word' id='word_1_94' title='bbox 368 1799 405 1840; x_wconf 92' lang='lat' dir='ltr'>ne</span> <span class='ocrx_word' id='word_1_95' title='bbox 418 1779 589 1860; x_wconf 86' lang='lat' dir='ltr'>fragilitatis</span> <span class='ocrx_word' id='word_1_96' title='bbox 605 1779 734 1841; x_wconf 88' lang='lat' dir='ltr'>humane</span> <span class='ocrx_word' id='word_1_97' title='bbox 752 1777 901 1880; x_wconf 89' lang='lat' dir='ltr'>desiderio</span> <span class='ocrx_word' id='word_1_98' title='bbox 917 1779 1113 1860; x_wconf 84' lang='lat' dir='ltr'>frigescente,</span> <span class='ocrx_word' id='word_1_99' title='bbox 1128 1778 1228 1841; x_wconf 81' lang='lat' dir='ltr'>uotiua</span> 
     </span>
     <span class='ocr_line' id='line_1_14' title="bbox 30 1885 770 1965; baseline 0.006 -21.21"><span class='ocrx_word' id='word_1_100' title='bbox 30 1897 156 1965; x_wconf 82' lang='lat' dir='ltr'>poprie</span> <span class='ocrx_word' id='word_1_101' title='bbox 172 1885 364 1950; x_wconf 83' lang='lat' dir='ltr'>subtrahatur</span> <span class='ocrx_word' id='word_1_102' title='bbox 378 1886 542 1950; x_wconf 84' lang='lat' dir='ltr'>retribucio</span> <span class='ocrx_word' id='word_1_103' title='bbox 558 1888 770 1950; x_wconf 90' lang='lat' dir='ltr'>meritorum.</span> 
     </span>
    </p>

    <p class='ocr_par' dir='ltr' id='par_1_8' title="bbox 131 1993 1227 2080">
     <span class='ocr_line' id='line_1_15' title="bbox 131 1993 1227 2080; baseline 0.003 -25"><span class='ocrx_word' id='word_1_104' title='bbox 131 1993 200 2056; x_wconf 83' lang='lat' dir='ltr'>Cum</span> <span class='ocrx_word' id='word_1_105' title='bbox 211 1994 256 2080; x_wconf 80' lang='lat' dir='ltr'>p]</span> <span class='ocrx_word' id='word_1_106' title='bbox 268 2014 321 2057; x_wconf 89' lang='lat' dir='ltr'>vos</span> <span class='ocrx_word' id='word_1_107' title='bbox 335 1996 373 2058; x_wconf 91' lang='lat' dir='ltr'>ad</span> <span class='ocrx_word' id='word_1_108' title='bbox 385 1995 442 2058; x_wconf 91' lang='lat' dir='ltr'>hoe</span> <span class='ocrx_word' id='word_1_109' title='bbox 456 2001 547 2059; x_wconf 89' lang='lat' dir='ltr'>cunct</span> <span class='ocrx_word' id='word_1_110' title='bbox 548 1995 574 2057; x_wconf 92' lang='lat' dir='ltr'>is</span> <span class='ocrx_word' id='word_1_111' title='bbox 590 1995 778 2078; x_wconf 87' lang='lat' dir='ltr'>postpositis,</span> <span class='ocrx_word' id='word_1_112' title='bbox 792 2001 826 2059; x_wconf 92' lang='lat' dir='ltr'>ut</span> <span class='ocrx_word' id='word_1_113' title='bbox 842 1995 985 2067; x_wconf 87' lang='lat' dir='ltr'>creditur,</span> <span class='ocrx_word' id='word_1_114' title='bbox 1002 1995 1058 2059; x_wconf 94' lang='lat' dir='ltr'>sub</span> <span class='ocrx_word' id='word_1_115' title='bbox 1074 1995 1227 2078; x_wconf 90' lang='lat' dir='ltr'>religionis</span> 
     </span>
    </p>

    <p class='ocr_par' dir='ltr' id='par_1_9' title="bbox 63 2103 1228 2188">
     <span class='ocr_line' id='line_1_16' title="bbox 63 2103 1228 2188; baseline 0.009 -29"><span class='ocrx_word' id='word_1_116' title='bbox 63 2117 128 2164; x_wconf 90' lang='lat' dir='ltr'>sacre</span> <span class='ocrx_word' id='word_1_117' title='bbox 148 2103 251 2168; x_wconf 86' lang='lat' dir='ltr'>babitu</span> <span class='ocrx_word' id='word_1_118' title='bbox 274 2105 422 2168; x_wconf 88' lang='lat' dir='ltr'>conditori</span> <span class='ocrx_word' id='word_1_119' title='bbox 439 2105 570 2169; x_wconf 91' lang='lat' dir='ltr'>omnium</span> <span class='ocrx_word' id='word_1_120' title='bbox 587 2104 738 2188; x_wconf 83' lang='lat' dir='ltr'>elegeritis</span> <span class='ocrx_word' id='word_1_121' title='bbox 754 2105 867 2186; x_wconf 90' lang='lat' dir='ltr'>iugiter</span> <span class='ocrx_word' id='word_1_122' title='bbox 887 2105 1034 2177; x_wconf 90' lang='lat' dir='ltr'>famulari,</span> <span class='ocrx_word' id='word_1_123' title='bbox 1050 2111 1084 2168; x_wconf 90' lang='lat' dir='ltr'>ut</span> <span class='ocrx_word' id='word_1_124' title='bbox 1104 2107 1228 2188; x_wconf 90' lang='lat' dir='ltr'>possitis</span> 
     </span>
    </p>

    <p class='ocr_par' dir='ltr' id='par_1_10' title="bbox 30 2211 1230 2304">
     <span class='ocr_line' id='line_1_17' title="bbox 30 2211 1230 2304; baseline 0.003 -32"><span class='ocrx_word' id='word_1_125' title='bbox 30 2263 32 2304; x_wconf 30' lang='grc' dir='ltr'>ἱ</span> <span class='ocrx_word' id='word_1_126' title='bbox 61 2211 172 2287; x_wconf 81' lang='lat' dir='ltr'>graciam</span> <span class='ocrx_word' id='word_1_127' title='bbox 191 2213 349 2296; x_wconf 89' lang='lat' dir='ltr'>consequi,</span> <span class='ocrx_word' id='word_1_128' title='bbox 367 2212 561 2296; x_wconf 88' lang='lat' dir='ltr'>sequentibus</span> <span class='ocrx_word' id='word_1_129' title='bbox 578 2213 776 2296; x_wconf 88' lang='lat' dir='ltr'>redemptoris</span> <span class='ocrx_word' id='word_1_130' title='bbox 793 2213 921 2294; x_wconf 87' lang='lat' dir='ltr'>vestigia</span> <span class='ocrx_word' id='word_1_131' title='bbox 941 2219 1136 2286; x_wconf 85' lang='lat' dir='ltr'>reservatam,</span> <span class='ocrx_word' id='word_1_132' title='bbox 1157 2213 1230 2277; x_wconf 92' lang='lat' dir='ltr'>illud</span> 
     </span>
    </p>

    <p class='ocr_par' dir='ltr' id='par_1_11' title="bbox 30 2304 1228 2406">
     <span class='ocr_line' id='line_1_18' title="bbox 30 2304 1228 2406; baseline 0.007 -29"><span class='ocrx_word' id='word_1_133' title='bbox 30 2309 32 2354; x_wconf 78' lang='lat' dir='ltr'>t</span> <span class='ocrx_word' id='word_1_134' title='bbox 58 2326 173 2401; x_wconf 91' lang='lat' dir='ltr'>prompta</span> <span class='ocrx_word' id='word_1_135' title='bbox 190 2322 310 2387; x_wconf 89' lang='lat' dir='ltr'>debetis</span> <span class='ocrx_word' id='word_1_136' title='bbox 326 2323 477 2386; x_wconf 89' lang='lat' dir='ltr'>voluntate</span> <span class='ocrx_word' id='word_1_137' title='bbox 494 2321 651 2405; x_wconf 88' lang='lat' dir='ltr'>perficere,</span> <span class='ocrx_word' id='word_1_138' title='bbox 669 2323 750 2406; x_wconf 89' lang='lat' dir='ltr'>quod</span> <span class='ocrx_word' id='word_1_139' title='bbox 765 2323 814 2385; x_wconf 93' lang='lat' dir='ltr'>illa</span> <span class='ocrx_word' id='word_1_140' title='bbox 829 2321 914 2384; x_wconf 92' lang='lat' dir='ltr'>vobis</span> <span class='ocrx_word' id='word_1_141' title='bbox 931 2328 1085 2404; x_wconf 87' lang='lat' dir='ltr'>prestante</span> <span class='ocrx_word' id='word_1_142' title='bbox 1100 2304 1228 2387; x_wconf 85' lang='lat' dir='ltr'>Domino</span> 
     </span>
    </p>
   </div>
   <div class='ocr_carea' id='block_1_5' title="bbox 30 2373 512 2520">
    <p class='ocr_par' dir='ltr' id='par_1_12' title="bbox 30 2373 512 2528">
     <span class='ocr_line' id='line_1_19' title="bbox 30 2373 512 2520; baseline 0.023 -37"><span class='ocrx_word' id='word_1_143' title='bbox 30 2373 34 2520; x_wconf 64' lang='grc' dir='ltr'>Ι</span> <span class='ocrx_word' id='word_1_144' title='bbox 58 2425 138 2490; x_wconf 88' lang='lat' dir='ltr'>valeat</span> <span class='ocrx_word' id='word_1_145' title='bbox 151 2430 189 2515; x_wconf 83' lang='lat' dir='ltr'>le)</span> <span class='ocrx_word' id='word_1_146' title='bbox 205 2431 326 2495; x_wconf 80' lang='lat' dir='ltr'>facilius</span> <span class='ocrx_word' id='word_1_147' title='bbox 343 2431 512 2513; x_wconf 89' lang='lat' dir='ltr'>provenire.</span> 
     </span>
    </p>
   </div>
   <div class='ocr_carea' id='block_1_6' title="bbox 30 2537 1230 3246">
    <p class='ocr_par' dir='ltr' id='par_1_13' title="bbox 30 2531 1230 3246">
     <span class='ocr_line' id='line_1_20' title="bbox 134 2537 1228 2610; baseline 0.001 -19.913"><span class='ocrx_word' id='word_1_148' title='bbox 134 2537 167 2606; x_wconf 84' lang='lat' dir='ltr'>a)</span> <span class='ocrx_word' id='word_1_149' title='bbox 186 2539 363 2608; x_wconf 84' lang='lat' dir='ltr'>perversitate</span> <span class='ocrx_word' id='word_1_150' title='bbox 383 2557 524 2610; x_wconf 81' lang='lat' dir='ltr'>pravorum</span> <span class='ocrx_word' id='word_1_151' title='bbox 544 2541 571 2596; x_wconf 84' lang='lat' dir='ltr'>Z.</span> <span class='ocrx_word' id='word_1_152' title='bbox 588 2573 618 2583; x_wconf 88' lang='lat'>-</span> <span class='ocrx_word' id='word_1_153' title='bbox 633 2541 664 2608; x_wconf 84' lang='lat' dir='ltr'>t)</span> <span class='ocrx_word' id='word_1_154' title='bbox 681 2541 862 2594; x_wconf 83' lang='lat' dir='ltr'>retractentur</span> <span class='ocrx_word' id='word_1_155' title='bbox 878 2541 906 2593; x_wconf 80' lang='grc' dir='ltr'>Ζ.</span> <span class='ocrx_word' id='word_1_156' title='bbox 921 2540 998 2607; x_wconf 86' lang='lat' dir='ltr'>-c)</span> <span class='ocrx_word' id='word_1_157' title='bbox 1018 2540 1052 2594; x_wconf 91' lang='lat' dir='ltr'>ad</span> <span class='ocrx_word' id='word_1_158' title='bbox 1070 2539 1138 2592; x_wconf 88' lang='lat' dir='ltr'>idem</span> <span class='ocrx_word' id='word_1_159' title='bbox 1151 2539 1178 2593; x_wconf 86' lang='lat' dir='ltr'>Z.</span> <span class='ocrx_word' id='word_1_160' title='bbox 1195 2569 1228 2580; x_wconf 70' lang='grc'>«-</span> 
     </span>
     <span class='ocr_line' id='line_1_21' title="bbox 58 2624 1229 2702; baseline 0.006 -22.837"><span class='ocrx_word' id='word_1_161' title='bbox 58 2624 153 2691; x_wconf 71' lang='lat' dir='ltr'>dlltem</span> <span class='ocrx_word' id='word_1_162' title='bbox 171 2631 299 2684; x_wconf 76' lang='lat' dir='ltr'>aelidem.</span> <span class='ocrx_word' id='word_1_163' title='bbox 323 2629 359 2684; x_wconf 86' lang='lat' dir='ltr'>Ut</span> <span class='ocrx_word' id='word_1_164' title='bbox 379 2631 413 2684; x_wconf 88' lang='lat' dir='ltr'>ad</span> <span class='ocrx_word' id='word_1_165' title='bbox 435 2637 528 2685; x_wconf 83' lang='lat' dir='ltr'>nostra</span> <span class='ocrx_word' id='word_1_166' title='bbox 550 2631 718 2702; x_wconf 75' lang='lat' dir='ltr'>posteritatis</span> <span class='ocrx_word' id='word_1_167' title='bbox 740 2631 865 2686; x_wconf 87' lang='lat' dir='ltr'>noticiam</span> <span class='ocrx_word' id='word_1_168' title='bbox 888 2645 942 2702; x_wconf 81' lang='lat' dir='ltr'>qne</span> <span class='ocrx_word' id='word_1_169' title='bbox 965 2636 1094 2702; x_wconf 80' lang='lat' dir='ltr'>geruntur</span> <span class='ocrx_word' id='word_1_170' title='bbox 1116 2631 1229 2686; x_wconf 82' lang='lat' dir='ltr'>anobis</span> 
     </span>
     <span class='ocr_line' id='line_1_22' title="bbox 57 2717 1230 2793; baseline 0.005 -22.865"><span class='ocrx_word' id='word_1_171' title='bbox 57 2717 149 2786; x_wconf 78' lang='lat' dir='ltr'>negocia</span> <span class='ocrx_word' id='word_1_172' title='bbox 185 2724 303 2778; x_wconf 86' lang='lat' dir='ltr'>certiora</span> <span class='ocrx_word' id='word_1_173' title='bbox 340 2723 508 2793; x_wconf 83' lang='lat' dir='ltr'>perveniant,</span> <span class='ocrx_word' id='word_1_174' title='bbox 549 2722 685 2778; x_wconf 85' lang='lat' dir='ltr'>literarum</span> <span class='ocrx_word' id='word_1_175' title='bbox 714 2740 744 2776; x_wconf 86' lang='lat' dir='ltr'>ca</span> <span class='ocrx_word' id='word_1_176' title='bbox 772 2722 898 2776; x_wconf 90' lang='lat' dir='ltr'>memorie</span> <span class='ocrx_word' id='word_1_177' title='bbox 937 2722 1165 2785; x_wconf 78' lang='lat' dir='ltr'>commendamus,</span> <span class='ocrx_word' id='word_1_178' title='bbox 1200 2723 1230 2776; x_wconf 83' lang='lat' dir='ltr'>ut</span> 
     </span>
     <span class='ocr_line' id='line_1_23' title="bbox 57 2810 1229 2884; baseline 0.007 -24"><span class='ocrx_word' id='word_1_179' title='bbox 57 2810 138 2864; x_wconf 89' lang='lat' dir='ltr'>nostris</span> <span class='ocrx_word' id='word_1_180' title='bbox 159 2813 326 2884; x_wconf 83' lang='lat' dir='ltr'>temporibus</span> <span class='ocrx_word' id='word_1_181' title='bbox 348 2814 470 2868; x_wconf 89' lang='lat' dir='ltr'>instituta</span> <span class='ocrx_word' id='word_1_182' title='bbox 492 2813 611 2868; x_wconf 84' lang='lat' dir='ltr'>feliciter</span> <span class='ocrx_word' id='word_1_183' title='bbox 634 2815 662 2866; x_wconf 90' lang='lat' dir='ltr'>et</span> <span class='ocrx_word' id='word_1_184' title='bbox 679 2813 805 2884; x_wconf 86' lang='lat' dir='ltr'>prudenti</span> <span class='ocrx_word' id='word_1_185' title='bbox 827 2813 937 2868; x_wconf 90' lang='lat' dir='ltr'>consilio</span> <span class='ocrx_word' id='word_1_186' title='bbox 957 2813 1130 2876; x_wconf 86' lang='lat' dir='ltr'>confirmata,</span> <span class='ocrx_word' id='word_1_187' title='bbox 1153 2819 1229 2868; x_wconf 87' lang='lat' dir='ltr'>certa</span> 
     </span>
     <span class='ocr_line' id='line_1_24' title="bbox 56 2899 1228 2975; baseline 0.003 -23"><span class='ocrx_word' id='word_1_188' title='bbox 56 2899 151 2966; x_wconf 79' lang='lat' dir='ltr'>quadam</span> <span class='ocrx_word' id='word_1_189' title='bbox 164 2903 266 2957; x_wconf 84' lang='lat' dir='ltr'>noticia</span> <span class='ocrx_word' id='word_1_190' title='bbox 280 2907 462 2975; x_wconf 79' lang='lat' dir='ltr'>propagentur</span> <span class='ocrx_word' id='word_1_191' title='bbox 474 2903 499 2956; x_wconf 92' lang='lat' dir='ltr'>in</span> <span class='ocrx_word' id='word_1_192' title='bbox 513 2908 653 2974; x_wconf 86' lang='lat' dir='ltr'>posteros,</span> <span class='ocrx_word' id='word_1_193' title='bbox 675 2906 703 2956; x_wconf 89' lang='lat' dir='ltr'>et</span> <span class='ocrx_word' id='word_1_194' title='bbox 715 2919 747 2956; x_wconf 88' lang='lat' dir='ltr'>ne</span> <span class='ocrx_word' id='word_1_195' title='bbox 760 2903 837 2973; x_wconf 89' lang='lat' dir='ltr'>lapsu</span> <span class='ocrx_word' id='word_1_196' title='bbox 851 2903 981 2974; x_wconf 87' lang='lat' dir='ltr'>temporis</span> <span class='ocrx_word' id='word_1_197' title='bbox 995 2920 1010 2957; x_wconf 87' lang='lat' dir='ltr'>a</span> <span class='ocrx_word' id='word_1_198' title='bbox 1023 2906 1114 2958; x_wconf 87' lang='lat' dir='ltr'>nestra</span> <span class='ocrx_word' id='word_1_199' title='bbox 1126 2921 1228 2956; x_wconf 89' lang='lat' dir='ltr'>memo·</span> 
     </span>
     <span class='ocr_line' id='line_1_25' title="bbox 30 2988 1228 3066; baseline 0.004 -24"><span class='ocrx_word' id='word_1_200' title='bbox 30 3013 31 3016; x_wconf 42' lang='lat'>¹</span> <span class='ocrx_word' id='word_1_201' title='bbox 57 2988 148 3062; x_wconf 75' lang='lat' dir='ltr'>dapar</span> <span class='ocrx_word' id='word_1_202' title='bbox 170 2997 256 3048; x_wconf 86' lang='lat' dir='ltr'>ortam</span> <span class='ocrx_word' id='word_1_203' title='bbox 284 2995 422 3047; x_wconf 87' lang='lat' dir='ltr'>oblivionis</span> <span class='ocrx_word' id='word_1_204' title='bbox 451 2996 627 3066; x_wconf 85' lang='lat' dir='ltr'>calumpniam</span> <span class='ocrx_word' id='word_1_205' title='bbox 657 2997 831 3056; x_wconf 85' lang='lat' dir='ltr'>evanescant,</span> <span class='ocrx_word' id='word_1_206' title='bbox 857 2993 991 3047; x_wconf 90' lang='lat' dir='ltr'>literarum</span> <span class='ocrx_word' id='word_1_207' title='bbox 1013 2994 1100 3047; x_wconf 80' lang='lat' dir='ltr'>solent</span> <span class='ocrx_word' id='word_1_208' title='bbox 1121 2992 1228 3048; x_wconf 83' lang='lat' dir='ltr'>indiciis</span> 
     </span>
     <span class='ocr_line' id='line_1_26' title="bbox 30 3069 1229 3154; baseline 0.006 -23"><span class='ocrx_word' id='word_1_209' title='bbox 30 3069 31 3074; x_wconf 32' lang='lat'>¹</span> <span class='ocrx_word' id='word_1_210' title='bbox 56 3081 153 3137; x_wconf 83' lang='lat' dir='ltr'>eternrri</span> <span class='ocrx_word' id='word_1_211' title='bbox 166 3083 194 3137; x_wconf 85' lang='grc' dir='ltr'>Ζ.</span> <span class='ocrx_word' id='word_1_212' title='bbox 224 3114 259 3124; x_wconf 91' lang='grc'><strong>-</strong></span> <span class='ocrx_word' id='word_1_213' title='bbox 283 3085 314 3154; x_wconf 84' lang='lat' dir='ltr'>e)</span> <span class='ocrx_word' id='word_1_214' title='bbox 330 3087 394 3138; x_wconf 90' lang='lat' dir='ltr'>ltem</span> <span class='ocrx_word' id='word_1_215' title='bbox 407 3085 442 3138; x_wconf 90' lang='lat' dir='ltr'>ad</span> <span class='ocrx_word' id='word_1_216' title='bbox 456 3085 533 3138; x_wconf 86' lang='lat' dir='ltr'>idam.</span> <span class='ocrx_word' id='word_1_217' title='bbox 560 3085 636 3138; x_wconf 86' lang='lat' dir='ltr'>Licet</span> <span class='ocrx_word' id='word_1_218' title='bbox 659 3086 724 3139; x_wconf 89' lang='lat' dir='ltr'>ordo</span> <span class='ocrx_word' id='word_1_219' title='bbox 738 3083 801 3137; x_wconf 90' lang='lat' dir='ltr'>iuris</span> <span class='ocrx_word' id='word_1_220' title='bbox 819 3085 846 3137; x_wconf 91' lang='lat' dir='ltr'>in</span> <span class='ocrx_word' id='word_1_221' title='bbox 865 3083 932 3137; x_wconf 90' lang='lat' dir='ltr'>libra</span> <span class='ocrx_word' id='word_1_222' title='bbox 948 3085 1094 3138; x_wconf 76' lang='lat' dir='ltr'>trutinatur</span> <span class='ocrx_word' id='word_1_223' title='bbox 1109 3085 1178 3138; x_wconf 87' lang='lat' dir='ltr'>adeo</span> <span class='ocrx_word' id='word_1_224' title='bbox 1192 3085 1229 3138; x_wconf 86' lang='lat' dir='ltr'>sit</span> 
     </span>
     <span class='ocr_line' id='line_1_27' title="bbox 60 3171 1228 3246; baseline 0.007 -26"><span class='ocrx_word' id='word_1_225' title='bbox 60 3171 163 3227; x_wconf 83' lang='lat' dir='ltr'>subditus</span> <span class='ocrx_word' id='word_1_226' title='bbox 181 3175 284 3229; x_wconf 91' lang='lat' dir='ltr'>iudicio</span> <span class='ocrx_word' id='word_1_227' title='bbox 303 3177 432 3239; x_wconf 86' lang='lat' dir='ltr'>racionis,</span> <span class='ocrx_word' id='word_1_228' title='bbox 451 3177 523 3246; x_wconf 91' lang='lat' dir='ltr'>quod</span> <span class='ocrx_word' id='word_1_229' title='bbox 542 3193 574 3228; x_wconf 85' lang='lat' dir='ltr'>ex</span> <span class='ocrx_word' id='word_1_230' title='bbox 592 3177 650 3246; x_wconf 90' lang='lat' dir='ltr'>ipso</span> <span class='ocrx_word' id='word_1_231' title='bbox 669 3191 798 3246; x_wconf 88' lang='lat' dir='ltr'>processu</span> <span class='ocrx_word' id='word_1_232' title='bbox 814 3176 881 3230; x_wconf 83' lang='lat' dir='ltr'>iuria</span> <span class='ocrx_word' id='word_1_233' title='bbox 900 3176 949 3229; x_wconf 88' lang='lat' dir='ltr'>sibi</span> <span class='ocrx_word' id='word_1_234' title='bbox 969 3179 1107 3229; x_wconf 86' lang='lat' dir='ltr'>accrescat</span> <span class='ocrx_word' id='word_1_235' title='bbox 1122 3175 1228 3238; x_wconf 88' lang='lat' dir='ltr'>laveris,</span> 
     </span>
    </p>
   </div>
   <div class='ocr_carea' id='block_1_7' title="bbox 30 1229 920 1708">
    <p class='ocr_par' dir='ltr' id='par_1_14' title="bbox 30 1229 920 1750">
     <span class='ocr_line' id='line_1_28' title="bbox 30 1229 76 1302; baseline 0 -8"><span class='ocrx_word' id='word_1_236' title='bbox 30 1229 76 1302; x_wconf 71' lang='lat' dir='ltr'>la</span> 
     </span>
     <span class='ocr_line' id='line_1_29' title="bbox 30 1297 91 1436; baseline 0 0"><span class='ocrx_word' id='word_1_237' title='bbox 30 1297 91 1436; x_wconf 81' lang='lat' dir='ltr'>lu</span> 
     </span>
     <span class='ocr_line' id='line_1_30' title="bbox 332 1477 920 1562; baseline -0.003 -20.018"><span class='ocrx_word' id='word_1_238' title='bbox 332 1477 513 1562; x_wconf 63' lang='lat' dir='ltr'>ltnordlaffi</span> <span class='ocrx_word' id='word_1_239' title='bbox 530 1482 566 1544; x_wconf 88' lang='lat' dir='ltr'>de</span> <span class='ocrx_word' id='word_1_240' title='bbox 584 1483 762 1546; x_wconf 80' lang='lat' dir='ltr'>execuolone</span> <span class='ocrx_word' id='word_1_241' title='bbox 778 1486 920 1545; x_wconf 87' lang='lat' dir='ltr'>votorum.</span> 
     </span>
     <span class='ocr_line' id='line_1_31' title="bbox 30 1623 32 1708; baseline 0 42"><span class='ocrx_word' id='word_1_242' title='bbox 30 1623 32 1708; x_wconf 83' lang='lat' dir='ltr'>t</span> 
     </span>
    </p>
   </div>
   <div class='ocr_carea' id='block_1_8' title="bbox 49 3263 1278 4610">
    <p class='ocr_par' dir='ltr' id='par_1_15' title="bbox 53 3263 1229 3703">
     <span class='ocr_line' id='line_1_32' title="bbox 58 3263 1229 3342; baseline 0.005 -31"><span class='ocrx_word' id='word_1_243' title='bbox 58 3268 76 3312; x_wconf 84' lang='lat' dir='ltr'>et</span> <span class='ocrx_word' id='word_1_244' title='bbox 88 3263 165 3318; x_wconf 89' lang='lat' dir='ltr'>robur</span> <span class='ocrx_word' id='word_1_245' title='bbox 184 3269 320 3337; x_wconf 87' lang='lat' dir='ltr'>perpetue</span> <span class='ocrx_word' id='word_1_246' title='bbox 338 3265 530 3336; x_wconf 89' lang='lat' dir='ltr'>quodammodo</span> <span class='ocrx_word' id='word_1_247' title='bbox 549 3267 667 3342; x_wconf 76' lang='lat' dir='ltr'>attrahat</span> <span class='ocrx_word' id='word_1_248' title='bbox 683 3266 830 3330; x_wconf 85' lang='lat' dir='ltr'>firmitatis,</span> <span class='ocrx_word' id='word_1_249' title='bbox 843 3267 906 3337; x_wconf 85' lang='lat' dir='ltr'>quia</span> <span class='ocrx_word' id='word_1_250' title='bbox 918 3270 1007 3322; x_wconf 90' lang='lat' dir='ltr'>tameo</span> <span class='ocrx_word' id='word_1_251' title='bbox 1025 3283 1087 3322; x_wconf 82' lang='lat' dir='ltr'>raro</span> <span class='ocrx_word' id='word_1_252' title='bbox 1101 3269 1142 3320; x_wconf 86' lang='lat' dir='ltr'>est</span> <span class='ocrx_word' id='word_1_253' title='bbox 1156 3267 1229 3335; x_wconf 87' lang='lat' dir='ltr'>quod</span> 
     </span>
     <span class='ocr_line' id='line_1_33' title="bbox 56 3352 1229 3428; baseline 0.006 -26"><span class='ocrx_word' id='word_1_254' title='bbox 56 3352 157 3412; x_wconf 78' lang='lat' dir='ltr'>subverti</span> <span class='ocrx_word' id='word_1_255' title='bbox 177 3375 230 3411; x_wconf 91' lang='lat' dir='ltr'>non</span> <span class='ocrx_word' id='word_1_256' title='bbox 251 3357 350 3428; x_wconf 88' lang='lat' dir='ltr'>possit,</span> <span class='ocrx_word' id='word_1_257' title='bbox 383 3361 411 3412; x_wconf 87' lang='lat' dir='ltr'>et</span> <span class='ocrx_word' id='word_1_258' title='bbox 427 3357 591 3426; x_wconf 82' lang='lat' dir='ltr'>litigatorum</span> <span class='ocrx_word' id='word_1_259' title='bbox 610 3358 771 3427; x_wconf 86' lang='lat' dir='ltr'>improbitas,</span> <span class='ocrx_word' id='word_1_260' title='bbox 786 3359 913 3417; x_wconf 81' lang='lat' dir='ltr'>adversus</span> <span class='ocrx_word' id='word_1_261' title='bbox 931 3358 1088 3426; x_wconf 85' lang='lat' dir='ltr'>religionem</span> <span class='ocrx_word' id='word_1_262' title='bbox 1109 3356 1229 3412; x_wconf 87' lang='lat' dir='ltr'>veritatis</span> 
     </span>
     <span class='ocr_line' id='line_1_34' title="bbox 56 3443 1229 3520; baseline 0.007 -28"><span class='ocrx_word' id='word_1_263' title='bbox 56 3443 138 3500; x_wconf 85' lang='lat' dir='ltr'>temore</span> <span class='ocrx_word' id='word_1_264' title='bbox 158 3449 185 3501; x_wconf 84' lang='lat' dir='ltr'>et</span> <span class='ocrx_word' id='word_1_265' title='bbox 198 3447 327 3502; x_wconf 87' lang='lat' dir='ltr'>infrenitc</span> <span class='ocrx_word' id='word_1_266' title='bbox 345 3465 533 3520; x_wconf 85' lang='lat' dir='ltr'>prorumpens,</span> <span class='ocrx_word' id='word_1_267' title='bbox 547 3449 660 3502; x_wconf 86' lang='lat' dir='ltr'>diversis</span> <span class='ocrx_word' id='word_1_268' title='bbox 674 3450 787 3504; x_wconf 88' lang='lat' dir='ltr'>fallaciis</span> <span class='ocrx_word' id='word_1_269' title='bbox 801 3454 829 3502; x_wconf 88' lang='lat' dir='ltr'>et</span> <span class='ocrx_word' id='word_1_270' title='bbox 842 3449 996 3502; x_wconf 86' lang='lat' dir='ltr'>commentis</span> <span class='ocrx_word' id='word_1_271' title='bbox 1015 3448 1092 3501; x_wconf 89' lang='lat' dir='ltr'>variis</span> <span class='ocrx_word' id='word_1_272' title='bbox 1106 3447 1229 3501; x_wconf 88' lang='lat' dir='ltr'>obductis</span> 
     </span>
     <span class='ocr_line' id='line_1_35' title="bbox 53 3540 1229 3610; baseline 0.003 -22"><span class='ocrx_word' id='word_1_273' title='bbox 53 3547 129 3588; x_wconf 71' lang='lat' dir='ltr'>torem</span> <span class='ocrx_word' id='word_1_274' title='bbox 146 3554 272 3593; x_wconf 88' lang='lat' dir='ltr'>serenam</span> <span class='ocrx_word' id='word_1_275' title='bbox 290 3541 422 3594; x_wconf 89' lang='lat' dir='ltr'>interdum</span> <span class='ocrx_word' id='word_1_276' title='bbox 443 3540 541 3610; x_wconf 90' lang='lat' dir='ltr'>polluit</span> <span class='ocrx_word' id='word_1_277' title='bbox 559 3540 707 3593; x_wconf 86' lang='lat' dir='ltr'>auditorum</span> <span class='ocrx_word' id='word_1_278' title='bbox 729 3541 915 3605; x_wconf 90' lang='lat' dir='ltr'>bumanorum,</span> <span class='ocrx_word' id='word_1_279' title='bbox 936 3555 1109 3610; x_wconf 88' lang='lat' dir='ltr'>processuum</span> <span class='ocrx_word' id='word_1_280' title='bbox 1124 3542 1151 3590; x_wconf 89' lang='lat' dir='ltr'>ct</span> <span class='ocrx_word' id='word_1_281' title='bbox 1163 3555 1229 3592; x_wconf 90' lang='lat' dir='ltr'>con·</span> 
     </span>
     <span class='ocr_line' id='line_1_36' title="bbox 53 3623 935 3703; baseline 0.009 -28"><span class='ocrx_word' id='word_1_282' title='bbox 53 3623 171 3683; x_wconf 83' lang='lat' dir='ltr'>tractuum</span> <span class='ocrx_word' id='word_1_283' title='bbox 186 3633 331 3700; x_wconf 86' lang='lat' dir='ltr'>qualitates</span> <span class='ocrx_word' id='word_1_284' title='bbox 344 3632 480 3684; x_wconf 88' lang='lat' dir='ltr'>literarum</span> <span class='ocrx_word' id='word_1_285' title='bbox 493 3638 554 3684; x_wconf 89' lang='lat' dir='ltr'>sunt</span> <span class='ocrx_word' id='word_1_286' title='bbox 566 3631 716 3685; x_wconf 87' lang='lat' dir='ltr'>testimonio</span> <span class='ocrx_word' id='word_1_287' title='bbox 729 3630 898 3703; x_wconf 80' lang='lat' dir='ltr'>publicando</span> <span class='ocrx_word' id='word_1_288' title='bbox 908 3631 935 3683; x_wconf 86' lang='lat' dir='ltr'>Z.</span> 
     </span>
    </p>

    <p class='ocr_par' dir='ltr' id='par_1_16' title="bbox 49 3719 1278 4610">
     <span class='ocr_line' id='line_1_37' title="bbox 129 3719 1230 3794; baseline -0.003 -19"><span class='ocrx_word' id='word_1_289' title='bbox 129 3721 195 3776; x_wconf 90' lang='lat' dir='ltr'>ltem</span> <span class='ocrx_word' id='word_1_290' title='bbox 218 3723 254 3778; x_wconf 89' lang='lat' dir='ltr'>ad</span> <span class='ocrx_word' id='word_1_291' title='bbox 275 3723 352 3778; x_wconf 88' lang='lat' dir='ltr'>idern</span> <span class='ocrx_word' id='word_1_292' title='bbox 384 3725 449 3790; x_wconf 78' lang='lat' dir='ltr'>Quia</span> <span class='ocrx_word' id='word_1_293' title='bbox 477 3723 616 3778; x_wconf 87' lang='lat' dir='ltr'>consilium</span> <span class='ocrx_word' id='word_1_294' title='bbox 638 3722 776 3794; x_wconf 88' lang='lat' dir='ltr'>sapientis,</span> <span class='ocrx_word' id='word_1_295' title='bbox 805 3722 1106 3793; x_wconf 87' lang='lat' dir='ltr'>divinitusinspiratum,</span> <span class='ocrx_word' id='word_1_296' title='bbox 1128 3719 1230 3773; x_wconf 88' lang='lat' dir='ltr'>caduca</span> 
     </span>
     <span class='ocr_line' id='line_1_38' title="bbox 53 3803 1255 3889; baseline 0.004 -29"><span class='ocrx_word' id='word_1_297' title='bbox 53 3803 171 3868; x_wconf 83' lang='lat' dir='ltr'>hominum</span> <span class='ocrx_word' id='word_1_298' title='bbox 194 3814 343 3889; x_wconf 85' lang='lat' dir='ltr'>fragilitas</span> <span class='ocrx_word' id='word_1_299' title='bbox 360 3831 408 3870; x_wconf 91' lang='lat' dir='ltr'>nec</span> <span class='ocrx_word' id='word_1_300' title='bbox 431 3818 542 3886; x_wconf 86' lang='lat' dir='ltr'>caperet</span> <span class='ocrx_word' id='word_1_301' title='bbox 564 3831 613 3869; x_wconf 85' lang='lat' dir='ltr'>nec</span> <span class='ocrx_word' id='word_1_302' title='bbox 635 3818 752 3877; x_wconf 87' lang='lat' dir='ltr'>teneret,</span> <span class='ocrx_word' id='word_1_303' title='bbox 778 3814 828 3868; x_wconf 85' lang='lat' dir='ltr'>crisi</span> <span class='ocrx_word' id='word_1_304' title='bbox 849 3813 875 3866; x_wconf 87' lang='lat' dir='ltr'>io</span> <span class='ocrx_word' id='word_1_305' title='bbox 897 3812 1041 3866; x_wconf 89' lang='lat' dir='ltr'>remedium</span> <span class='ocrx_word' id='word_1_306' title='bbox 1071 3811 1230 3866; x_wconf 82' lang='lat' dir='ltr'>infirmitatis</span> <span class='ocrx_word' id='word_1_307' title='bbox 1252 3873 1255 3878; x_wconf 31' lang='lat'>¹</span> 
     </span>
     <span class='ocr_line' id='line_1_39' title="bbox 52 3899 1231 3975; baseline 0.002 -23"><span class='ocrx_word' id='word_1_308' title='bbox 52 3899 153 3957; x_wconf 84' lang='lat' dir='ltr'>humane</span> <span class='ocrx_word' id='word_1_309' title='bbox 167 3907 309 3960; x_wconf 86' lang='lat' dir='ltr'>literarum</span> <span class='ocrx_word' id='word_1_310' title='bbox 322 3923 396 3960; x_wconf 89' lang='lat' dir='ltr'>usum</span> <span class='ocrx_word' id='word_1_311' title='bbox 407 3907 564 3960; x_wconf 86' lang='lat' dir='ltr'>mortalibus</span> <span class='ocrx_word' id='word_1_312' title='bbox 587 3904 673 3960; x_wconf 84' lang='lat' dir='ltr'>divinar</span> <span class='ocrx_word' id='word_1_313' title='bbox 692 3902 828 3960; x_wconf 88' lang='lat' dir='ltr'>miseracio</span> <span class='ocrx_word' id='word_1_314' title='bbox 839 3902 1006 3975; x_wconf 87' lang='lat' dir='ltr'>inspirasset,</span> <span class='ocrx_word' id='word_1_315' title='bbox 1020 3904 1065 3973; x_wconf 90' lang='lat' dir='ltr'>qui</span> <span class='ocrx_word' id='word_1_316' title='bbox 1079 3901 1231 3956; x_wconf 84' lang='lat' dir='ltr'>esthabere</span> 
     </span>
     <span class='ocr_line' id='line_1_40' title="bbox 52 3993 1230 4066; baseline -0.003 -20"><span class='ocrx_word' id='word_1_317' title='bbox 52 3995 234 4060; x_wconf 84' lang='lat' dir='ltr'>preteritorum</span> <span class='ocrx_word' id='word_1_318' title='bbox 251 3997 418 4056; x_wconf 86' lang='lat' dir='ltr'>memoriam,</span> <span class='ocrx_word' id='word_1_319' title='bbox 439 3997 607 4066; x_wconf 86' lang='lat' dir='ltr'>presencium</span> <span class='ocrx_word' id='word_1_320' title='bbox 626 3994 750 4050; x_wconf 89' lang='lat' dir='ltr'>noticiam</span> <span class='ocrx_word' id='word_1_321' title='bbox 770 3999 796 4048; x_wconf 90' lang='lat' dir='ltr'>et</span> <span class='ocrx_word' id='word_1_322' title='bbox 819 3995 911 4052; x_wconf 91' lang='lat' dir='ltr'>utilem</span> <span class='ocrx_word' id='word_1_323' title='bbox 934 3993 1132 4066; x_wconf 86' lang='lat' dir='ltr'>providenciam</span> <span class='ocrx_word' id='word_1_324' title='bbox 1155 3994 1230 4046; x_wconf 85' lang='lat' dir='ltr'>futo-</span> 
     </span>
     <span class='ocr_line' id='line_1_41' title="bbox 51 4081 1230 4158; baseline -0.012 -11"><span class='ocrx_word' id='word_1_325' title='bbox 51 4097 138 4146; x_wconf 87' lang='lat' dir='ltr'>rorum,</span> <span class='ocrx_word' id='word_1_326' title='bbox 152 4092 180 4154; x_wconf 81' lang='lat' dir='ltr'>et</span> <span class='ocrx_word' id='word_1_327' title='bbox 191 4091 226 4142; x_wconf 91' lang='lat' dir='ltr'>ob</span> <span class='ocrx_word' id='word_1_328' title='bbox 240 4089 292 4142; x_wconf 88' lang='lat' dir='ltr'>hoo</span> <span class='ocrx_word' id='word_1_329' title='bbox 305 4103 349 4140; x_wconf 88' lang='lat' dir='ltr'>res</span> <span class='ocrx_word' id='word_1_330' title='bbox 361 4089 430 4142; x_wconf 87' lang='lat' dir='ltr'>scitu</span> <span class='ocrx_word' id='word_1_331' title='bbox 445 4088 525 4158; x_wconf 90' lang='lat' dir='ltr'>digne</span> <span class='ocrx_word' id='word_1_332' title='bbox 537 4105 589 4140; x_wconf 90' lang='lat' dir='ltr'>non</span> <span class='ocrx_word' id='word_1_333' title='bbox 602 4088 685 4140; x_wconf 91' lang='lat' dir='ltr'>solum</span> <span class='ocrx_word' id='word_1_334' title='bbox 698 4087 826 4157; x_wconf 86' lang='lat' dir='ltr'>periculo,</span> <span class='ocrx_word' id='word_1_335' title='bbox 841 4103 929 4140; x_wconf 89' lang='lat' dir='ltr'>verum</span> <span class='ocrx_word' id='word_1_336' title='bbox 943 4086 1026 4140; x_wconf 90' lang='lat' dir='ltr'>eciam</span> <span class='ocrx_word' id='word_1_337' title='bbox 1039 4081 1230 4138; x_wconf 84' lang='lat' dir='ltr'>irremediabili</span> 
     </span>
     <span class='ocr_line' id='line_1_42' title="bbox 51 4172 1231 4247; baseline 0.002 -21"><span class='ocrx_word' id='word_1_338' title='bbox 51 4177 189 4247; x_wconf 88' lang='lat' dir='ltr'>precipicio</span> <span class='ocrx_word' id='word_1_339' title='bbox 223 4179 403 4242; x_wconf 86' lang='lat' dir='ltr'>subiacerent,</span> <span class='ocrx_word' id='word_1_340' title='bbox 429 4184 456 4232; x_wconf 91' lang='lat' dir='ltr'>et</span> <span class='ocrx_word' id='word_1_341' title='bbox 480 4179 627 4234; x_wconf 84' lang='lat' dir='ltr'>fraudatrix</span> <span class='ocrx_word' id='word_1_342' title='bbox 646 4177 761 4232; x_wconf 85' lang='lat' dir='ltr'>sciencie</span> <span class='ocrx_word' id='word_1_343' title='bbox 783 4183 811 4231; x_wconf 85' lang='lat' dir='ltr'>st</span> <span class='ocrx_word' id='word_1_344' title='bbox 831 4177 955 4232; x_wconf 87' lang='lat' dir='ltr'>memorie</span> <span class='ocrx_word' id='word_1_345' title='bbox 980 4191 1103 4240; x_wconf 89' lang='lat' dir='ltr'>noverca,</span> <span class='ocrx_word' id='word_1_346' title='bbox 1124 4172 1231 4236; x_wconf 90' lang='lat' dir='ltr'>oblivio,</span> 
     </span>
     <span class='ocr_line' id='line_1_43' title="bbox 50 4267 1228 4339; baseline 0 -23"><span class='ocrx_word' id='word_1_347' title='bbox 50 4270 206 4334; x_wconf 84' lang='lat' dir='ltr'>prevaleret,</span> <span class='ocrx_word' id='word_1_348' title='bbox 230 4270 253 4323; x_wconf 90' lang='lat' dir='ltr'>si</span> <span class='ocrx_word' id='word_1_349' title='bbox 269 4286 321 4322; x_wconf 89' lang='lat' dir='ltr'>noo</span> <span class='ocrx_word' id='word_1_350' title='bbox 340 4287 484 4325; x_wconf 77' lang='lat' dir='ltr'>occurrens</span> <span class='ocrx_word' id='word_1_351' title='bbox 499 4287 532 4326; x_wconf 85' lang='lat' dir='ltr'>ex</span> <span class='ocrx_word' id='word_1_352' title='bbox 549 4271 659 4325; x_wconf 87' lang='lat' dir='ltr'>adverso</span> <span class='ocrx_word' id='word_1_353' title='bbox 678 4271 723 4339; x_wconf 83' lang='lat' dir='ltr'>pia</span> <span class='ocrx_word' id='word_1_354' title='bbox 737 4271 898 4339; x_wconf 87' lang='lat' dir='ltr'>scriptorum</span> <span class='ocrx_word' id='word_1_355' title='bbox 917 4267 1068 4322; x_wconf 87' lang='lat' dir='ltr'>sollicitudo</span> <span class='ocrx_word' id='word_1_356' title='bbox 1087 4271 1114 4320; x_wconf 88' lang='lat' dir='ltr'>at</span> <span class='ocrx_word' id='word_1_357' title='bbox 1135 4268 1228 4320; x_wconf 88' lang='lat' dir='ltr'>trium·</span> 
     </span>
     <span class='ocr_line' id='line_1_44' title="bbox 51 4353 1228 4433; baseline 0.001 -25"><span class='ocrx_word' id='word_1_358' title='bbox 51 4356 147 4423; x_wconf 83' lang='lat' dir='ltr'>pluatrix</span> <span class='ocrx_word' id='word_1_359' title='bbox 159 4359 261 4416; x_wconf 81' lang='lat' dir='ltr'>inercie</span> <span class='ocrx_word' id='word_1_360' title='bbox 272 4361 413 4433; x_wconf 84' lang='lat' dir='ltr'>diligencia</span> <span class='ocrx_word' id='word_1_361' title='bbox 427 4365 502 4428; x_wconf 84' lang='lat' dir='ltr'>gesta</span> <span class='ocrx_word' id='word_1_362' title='bbox 516 4362 647 4416; x_wconf 89' lang='lat' dir='ltr'>hominum</span> <span class='ocrx_word' id='word_1_363' title='bbox 662 4353 797 4414; x_wconf 87' lang='lat' dir='ltr'>literarum</span> <span class='ocrx_word' id='word_1_364' title='bbox 811 4359 1043 4414; x_wconf 86' lang='lat' dir='ltr'>demonstraciona</span> <span class='ocrx_word' id='word_1_365' title='bbox 1056 4357 1089 4414; x_wconf 89' lang='lat' dir='ltr'>ad</span> <span class='ocrx_word' id='word_1_366' title='bbox 1103 4355 1228 4428; x_wconf 78' lang='lat' dir='ltr'>posteros</span> 
     </span>
     <span class='ocr_line' id='line_1_45' title="bbox 49 4447 1264 4524; baseline 0.001 -24"><span class='ocrx_word' id='word_1_367' title='bbox 49 4449 238 4506; x_wconf 86' lang='lat' dir='ltr'>transmisisset</span> <span class='ocrx_word' id='word_1_368' title='bbox 247 4453 274 4506; x_wconf 83' lang='lat' dir='ltr'>Z.</span> <span class='ocrx_word' id='word_1_369' title='bbox 289 4484 316 4494; x_wconf 93' lang='lat'>-</span> <span class='ocrx_word' id='word_1_370' title='bbox 329 4452 360 4523; x_wconf 81' lang='lat' dir='ltr'>f)</span> <span class='ocrx_word' id='word_1_371' title='bbox 375 4451 506 4524; x_wconf 88' lang='lat' dir='ltr'>Incipiunt</span> <span class='ocrx_word' id='word_1_372' title='bbox 515 4451 661 4508; x_wconf 89' lang='lat' dir='ltr'>communia</span> <span class='ocrx_word' id='word_1_373' title='bbox 672 4450 780 4508; x_wconf 86' lang='lat' dir='ltr'>exordia</span> <span class='ocrx_word' id='word_1_374' title='bbox 794 4456 845 4506; x_wconf 88' lang='lat' dir='ltr'>ete.</span> <span class='ocrx_word' id='word_1_375' title='bbox 859 4452 887 4504; x_wconf 89' lang='lat' dir='ltr'>Z.</span> <span class='ocrx_word' id='word_1_376' title='bbox 904 4480 932 4490; x_wconf 86' lang='lat'>-</span> <span class='ocrx_word' id='word_1_377' title='bbox 944 4449 979 4520; x_wconf 79' lang='lat' dir='ltr'>p)</span> <span class='ocrx_word' id='word_1_378' title='bbox 992 4449 1059 4505; x_wconf 87' lang='lat' dir='ltr'>ltem</span> <span class='ocrx_word' id='word_1_379' title='bbox 1073 4448 1106 4505; x_wconf 88' lang='lat' dir='ltr'>ad</span> <span class='ocrx_word' id='word_1_380' title='bbox 1121 4447 1190 4502; x_wconf 86' lang='lat' dir='ltr'>idem</span> <span class='ocrx_word' id='word_1_381' title='bbox 1200 4448 1229 4500; x_wconf 85' lang='grc' dir='ltr'>Ζ.</span> <span class='ocrx_word' id='word_1_382' title='bbox 1262 4453 1264 4456; x_wconf 69' lang='lat'>‘</span> 
     </span>
     <span class='ocr_line' id='line_1_46' title="bbox 53 4540 1278 4610; baseline 0.002 -18"><span class='ocrx_word' id='word_1_383' title='bbox 53 4540 127 4610; x_wconf 77' lang='lat' dir='ltr'>—lr)</span> <span class='ocrx_word' id='word_1_384' title='bbox 142 4542 286 4599; x_wconf 80' lang='lat' dir='ltr'>valeantll.</span> <span class='ocrx_word' id='word_1_385' title='bbox 1275 4555 1278 4562; x_wconf 89' lang='lat'>&#39;</span> 
     </span>
    </p>
   </div>
   <div class='ocr_carea' id='block_1_9' title="bbox 0 0 1562 5124">
    <p class='ocr_par' dir='ltr' id='par_1_17' title="bbox 0 0 1562 5124">
     <span class='ocr_line' id='line_1_47' title="bbox 0 0 1562 5124; baseline 0 0"><span class='ocrx_word' id='word_1_386' title='bbox 0 0 1562 5124; x_wconf 95' lang='lat' dir='ltr'> </span> 
     </span>
    </p>
   </div>
  </div>
 </body>
</html>
