3112 5118
1192 324 1269 418 aas

67 493 221 574 passionis
252 515 305 557 sue
331 498 427 577 gessit
454 503 589 581 ternpore
619 496 844 578 triumphalem,
874 501 904 558 et
926 501 959 560 ut
984 494 1094 557 editicii
1123 499 1273 559 structura

68 601 218 682 congruis
235 601 405 667 firmaretur
421 605 687 687 disposicionibus,
704 603 795 667 bases
808 602 840 665 in
853 623 886 664 se
900 602 1046 665 stabilivit
1062 600 1273 666 inviolabiliter

69 708 216 781 stabiles,
249 713 328 774 sacri
356 712 498 776 videlicet
531 711 649 794 imperii
676 712 845 793 principes,
877 710 1081 774 illustracione
1112 710 1272 773 multifaria

70 823 282 881 coruscantes.
321 819 367 882 De
396 839 522 903 quorum
552 819 690 882 nimirum
717 818 906 881 multitudine
933 817 1097 900 imperialis
1126 817 1272 881 celsitudo

68 928 157 986 tanto
186 925 342 988 sublimior
368 926 570 1009 conspicitur,
609 930 719 1009 quanto
753 925 783 988 in
811 924 884 1007 ipsis
912 924 1099 1007 principibus
1131 923 1271 989 firmitate

69 1031 270 1114 perspicabili
281 1032 357 1097 fides
370 1033 493 1097 solidior
505 1033 701 1115 cognoscitur
713 1038 743 1096 et
754 1033 881 1096 uidetur.
898 1033 978 1095 luter
991 1052 1065 1114 quos
1077 1032 1217 1115 princeps
1231 1032 1273 1117 a)

69 1139 251 1203 karissime!
285 1146 316 1203 te
343 1147 484 1222 tanquam
513 1141 700 1221 columpnam
727 1138 899 1202 inmobilem
928 1139 1099 1202 clarescere
1122 1140 1272 1203 cernimus

70 1246 261 1310 sinceritatis
283 1247 468 1329 plenitudine
492 1267 528 1309 ae
550 1247 648 1309 tocius
671 1245 740 1309 fidei
764 1245 904 1328 puritate.
937 1245 1105 1327 Eapropter
1126 1251 1157 1309 te
1181 1247 1273 1310 veluti

71 1353 252 1435 specialiter
265 1354 462 1436 predilectum
476 1354 687 1417 sincerissimis
700 1353 911 1436 prosequimur
928 1353 1122 1434 amplexibus,
1140 1373 1175 1417 ac
1191 1359 1272 1417 tuom

70 1460 262 1532 fidelitatem,
281 1481 338 1543 que
356 1481 476 1543 semper
488 1463 569 1524 circa
583 1480 703 1524 sacrum
720 1461 814 1541 viguit
830 1461 998 1542 imperium,
1016 1461 1271 1531 commendantes,

70 1574 102 1630 te
119 1587 178 1650 pre
197 1569 308 1632 ceteris
325 1571 476 1652 amplioris
493 1569 627 1641 honoris,
643 1573 733 1650 prout
750 1569 909 1641 condecet,
927 1570 1068 1633 extollere
1086 1568 1271 1651 disponimus

69 1677 280 1741 incrementis.
314 1678 555 1742 Transmittimus
583 1678 686 1760 itaque
714 1676 770 1740 tibi
798 1677 896 1739 omnia
923 1678 1030 1749 seoda,
1060 1677 1168 1760 quibus
1195 1684 1228 1742 tu
1255 1699 1272 1741 a

70 1804 164 1847 sacro
181 1784 306 1867 imperio
324 1786 473 1869 quondam
490 1786 627 1849 nosceris
641 1786 679 1872 b)
695 1785 878 1855 inleodatus‚
895 1786 1071 1849 mandantes
1088 1806 1124 1849 ac
1141 1786 1273 1849 auctori-

8 1957 12 1964 ,
66 1897 132 1955 tute
150 1892 356 1974 precipientes
373 1894 458 1975 regia
475 1892 611 1957 omuibus
629 1891 799 1964 comitibus,
821 1892 995 1964 baronibus,
1012 1894 1271 1963 ministerialibus,

67 1999 217 2063 militibus
234 2021 291 2063 nec
308 2022 366 2064 non
383 2002 590 2065 universaliter
607 2002 743 2082 singulis,
761 2001 1015 2064 commorantibus
1032 2003 1130 2066 intuo
1157 2003 1273 2085 princi-

68 2115 163 2190 patu,
181 2114 215 2171 ut
231 2108 286 2170 tibi
303 2110 334 2170 in
351 2110 503 2182 omnibus,
522 2109 628 2191 quibus
646 2109 684 2170 de
701 2109 765 2171 iure
781 2114 939 2181 tenentur,
962 2109 1053 2172 veluti
1071 2116 1173 2173 nostro
1191 2109 1272 2172 fideli

69 2236 106 2278 ac
126 2215 240 2278 dilecto
256 2215 398 2298 principi,
414 2215 543 2279 fideliter
558 2222 684 2298 pareant
701 2221 731 2278 et
747 2216 912 2279 intendant.
946 2217 985 2279 Et
1008 2217 1147 2298 quoniam
1165 2217 1271 2280 emulis

69 2323 192 2406 imperii
209 2329 315 2386 contra
332 2329 363 2387 te
378 2323 410 2388 in
425 2330 581 2406 posterum
597 2323 662 2386 dari
677 2323 789 2404 poterit
804 2323 927 2386 fortuitu
944 2324 1070 2386 materia
1086 2324 1134 2387 vel
1149 2325 1271 2387 occasio

68 2431 271 2513 malignandi,
288 2451 404 2495 exnunc
420 2432 475 2495 tibi
491 2430 692 2513 promittimus
710 2436 810 2507 etnos
828 2431 866 2492 ad
882 2431 941 2494 boc
952 2430 1081 2494 lideliter
1093 2430 1272 2512 obligamus,

70 2539 155 2623 quod
186 2546 293 2603 contra
321 2539 485 2623 quemlibet
511 2545 541 2603 te
570 2544 675 2603 eontra
697 2538 849 2602 iusticiam
872 2539 1080 2624 molestantem
1103 2538 1214 2602 nostris
1237 2558 1274 2601 ac

68 2646 244 2728 principum
266 2654 436 2712 nostrorum
458 2649 572 2712 uiribus
597 2648 715 2711 fortiter
744 2667 780 2710 ae
803 2649 833 2709 in
856 2647 980 2710 brachio
1005 2654 1107 2711 nostre
1133 2649 1274 2730 potencie

69 2775 279 2838 insurgemus.

638 3073 700 3145 25.

414 3212 608 3277 bononorum
633 3232 686 3276 rex
709 3214 825 3276 domino
850 3230 936 3294 pepe.

472 3351 550 3404 1273.
565 3350 690 3406 October.
705 3350 880 3404 araneosurti.

71 3497 97 3548 K
96 3534 103 3547 .
116 3495 227 3564 liudolf
242 3496 310 3567 τεῖρε
325 3498 427 3567 Greyor
441 3498 472 3549 Χ.
490 3495 563 3548 aciae
582 3493 660 3549 chl
671 3513 728 3548 eum
748 3492 898 3548 ro'miecben
913 3495 1012 3565 cho'ye
1026 3513 1060 3548 ao
1074 3495 1131 3548 aod
1141 3495 1214 3548 dittet
1227 3493 1272 3549 ido

530 3604 572 3636 um
586 3584 630 3637 die
641 3584 827 3636 Kaieerlcrooe.

167 3727 308 3791 boehmer,
322 3727 387 3797 Reg.
402 3727 468 3780 Rud.
483 3727 507 3780 1.

166 3870 300 3934 Romano
308 3871 371 3952 jam
384 3871 499 3953 pridem
511 3877 636 3934 vacante
649 3872 786 3952 imperio,
802 3871 1007 3952 principes
1025 3872 1219 3934 electores
1235 3872 1272 3957 ¹),

71 3979 217 4062 quibus
242 3979 278 4040 in
301 3979 454 4042 Romani
479 3981 671 4042 electione
697 3981 800 4061 regis
818 3980 877 4042 ius
895 3980 1079 4061 competit
1103 3979 1147 4041 ab
1174 3980 1272 4042 anti-

170 4106 204 4169 a)
219 4102 353 4173 principes
366 4106 393 4158 Z.
409 4135 441 4142 —
456 4105 487 4172 b)
503 4103 602 4159 nostris
616 4105 644 4157 V.

98 4288 122 4346 ¹)
142 4275 208 4332 liber
225 4287 305 4332 diesen
323 4288 373 4332 bier
390 4292 469 4332 ruerat
486 4287 509 4330 in
527 4289 602 4332 elneus
619 4288 772 4344 kduigliclren
793 4289 920 4333 Subreiben
938 4289 1134 4333 rorlrommcnden
1148 4289 1271 4334 Ausdruclr

136 4370 216 4427 sergi.
234 4369 292 4426 Reg.
311 4370 368 4414 liud.
388 4371 410 4421 l,
428 4369 474 4413 und
491 4371 566 4413 meino
583 4370 736 4426 Ablrnndlung
749 4360 826 4422 „liber
839 4371 876 4415 die
887 4371 997 4415 Ecblhcit
1015 4370 1060 4412 und
1072 4371 1209 4432 seusueunp
1227 4371 1269 4416 der

136 4451 249 4496 Urkunde
268 4450 346 4506 liduig
364 4450 469 4494 aucerre
488 4453 502 4494 l.
522 4449 651 4494 betrad'end
669 4451 706 4494 dle
726 4451 842 4496 bairisolre
860 4455 931 4495 liur.“
945 4452 1166 4510 Sitzuugsbericbte
1184 4452 1225 4494 ild.
1239 4451 1269 4495 21

137 4545 160 4587 p.
183 4531 219 4574 lo.
