3132 5126
732 546 805 600 ουκ
819 544 857 589 ult
871 545 1041 600 procuratio
1057 549 1094 601 a).

812 675 938 720 DIstIuctio
949 675 1004 720 VIII.

403 807 512 870 Notate
530 809 636 880 etiam,
654 809 734 893 quod
751 809 868 893 quando
884 808 915 871 in
931 809 1025 872 literis
1042 810 1199 874 invenietis
1217 811 1274 873 hoc
1291 829 1400 874 nomen
1418 830 1501 893 „pro-

313 914 460 988 curatio“‚
476 935 531 998 per
543 916 613 980 illud
625 917 800 1000 intelligitur
816 937 1016 1002 expensaque
1030 917 1157 982 debetur
1172 918 1280 1001 legatis
1294 918 1406 982 domini
1417 938 1498 1001 pape.

311 1023 420 1104 Legati
437 1024 515 1087 enim
531 1025 641 1089 domini
657 1045 734 1109 pape
749 1032 874 1108 possunt
898 1027 1019 1108 exigere
1041 1046 1058 1089 a
1082 1027 1163 1091 clero
1187 1027 1429 1110 procurationem
1445 1026 1498 1089 sibi

313 1128 445 1194 debitam
466 1131 546 1196 iuxta
562 1134 686 1197 sormam
703 1153 791 1218 quam
808 1133 852 1196 eis
875 1154 952 1216 papa
967 1134 1138 1206 constituit,
1164 1140 1196 1197 ut
1212 1134 1353 1197 videlicet
1373 1133 1410 1197 in
1432 1131 1501 1214 cpi·

312 1245 471 1320 scopatu
492 1241 713 1304 Pataviensi
736 1241 882 1324 accipit
898 1244 998 1306 lorte
1015 1242 1168 1324 legatus
1191 1248 1340 1306 centum
1363 1259 1500 1305 marcas

311 1347 370 1409 vel
385 1348 468 1429 plus
484 1350 542 1412 vel
558 1349 689 1423 minus,
706 1356 737 1413 et
751 1350 801 1413 illa
815 1351 962 1433 peccunIa
977 1357 1101 1414 vocatur
1113 1353 1292 1434 procuratio.
1312 1351 1395 1416 Ordo
1408 1355 1501 1413 autem

311 1459 413 1517 noster
438 1455 578 1521 videlicet
600 1459 801 1542 cystercensis
821 1459 859 1522 ab
875 1460 1043 1524 huiusmodi
1055 1460 1313 1543 procurationibus
1328 1458 1500 1524 omnimodis

310 1567 527 1646 estexemptus‚
541 1568 610 1651 quia
622 1567 692 1631 nulli
704 1567 803 1650 legato
810 1569 989 1632 tenemurad
1001 1568 1249 1632 contributionem
1256 1568 1497 1651 procuratoriam.

404 1672 519 1736 Dantur
535 1675 626 1739 etiam
642 1676 767 1739 maxime
783 1697 800 1738 a
816 1677 953 1758 personis
971 1676 1156 1740 secularibus
1179 1679 1272 1743 litere
1287 1675 1497 1763 disfidooiom‘s

312 1786 344 1844 et
360 1784 611 1849 assecurationis
628 1783 674 1868 l),
707 1785 867 1870 Dr‘flldore
882 1784 1010 1869 aliquem
1022 1805 1077 1868 per
1092 1785 1195 1848 literas
1213 1791 1259 1849 est
1275 1787 1356 1868 parti
1373 1785 1492 1848 adverse

309 1888 452 1971 capitales
481 1891 657 1957 inimicicias
673 1892 811 1966 obicere;
838 1896 976 1981 affidare
991 1903 1092 1958 autem
1108 1900 1138 1958 et
1162 1916 1354 1960 assecurare
1374 1894 1410 1979 ο)
1425 1911 1496 1974 pene

233 1995 241 2012 '
310 1996 390 2060 idem
406 2005 484 2072 sunt,
497 2021 673 2066 assecurare
692 2005 728 2090 ο)
745 2002 894 2066 hominem
910 2009 957 2067 est
972 2009 1087 2067 certum
1104 2024 1172 2067 eum
1187 2003 1327 2074 reddere,
1348 2001 1427 2087 quod
1443 2019 1497 2062 non

311 2105 447 2187 paciatur
463 2110 571 2174 malum
588 2112 708 2196 aliquod
723 2132 777 2195 pro
794 2112 881 2194 culpa
897 2113 1066 2176 commissa·

716 2311 762 2354 no
776 2307 1045 2364 Irregularitattuus
1060 2313 1100 2362 d).

813 2437 940 2482 Blatinctio
951 2437 991 2481 III.

401 2589 475 2653 Item
491 2591 521 2654 in
537 2593 631 2655 literis
648 2610 720 2673 sepe
737 2591 868 2654 occurrit
883 2589 1007 2654 verbum
1031 2589 1273 2671 irregularitatis,
1291 2589 1372 2652 unde
1391 2585 1500 2651 debetis

313 2695 404 2759 etiam
432 2699 510 2762 scire
540 2699 610 2784 quid
639 2699 678 2762 sit
704 2697 920 2780 irregularitas.
963 2699 1171 2780 Irregularitas
1194 2703 1241 2759 est
1262 2697 1426 2778 indignitas
1453 2693 1501 2756 ali-

312 2806 396 2869 cuius
419 2827 546 2890 persone
562 2784 686 2891 propter
703 2827 790 2891 quam
812 2807 966 2890 repellitur
982 2806 1019 2870 ab
1048 2805 1202 2870 ordinibus
1231 2806 1326 2868 sacris
1356 2807 1403 2868 vel
1421 2804 1451 2889 e)
1467 2801 1500 2864 ab

313 2915 420 2980 officiis
444 2917 569 2989 diuinis,
591 2916 629 2980 ab
652 2916 769 2980 actibus
791 2915 955 2998 legIttimis.
984 2917 1076 2978 Actus
1093 2915 1131 3001 f)
1153 2914 1292 2996 legittimi
1320 2919 1400 2986 sunt,
1428 2908 1501 2996 quod

312 3024 399 3088 bomo
430 3025 526 3108 possit
554 3045 714 3097 accusare,
746 3024 912 3097 testificari,
945 3024 1072 3087 militare
1105 3032 1136 3086 et
1167 3022 1282 3084 similia.
1315 3019 1501 3085 Contrahitur

313 3139 413 3197 autem
428 3134 634 3216 irregularitas
652 3133 831 3217 quandoque
846 3153 864 3196 a
888 3139 967 3197 stato
984 3132 1130 3214 corporis,
1159 3132 1237 3194 sicut
1254 3131 1374 3214 quando
1397 3144 1499 3208 corpus

311 3241 398 3306 nimis
422 3249 469 3306 est
491 3242 660 3314 horridum,
688 3248 720 3304 ut
742 3261 851 3313 cecus,
874 3247 971 3304 mutus
995 3246 1025 3303 et
1042 3240 1149 3303 surdus
1167 3246 1197 3303 et
1222 3259 1328 3302 carens
1347 3259 1430 3310 naso,
1458 3231 1500 3296 vel

312 3370 410 3424 manu,
427 3352 473 3414 vel
487 3351 604 3435 quando
621 3350 742 3433 aliquod
757 3349 867 3434 vicium
884 3354 930 3412 est
945 3349 976 3411 in
993 3368 1119 3430 corpore
1136 3347 1206 3411 huic
1220 3347 1315 3410 simile
1324 3369 1333 3420 ;
1358 3347 1425 3411 talis
1447 3360 1500 3406 non

313 3466 415 3542 potest
429 3459 597 3542 promoveri
614 3459 652 3522 ad
669 3479 771 3522 sacros
790 3458 921 3530 ordines,
935 3478 970 3520 eo
985 3457 1064 3541 quod
1081 3476 1189 3538 corpus
1207 3455 1318 3518 habeat
1334 3456 1501 3519 inminutum

315 3568 363 3631 vel
381 3567 468 3631 nimis
497 3567 660 3631 horridum.
694 3566 878 3651 Quandoque
907 3567 997 3629 etiam
1025 3565 1210 3629 contrahitur
1236 3563 1440 3646 irregularitas
1469 3577 1501 3621 ex

315 3677 431 3758 origine
444 3677 581 3758 generis,
598 3678 677 3739 sicut
693 3677 810 3760 quando
829 3676 935 3759 aliquis
952 3676 1086 3740 nascitur
1103 3675 1140 3738 de
1153 3675 1265 3737 elerico
1278 3673 1445 3742 sacerdote,
1460 3664 1501 3728 vel

141 3849 144 3856 .
193 3808 239 3850 ro.
249 3809 274 3850 ro
283 3810 305 3851 s.
315 3786 434 3850 moniali
450 3786 558 3858 velata,
580 3786 626 3849 vel
643 3787 680 3848 de
697 3806 792 3850 servo.
812 3787 923 3850 Servus
945 3790 1069 3849 vocatur
1091 3784 1139 3846 ille
1164 3782 1214 3866 qui
1230 3789 1276 3846 est
1297 3783 1432 3866 proprius
1453 3773 1502 3838 ali·

315 3896 409 3960 cuius.
438 3897 544 3968 Tales,
575 3897 696 3959 racione
729 3895 797 3958 Iade
828 3893 1008 3965 nativitatis,
1040 3914 1098 3956 non
1125 3897 1252 3975 possunt
1282 3888 1446 3973 promoveri
1475 3889 1503 3946 et

314 4006 497 4088 repelluntur
529 4025 546 4066 a
574 4003 728 4086 legittimis
760 4003 886 4067 actibus.
919 4002 1085 4086 Aliquando
1118 4000 1303 4068 contrahitur
1334 4020 1369 4063 ex
1399 4011 1501 4080 genere

314 4114 404 4186 lacti,
427 4115 506 4177 siout
522 4114 627 4186 iudex,
650 4113 721 4176 licet
737 4113 814 4175 iuste
832 4112 951 4176 occidat
966 4112 1130 4194 latronem,
1154 4108 1187 4172 lit
1203 4097 1302 4172 tamen
1318 4100 1500 4189 irregularis;

318 4222 455 4288 similiter
483 4225 533 4308 qui
556 4222 703 4287 contraxit
732 4242 800 4284 cum
821 4222 910 4284 uidua
934 4222 980 4282 vel
1002 4220 1053 4304 qui
1081 4219 1217 4300 bigamus
1235 4223 1282 4280 est
1299 4218 1345 4282 vel
1363 4217 1388 4280 si
1404 4208 1500 4296 aliquis

412 4406 445 4475 a)
473 4406 540 4458 bist.
555 4407 596 4458 III.
613 4435 644 4445 -
659 4405 692 4475 b)
706 4404 880 4458 assecutionis
893 4404 924 4455 V.
955 4431 985 4442 -
1004 4403 1036 4472 c)
1053 4404 1218 4456 assecutarc.
1238 4431 1274 4440 -
1293 4399 1328 4469 d)
1343 4399 1408 4453 [list.
1430 4395 1457 4447 X.
1472 4415 1500 4429 -

315 4498 346 4568 e)
366 4497 398 4551 ab
413 4495 549 4552 ordinibus
564 4495 650 4552 sacris
663 4495 706 4548 vcl
719 4496 787 4552 fehlt
800 4497 831 4550 V.
850 4523 885 4534 -
896 4494 928 4564 f)
943 4499 1030 4549 autom
1044 4495 1071 4546 Z.
