3168 5124
329 343 380 415 30

329 523 361 582 ut
389 525 563 602 suspectum
590 521 704 585 babere
726 521 824 584 valeat
848 519 978 584 iudicem
1002 521 1181 602 delegatum.
1215 517 1335 584 Valebit
1357 523 1459 582 autem
1474 517 1530 582 hec

328 627 494 710 appellacio
527 631 553 692 si
578 651 647 693 reus
680 630 875 712 appellaverit
899 651 934 692 ex
958 628 1107 693 brevitate
1135 628 1294 693 citacionls
1323 628 1466 690 senciens
1497 648 1528 691 se

328 743 494 818 gravatum.
511 740 586 803 Item
600 739 625 800 si
638 741 706 822 ipsa
722 738 832 804 citacio
849 738 914 801 sine
932 758 1024 802 causa
1037 737 1214 801 racionabili
1226 736 1431 819 protrahatur,
1448 741 1531 801 actor

328 866 387 908 non
403 846 552 913 immerito
569 855 740 931 suspectum
762 847 876 912 babere
898 849 1010 930 poterit
1030 847 1160 910 iudicem
1178 847 1357 928 delegatrun.
1376 877 1422 895 —
1438 845 1528 910 Ordi-

327 955 478 1018 nariorum
500 963 599 1020 autem
621 956 752 1020 iudicum
770 957 935 1020 citaciones
959 958 1015 1020 alie
1039 963 1108 1021 sunt
1128 957 1315 1029 arbitrarie,
1342 956 1401 1020 alie
1428 977 1524 1041 syno-

328 1063 479 1147 deleta).
503 1067 686 1131 arbitraria
703 1071 789 1138 sunt,
812 1086 870 1149 que
902 1067 940 1130 ad
971 1065 1150 1129 arbitrorum
1181 1063 1363 1129 voluntatem
1394 1065 1525 1128 breviari

325 1178 467 1253 poterunt
495 1179 525 1237 et
554 1175 692 1247 extendi,
720 1177 890 1260 synodales
906 1181 984 1248 sunt,
1013 1195 1071 1257 que
1093 1175 1131 1238 ad
1154 1174 1299 1257 synodum
1316 1175 1525 1240 extenduntur.

328 1279 441 1346 Citacio
458 1283 590 1346 iudicum
607 1284 813 1366 delegatorum
830 1289 944 1347 certam
961 1283 1052 1350 debet
1068 1282 1182 1347 habere
1199 1283 1369 1356 racionem,
1392 1284 1529 1366 regulam

330 1395 419 1473 atque
436 1392 572 1465 formam,
590 1413 678 1476 quam
696 1393 843 1456 excedere
860 1414 919 1455 non
935 1393 1057 1464 licebit;
1081 1394 1225 1456 inseritur
1241 1393 1319 1456 enim
1341 1393 1528 1457 autenticum

332 1500 369 1564 de
385 1501 477 1565 verbo
494 1503 683 1576 adverbum,
701 1503 858 1567 subiuncto
874 1504 1064 1586 postmodum
1081 1504 1220 1566 mandatu
1238 1503 1368 1566 iudicum
1391 1505 1527 1586 ipsorum

325 1611 355 1673 in
373 1631 431 1694 quo
446 1614 531 1676 locus
550 1619 580 1676 et
597 1613 661 1677 dies
679 1613 869 1695 apertissime
891 1613 1045 1686 videatur;
1069 1613 1128 1677 hoc
1151 1619 1251 1676 tamen
1274 1632 1394 1694 semper
1418 1619 1527 1677 caveto

325 1726 367 1792 ut,
385 1721 411 1781 si
428 1722 468 1785 sit
483 1725 685 1808 peremptoria
702 1723 821 1795 altario,
839 1721 1014 1785 vocabulum
1030 1721 1225 1805 peremptorii
1243 1721 1409 1783 nullatenus
1426 1723 1526 1802 negli-
1583 1738 1584 1751 ³

324 1835 422 1910 gatur,
441 1831 513 1894 alias
531 1853 590 1896 non
605 1833 703 1915 possit
726 1832 761 1917 b)
778 1832 904 1895 iudicari
921 1833 1123 1914 peremptoria
1140 1836 1401 1915 quantumcunque
1417 1831 1526 1912 longas

321 1937 459 2002 inducias
477 1943 660 2013 contineret;
686 1942 809 2004 aliarum
826 1947 925 2004 antem
943 1941 1124 2004 citacionum
1140 1941 1246 2003 modus
1264 1939 1389 2021 simplex
1401 1944 1465 2002 est.

450 2182 621 2264 llnemplnm
639 2181 795 2246 cltuclouls
811 2182 1012 2262 peremptorlc
1028 2179 1157 2244 ludlcurn
1174 2181 1386 2263 delegatorum.

412 2358 570 2422 Nobilibus
589 2379 624 2422 ac
646 2358 810 2422 illustribus
826 2359 1012 2444 principibus
1029 2359 1056 2422 J.
1076 2364 1106 2421 et
1123 2359 1158 2421 0.
1175 2358 1232 2420 Dei
1250 2359 1352 2439 gracia
1369 2357 1524 2420 marchio·

316 2467 404 2529 nibus
420 2468 762 2550 Brandenburgensibus
780 2469 815 2534 0.
834 2476 864 2533 et
881 2471 913 2534 C.
933 2470 1038 2532 eadem
1054 2468 1110 2530 Dei
1128 2468 1231 2548 gracia
1247 2467 1522 2549 Magdeburgensis

317 2581 348 2638 et
364 2576 551 2639 Coloniensis
569 2577 767 2641 ecclesiarum
791 2579 943 2660 episcopi,
972 2579 1088 2640 iudices
1112 2597 1129 2638 a
1154 2576 1227 2639 sede
1250 2576 1418 2658 apostolica
1436 2577 1521 2640 dele-

317 2685 398 2764 gati,
436 2685 593 2748 oraciones
626 2692 655 2749 et
688 2686 863 2770 obsequium
899 2687 1094 2749 indefessum.
1142 2685 1262 2748 Literas
1297 2685 1409 2748 domini
1442 2706 1521 2768 pape
1583 2712 1584 2731 r

317 2795 486 2878 recepimus
498 2816 553 2878 per
566 2797 664 2860 omnia
677 2799 706 2859 in
718 2797 776 2859 hec
789 2797 880 2860 verba
889 2820 896 2859 :
905 2797 940 2859 G.
956 2794 994 2880 0)
1008 2795 1167 2878 episcopus
1182 2813 1285 2856 servus
1299 2814 1456 2856 servorum
1463 2796 1520 2857 Dei

317 2910 375 2968 etc.
408 2905 451 2966 Ex
478 2911 564 2986 parte
591 2905 771 2968 venerabilis
800 2907 902 2969 fratris
930 2906 1024 2968 nostri
1046 2904 1286 2985 lllaguntinensis
1311 2904 1448 2986 episcopi
1465 2905 1521 2968 luit

314 3014 500 3096 propositum
517 3033 617 3077 coram
635 3013 732 3086 nobis,
750 3015 828 3097 quod
844 3015 873 3078 J.
891 3020 922 3077 et
940 3015 975 3077 0.
995 3018 1065 3083 etc,
1080 3018 1109 3075 et
1123 3013 1163 3076 ita
1177 3012 1213 3074 de
1230 3012 1322 3075 verbo
1339 3013 1377 3075 ad
1394 3011 1519 3076 verbum

314 3130 408 3188 totum
431 3124 613 3186 autenticum
636 3123 752 3185 inseras
773 3123 816 3210 1);
841 3129 947 3204 postea
968 3123 1126 3185 inseritur:
1152 3121 1297 3204 Quoniam
1319 3123 1412 3204 igitur
1434 3142 1520 3186 man·
1565 3193 1573 3208 ‚

314 3231 414 3294 datum
431 3231 630 3313 apostolicum
654 3251 726 3294 aure
751 3231 840 3294 surda
863 3252 919 3293 nec
942 3231 1076 3292 volumus
1098 3251 1155 3292 nec
1177 3250 1336 3312 possumus
1352 3231 1516 3313 preterire,

314 3341 363 3403 cui
378 3340 409 3402 in
426 3339 562 3404 omnibus
580 3345 610 3402 et
626 3359 682 3421 per
697 3340 796 3402 omnia
813 3339 937 3402 obedire
954 3345 1106 3411 tenemur,
1123 3341 1302 3404 auctoritate
1327 3360 1385 3423 qua
1415 3342 1519 3423 fungi-

313 3469 389 3521 mur,
406 3450 436 3511 in
452 3449 553 3530 vigilia
570 3447 651 3511 Petri
669 3454 699 3512 et
714 3448 796 3511 Pauli
813 3448 1014 3530 apostolorum
1038 3448 1171 3529 proxima
1187 3455 1311 3512 ventura
1328 3449 1365 3512 ad
1382 3457 1518 3515 nostram

312 3559 502 3641 presenciam
524 3559 555 3620 in
570 3558 609 3619 M.
635 3557 675 3643 d)
707 3577 760 3620 vos
793 3558 936 3628 citamus,
972 3559 1072 3621 locum
1109 3558 1195 3621 vobis
1226 3558 1338 3621 ibidem
1369 3559 1517 3623 maiorem

312 3665 473 3732 ecclesiam
490 3673 522 3736 et
536 3665 704 3748 predictam
721 3666 800 3729 diem
815 3668 1048 3749 peremptoriam
1065 3669 1266 3750 assignantes.
1284 3669 1351 3731 Dat.
1372 3676 1432 3733 etc.

412 3849 447 3919 c)
461 3850 510 3903 Die
524 3847 666 3920 folgenden
681 3850 773 3903 Worle
788 3848 928 3918 arbitrarie
949 3857 1022 3914 sunt,
1037 3868 1089 3921 que
1110 3850 1148 3904 bis
1168 3851 1273 3904 extendi
1298 3849 1386 3906 leblen
1411 3855 1442 3910 V.
1469 3855 1516 3908 Ein

312 3941 461 3995 offenbares
474 3942 608 3995 Versehen
626 3941 673 3994 des
688 3941 887 3994 Abschreibers.
913 3970 946 3979 -
969 3940 1000 4009 d)
1015 3944 1109 4012 posset
1123 3943 1150 3994 Z.
1165 3972 1199 3981 —
1213 3942 1244 4011 e)
1259 3943 1408 4013 Gregorius
1424 3947 1452 4002 Z.
1481 3979 1509 3988 -

314 4033 350 4101 d)
361 4033 508 4118 llaydurch
528 4033 554 4086 Z.

317 4151 642 4164 Μ

274 4255 275 4260 ’
331 4232 352 4291 ¹)
375 4235 481 4280 Gemeint
492 4237 523 4279 let
535 4235 575 4282 das
587 4235 648 4280 oben
661 4235 686 4280 S.
697 4235 729 4280 ²6
741 4207 895 4294 mitgetbcllte
907 4235 1037 4292 pdpsllicbc
1048 4237 1186 4282 Schrciben.
