3096 5120
286 345 362 416 440

281 518 492 606 prospicimus,
510 538 569 585 oon
585 520 722 584 nmmos.
748 520 823 583 lieo
841 525 965 584 autern
982 527 1071 604 aput
1087 520 1375 585 occidentalem
1400 522 1484 604 pia·

281 647 379 713 gam,
407 627 471 692 ubi
494 628 608 692 sedas
636 633 697 691 est
717 627 910 700 ecclesie,
937 627 1142 713 potissime
1167 631 1483 695 committuntur.

282 737 308 803 0
340 737 436 801 felix
466 737 580 820 hepo,
620 755 637 798 o
672 735 814 800 ieiioes
850 737 1098 801 orientalium
1127 743 1370 822 potestates,
1410 759 1485 823 que

282 846 523 911 subditorum
547 864 648 909 arma
673 863 743 909 non
768 848 940 909 metuunt
965 850 1002 908 et
1019 846 1330 910 adinventiones
1354 847 1485 930 ponti·

281 953 398 1018 ileum
421 975 495 1018 non
516 958 711 1019 verentur.

372 1063 465 1129 Vobis
482 1061 574 1146 igitur
590 1061 621 1126 in
637 1062 786 1146 aequisita
802 1063 860 1127 ianr
878 1064 985 1148 gioria,
1003 1065 1033 1128 in
1050 1063 1175 1128 obtenta
1191 1063 1228 1127 de
1253 1062 1393 1128 hostibus
1417 1065 1485 1128 vio·

280 1175 370 1247 toria,
385 1171 539 1238 nobilitate
556 1169 707 1235 communi
723 1171 880 1245 suadente,
896 1173 1059 1256 tripudium
1075 1172 1312 1257 congaudemus,
1335 1177 1368 1236 et
1384 1172 1484 1238 affee-

280 1285 362 1349 tione
387 1281 541 1366 precipua,
564 1298 651 1365 quam
677 1280 714 1343 ad
735 1299 789 1345 vos
812 1282 956 1366 gerimus,
979 1281 1118 1365 augendo
1140 1281 1241 1346 letroie
1264 1280 1374 1363 dignas
1393 1283 1483 1346 vobis

281 1397 384 1478 grates
397 1389 555 1456 referimus
569 1392 599 1451 et
612 1386 776 1460 offerimus,
790 1391 869 1475 quod
883 1389 1011 1474 figurate
1024 1390 1232 1457 nuneiaeionis
1244 1410 1300 1475 per
1311 1390 1420 1454 literas
1434 1393 1484 1456 in-

282 1505 370 1569 dioiis
388 1522 447 1567 non
460 1499 605 1571 contenti,
618 1498 782 1582 corporalis
796 1505 938 1583 aspectus
952 1501 1044 1565 vestri
1057 1500 1250 1584 presenciam
1263 1499 1352 1564 uobis
1365 1499 1485 1583 hylari-

282 1621 328 1678 ter
350 1609 509 1677 obtulistis.
535 1609 580 1673 De
603 1605 831 1692 triumphalibus
849 1627 919 1673 vero
937 1611 1059 1684 uostris,
1082 1614 1115 1674 ut
1130 1606 1327 1694 imperialium
1345 1609 1483 1693 apieium

282 1729 369 1788 tenor
384 1726 453 1786 vota
465 1722 567 1784 restra
584 1715 716 1787 letificet,
734 1717 812 1782 seire
828 1738 883 1781 vos
900 1719 1048 1802 oupimus,
1065 1719 1145 1805 quod
1159 1737 1339 1803 quamquam
1352 1717 1483 1784 victorie

283 1836 384 1896 nostre
409 1848 530 1893 cursum
553 1827 711 1909 irueusque
735 1826 929 1890 retardavere
951 1828 1139 1911 quorundam
1162 1829 1277 1892 iuriosa
1300 1826 1429 1892 rebellio
1451 1833 1484 1890 et

282 1947 403 2005 versuta
419 1935 569 2002 calliditas
586 1935 769 2022 aliquorum,
792 1934 922 2000 iaciente
940 1941 1040 2001 tamen
1057 1937 1243 2002 exercituum
1259 1936 1406 2009 Domino,
1431 1936 1483 2020 qui

281 2072 337 2135 per
349 2046 467 2113 iustioie
480 2045 597 2130 gladios
612 2044 708 2128 aperit
719 2043 783 2106 vias
797 2063 913 2127 regum,
928 2037 968 2110 ad
977 2051 1080 2128 partes
1093 2048 1152 2111 iam
1164 2047 1274 2112 ilsonie
1287 2044 1331 2128 a)
1344 2065 1484 2108 eommo-

282 2162 402 2230 rantes,
420 2155 583 2240 gloriosum
606 2157 761 2235 oeptorurn
785 2151 873 2216 tinem
903 2153 1062 2219 dedicione
1084 2156 1208 2239 Ligurio
1229 2175 1309 2219 noue
1332 2152 1365 2217 in
1389 2159 1483 2218 autea

282 2266 490 2350 prestolamur.

375 2425 510 2484 Wthreod
523 2441 620 2482 uasere
631 2423 832 2494 lnbsitsangabe
846 2427 897 2482 deo
911 2427 986 2482 liriei
995 2445 1029 2482 so
1040 2427 1084 2484 die
1096 2427 1263 2499 bolognaun
1274 2426 1412 2498 galiuhtei
1423 2427 1481 2480 sein

284 2523 363 2583 ia'sst,
385 2521 433 2575 het
451 2537 480 2574 er
499 2518 525 2571 io
548 2517 615 2574 dod.
636 2519 714 2574 wuu.
727 2523 756 2578 Β.
777 2512 813 2568 74
832 2513 873 2569 die
893 2504 1072 2598 llborsebriit:
1100 2517 1253 2594 Friderioor
1276 2521 1328 2572 ete.
1360 2516 1480 2574 Boionio.

283 2613 359 2666 Perta
372 2611 452 2667 hreb.
464 2612 491 2675 7,
504 2610 566 2665 aut.
585 2611 667 2667 Daidr
680 2614 769 2667 diirite
782 2611 919 2667 rieiieieht
931 2610 1036 2664 Botario
1055 2626 1087 2664 aa
1100 2609 1172 2664 lesen
1186 2609 1242 2663 seio
1262 2609 1316 2663 uod
1334 2609 1387 2664 der
1407 2609 1483 2664 Briei

283 2712 352 2759 wire
367 2704 435 2758 daun
449 2705 561 2758 aurbun
576 2703 627 2757 den
641 2702 755 2758 Pedesta
768 2720 817 2758 voa
831 2702 908 2756 Paviu
929 2700 1066 2764 deuterio,
1088 2698 1139 2754 den
1158 2699 1383 2755 Schwestersobn
1403 2703 1481 2757 iuno-

283 2793 357 2852 eeoa’
371 2796 427 2856 iV.,
441 2793 489 2848 der
507 2796 549 2848 ein
563 2793 673 2866 eiiriger
685 2793 828 2866 hohhuger
841 2791 1001 2848 Friedrioh’s
1015 2807 1068 2846 war
1082 2788 1150 2862 (ogi.
1171 2790 1294 2856 donner,
1307 2790 1480 2846 liubenstau-

283 2887 328 2943 ien
341 2888 366 2942 3.
381 2885 447 2942 huo.
460 2887 487 2946 4.
501 2884 580 2958 110),
594 2886 736 2957 geriobtet.
753 2887 805 2940 Das
819 2885 887 2938 iano
901 2899 960 2939 man
974 2899 1017 2937 um
1029 2898 1060 2938 so
1074 2883 1139 2937 eber
1152 2881 1317 2944 vermotbeo.
1330 2881 1372 2938 ais
1385 2883 1481 2938 ruso·

282 2978 339 3035 riob
352 2978 423 3042 bier,
436 2996 476 3034 wo
489 2995 520 3033 er
532 2995 581 3032 voa
595 2976 653 3032 dem
666 2979 860 3049 gemeiusenren
875 2977 1004 3032 iuteresse
1017 2976 1065 3032 der
1078 2975 1190 3031 i'iirslen
1202 2974 1322 3046 spriebt,
1341 2974 1387 3029 die
1400 2978 1482 3046 potr·

282 3075 365 3126 states
378 3071 404 3125 in
418 3072 505 3124 erster
518 3069 590 3123 Linie
607 3074 695 3126 oenot.

846 3276 908 3346 aa.
1003 3360 1007 3368 ¹

284 3455 447 3540 inperator
463 3455 628 3521 iriderleus
645 3455 709 3520 iiie
725 3473 779 3517 suo
796 3457 829 3518 et
850 3452 1035 3538 principibus
1058 3452 1216 3534 signidem,
1240 3454 1321 3534 quoi
1342 3474 1425 3538 popa
1446 3474 1478 3519 se

284 3567 419 3631 humiliat
435 3567 472 3630 ari
488 3583 587 3630 seru·
604 3562 842 3629 oeneerdoriun
865 3565 895 3626 et
917 3562 998 3643 quoi
1021 3561 1086 3643 ipse
1108 3578 1164 3642 per
1185 3580 1304 3627 norun
1325 3569 1476 3646 petente·

283 3676 412 3739 intendit
445 3674 572 3739 rebelles
607 3692 678 3737 snos
707 3673 843 3736 edonare
881 3677 912 3734 et
951 3669 1029 3751 quod
1064 3670 1257 3735 een-unitas
1289 3672 1476 3750 hieremia,

285 3785 404 3851 reiieiis
420 3783 570 3848 erroribus
586 3781 863 3862 scopulosorum,
887 3780 925 3843 ed
942 3778 1028 3844 iidem
1044 3787 1075 3844 et
1092 3779 1281 3844 devocione·
1298 3781 1417 3863 imperii
1432 3787 1476 3845 est

814 3906 942 3953 reversa.

841 4047 922 4104 laio.

166 4225 273 4268 rursu.
379 4202 444 4266 utsi
460 4197 618 4286 pontifices
636 4202 667 4261 et
683 4195 815 4279 pharisei
831 4195 976 4260 adversus
993 4193 1153 4258 Dominum
1176 4197 1207 4257 et
1228 4192 1375 4258 adversus
1392 4191 1475 4259 chri-

284 4315 364 4377 stu'm
381 4312 445 4375 eius
462 4307 702 4394 —propensius
719 4305 867 4369 animetis.
893 4301 1202 4368 Huiiiard·i3rehoiies
1219 4302 1251 4374 b,
1272 4301 1367 4368 iooa.

376 4512 476 4582 apere!
576 4503 578 4508 ’
