3108 5118
260 339 358 415 ala

277 522 436 600 acceptata
460 520 662 594 concorditer,
687 523 724 585 ad
748 524 965 606 providendum
990 524 1087 588 cidem
1111 522 1236 606 imperio
1262 523 1476 587 convenientes

277 625 436 700 inunum,
464 628 602 701 tandem,
630 638 700 712 post
727 631 940 715 aliquantulum
969 634 1006 696 de
1034 632 1127 697 futuri
1154 632 1238 714 regis
1255 631 1476 694 substitucioue

276 739 448 808 tractatum,
467 737 502 800 in
518 739 702 822 inclytum
719 743 836 806 virum
854 744 1043 807 dominum
1060 741 1312 825 Rudolphum,
1331 740 1376 803 de
1394 739 1476 803 loco

276 843 346 906 tali
379 845 594 919 oriundum,
627 848 764 914 invocata
796 851 933 933 primitus
966 851 1090 934 spiritus
1123 850 1219 914 sancti
1253 848 1374 931 gracia,
1412 868 1476 911 cum

277 956 545 1038 sollempnitatibus
562 958 671 1023 debitis
689 966 719 1024 ot
735 962 907 1034 consuetis,
932 967 1051 1025 servato
1076 962 1107 1024 in
1131 959 1269 1025 omnibus
1286 979 1371 1023 more
1390 958 1435 1044 a)
1451 963 1477 1022 et

278 1064 381 1128 ordine
398 1084 543 1148 congruo,
567 1074 709 1152 tanquam
733 1069 763 1132 in
787 1070 884 1152 magis
910 1070 1012 1134 utilem
1036 1069 1073 1132 ad
1098 1069 1129 1132 id
1154 1074 1184 1133 et
1200 1069 1297 1149 magis
1313 1067 1476 1150 ydoneum,

278 1194 365 1257 quem
391 1178 596 1257 cognovimus,
620 1177 723 1242 habito
740 1179 778 1241 ad
794 1180 890 1243 Deum
906 1180 1050 1262 precipue
1068 1179 1152 1242 etad
1169 1178 1336 1260 reipublice
1354 1196 1477 1241 causam

276 1290 428 1366 respectu,
452 1286 607 1366 potissime
633 1286 671 1350 dc
696 1289 845 1350 communi
872 1307 1033 1360 consensu,
1059 1307 1163 1350 omnes
1188 1293 1219 1349 et
1242 1287 1354 1368 singuli
1372 1285 1476 1349 oculos

277 1399 395 1457 nostros
420 1393 588 1467 iniecimus,
614 1415 682 1460 eum
698 1396 729 1458 in
745 1415 849 1479 regem
865 1397 1075 1468 Romanorum,
1101 1397 1313 1478 imperatorem
1331 1396 1476 1465 futurum,

277 1523 335 1566 una
351 1522 426 1567 voce
442 1508 571 1588 votoque
588 1505 729 1578 unanimi,
754 1511 878 1570 auctore
895 1506 1058 1578 Altissimo,
1084 1506 1241 1588 eligentes.
1272 1503 1339 1586 Qua
1356 1504 1478 1587 quidem

277 1612 424 1675 electione
449 1613 606 1685 canonice,
630 1614 720 1677 immo
745 1614 888 1678 divinitus
912 1615 1017 1696 procul
1041 1614 1131 1677 dubio
1157 1612 1321 1686 celebrata,
1347 1613 1477 1676 eundem

277 1739 345 1782 cum
367 1719 574 1783 inenarrabilis
598 1721 798 1787 immensitate
820 1722 958 1805 tripudii,
985 1723 1115 1786 omnium
1133 1720 1336 1804 applaudente
1355 1726 1477 1785 caterua

276 1829 435 1905 nobilium,
464 1852 520 1895 nec
549 1854 608 1897 non
634 1833 735 1915 populi
764 1832 903 1897 comitiva
931 1832 1061 1903 letante,
1092 1851 1128 1895 ac
1158 1832 1189 1894 in
1217 1851 1351 1914 superne
1379 1830 1476 1894 laudis

277 1941 426 2004 canticum
442 1941 688 2023 gratulabundius
706 1947 896 2024 assurgente,
913 1941 1011 2023 apud
1026 1942 1323 2024 Aquisgranum,
1341 1928 1476 2023 utpote

276 2049 420 2123 sedem,
471 2071 540 2134 que
584 2052 744 2133 primum
797 2051 1093 2115 sublimacionis
1138 2056 1175 2113 et
1206 2049 1333 2132 glorie
1365 2050 1476 2133 regie

276 2157 429 2239 gradum
457 2160 584 2242 ponit,
615 2160 827 2242 magnil'icc
856 2159 1047 2231 duximus,
1081 2158 1143 2221 ubi
1172 2158 1209 2221 in
1239 2158 1288 2220 die
1315 2162 1478 2241 aposto·

275 2267 432 2356 lorum1)
460 2289 478 2332 a
506 2269 631 2343 nobis,
665 2268 889 2334 Coloniensi
919 2268 1239 2351 archiepiscopo,
1273 2267 1392 2331 cuius
1425 2268 1478 2331 in·

157 2382 400 2446 r01.mn.ter·est
426 2378 585 2460 regibus
620 2378 664 2442 ab
693 2379 849 2460 antiquo
878 2376 1117 2440 beneficium
1147 2376 1476 2441 consecracionis

70 2481 73 2485 ’
276 2487 513 2569 impendere,
541 2487 616 2551 t'uit
639 2488 675 2550 in
700 2488 792 2550 sede
817 2487 1020 2569 magnifici
1038 2485 1222 2570 Karolib)
1242 2491 1476 2557 coronatus,

278 2595 1189 2662 etunctionissanctissimeolcodelibutus.—

367 2705 405 2768 ut
422 2711 453 2768 ut
469 2706 507 2769 de
522 2705 605 2788 regis
623 2707 712 2769 electi
729 2707 774 2769 sic
791 2712 822 2770 ct
837 2706 973 2771 coronati
989 2725 1120 2788 persona
1139 2712 1334 2769 sacrosancte
1343 2705 1476 2770 Romane

277 2816 418 2887 ecclesie,
442 2816 530 2879 matri
545 2821 658 2888 nostro,
675 2835 752 2880 nova
768 2816 878 2898 gaudia
895 2815 933 2900 c)
950 2815 1148 2887 cumulentur,
1172 2814 1252 2877 idem
1269 2836 1322 2877 rex
1347 2821 1396 2878 cst
1416 2815 1472 2878 lide

276 2921 459 2994 katholicus,
492 2922 688 2986 ecclesiarum
720 2927 850 2995 amator,
881 2922 1000 2986 iusticie
1033 2922 1149 2994 cultor,
1186 2921 1302 3003 pollens
1333 2922 1473 2994 consilio,

275 3032 395 3112 t'ulgens
426 3031 557 3114 pietate,
599 3031 728 3115 propriis
758 3038 866 3113 potens
898 3030 1011 3095 viribus
1045 3036 1075 3095 et
1106 3029 1266 3095 multorum
1300 3031 1472 3113 potencium

275 3139 418 3204 affinitate
435 3161 605 3214 connexus,
634 3143 714 3213 Deo,
743 3145 775 3203 ut
790 3139 914 3204 firmiter
930 3140 1095 3222 opinamur,
1119 3139 1257 3203 amabilis
1275 3146 1306 3203 et
1330 3139 1470 3204 humanis

275 3247 463 3330 aspectibus,
492 3255 525 3312 ut
548 3249 696 3321 cernitur,
724 3248 897 3331 graciosus:
926 3248 1052 3330 insuper
1067 3267 1193 3330 corpore
1211 3253 1375 3312 strennuus
1400 3254 1429 3312 et
1445 3250 1475 3311 iu

275 3359 365 3422 rebus
382 3357 498 3422 bellicis
514 3365 620 3423 contra
634 3357 771 3421 infideles
789 3357 831 3442 d)
847 3359 1026 3422 fortunatus.

365 3470 491 3552 Propter
515 3468 595 3553 quod
619 3487 774 3550 speramus
799 3468 908 3537 inco,
937 3467 986 3550 qui
1011 3487 1101 3550 reges
1127 3472 1157 3531 ct
1180 3487 1276 3549 regua
1304 3468 1472 3540 constituit,

275 3580 355 3664 quod
383 3579 439 3643 sub
468 3579 532 3643 eius
558 3578 727 3662 principatu
761 3575 886 3659 pacifico
910 3575 946 3661 e)
970 3575 1056 3660 quies
1084 3596 1178 3659 regno
1207 3579 1386 3660 proveniet,
1416 3598 1472 3661 pax

276 3688 423 3760 ecclesiis,
449 3687 610 3752 concordia
634 3685 774 3769 plebibus
799 3692 829 3749 et
852 3684 985 3748 moribus
1011 3684 1185 3767 disciplina,
1209 3684 1251 3748 ita
1277 3688 1359 3769 quod
1383 3685 1471 3769 gladii

274 3797 484 3862 conflabuntur
506 3796 537 3858 in
560 3815 708 3867 vomeres,
734 3813 827 3858 cornu
845 3794 955 3856 Christi
980 3795 1027 3856 sui
1052 3779 1075 3856 a'
1094 3813 1167 3875 rege
1185 3814 1292 3876 regum
1314 3795 1471 3877 magnilirr
1553 3818 1554 3867 p

275 3909 444 3973 sublimato.

366 4111 400 4178 a)
424 4109 502 4163 modo
526 4108 552 4160 Z.
566 4137 600 4147 -
613 4107 644 4173 b)
665 4106 756 4160 Karrrli
780 4105 808 4158 V.
823 4133 856 4144 -
870 4104 901 4170 c)
925 4103 1066 4173 congaudii
1092 4103 1119 4156 Z.
1138 4132 1173 4144 -
1186 4104 1221 4174 d)
1248 4103 1373 4175 perfidos
1394 4105 1422 4162 Ζ.
1437 4133 1471 4146 -—

248 4195 251 4202 ’
276 4205 308 4270 e)
322 4199 433 4273 pacifica
445 4201 476 4254 Z.

302 4502 324 4550 ¹)
341 4500 399 4542 Dass
415 4497 492 4542 dieses
507 4497 603 4548 Datum,
623 4493 666 4537 der·
683 4494 721 4538 28.
741 4491 858 4546 October,
879 4491 1014 4546 inlusisset,
1035 4491 1089 4536 dass
1112 4490 1150 4536 dis
1169 4492 1285 4549 Krdnung
1304 4489 1413 4537 violmchr
1431 4501 1468 4535 ιι

339 4579 377 4623 24.
390 4579 492 4624 October
502 4576 679 4636 stattgol'uodcu
689 4575 757 4626 haba,
770 4573 837 4617 uclst
848 4573 962 4619 Bochmcr
973 4574 1031 4620 uach
1044 4575 1100 4633 hag.
1115 4575 1171 4620 llud.
1188 4586 1243 4632 prg.
1257 4575 1299 4618 2⁸.
