3116 5124
626 454 687 526 20.

345 649 553 738 lope‘ouldom
570 655 697 737 prlnolpl
714 653 875 718 rebellanti
894 641 959 715 sllnl.

69 815 111 869 llio
128 817 207 888 Popet
223 815 334 888 fordert
356 816 431 870 cinea
453 813 688 886 widerepenetipen
709 815 765 868 und
784 811 975 884 tortnde'lcigea
1000 807 1159 865 Geietlieleen
1182 805 1241 878 auf,

342 908 493 962 demandem
506 907 579 962 aeine
591 905 727 960 Prddeade
737 903 955 976 lerauezupedcn.

145 1052 209 1115 Nisi
231 1053 341 1115 faeiem
362 1059 444 1117 tuam
460 1058 493 1116 ut
508 1057 623 1136 petram
648 1052 836 1118 durissimam
851 1051 1005 1134 posuisses
1023 1054 1054 1114 et
1070 1048 1243 1112 indurasses

24 1183 26 1238 ;
69 1182 113 1224 cor
130 1154 216 1224 'tuum
244 1161 347 1224 durius
376 1163 549 1234 adamante,
583 1162 719 1225 audisses
747 1161 873 1224 forsitan
906 1159 1038 1222 auditum
1061 1161 1245 1221 nostramet

24 1279 25 1316 3
69 1269 179 1333 audiens
202 1271 378 1342 annuisses,
408 1290 522 1354 nosque
545 1271 603 1333 mel
621 1270 658 1334 de
674 1276 759 1352 petra
775 1275 807 1334 et
824 1270 920 1333 oleum
937 1269 973 1331 de
991 1288 1061 1331 saxo
1085 1264 1244 1330 durissimo

73 1379 252 1442 suxissemus.
275 1380 303 1463 1)
320 1380 429 1444 Verum
446 1380 516 1463 quia
532 1399 588 1442 nee
605 1400 661 1442 uve
690 1379 727 1442 de
756 1378 850 1461 spinis
878 1399 934 1441 nec
961 1377 1035 1440 fieus
1064 1376 1100 1439 de
1128 1373 1245 1440 tribulis

70 1487 231 1570 colliguntur
250 1488 293 1572 Β),
310 1509 369 1552 non
385 1489 482 1571 potuit
498 1489 588 1552 arhor
604 1489 714 1553 sterilis
731 1489 847 1552 fruetus
864 1487 974 1551 uberes
991 1486 1150 1571 parturire.
1181 1484 1245 1547 Nee

70 1616 182 1679 querens
210 1603 302 1660 antea
329 1617 436 1661 nomen
465 1603 616 1670 nostrum,
650 1617 737 1680 quam
771 1597 880 1660 faciem
912 1602 993 1660 tuam
1026 1594 1245 1678 impleverimus

72 1705 237 1788 ignominia,
268 1711 300 1769 et
327 1712 486 1789 antequam
514 1706 551 1770 ad
580 1706 712 1769 radicem
741 1707 926 1770 infructuose
953 1704 1080 1769 ficulnee
1112 1710 1247 1767 stercora

78 1835 280 1898 congegamus
309 1815 367 1902 o),
395 1815 469 1878 silex
497 1815 586 1880 etiam
602 1815 645 1880 tui
674 1815 773 1879 cordis
791 1835 848 1878 nou
876 1815 958 1899 prius
976 1833 1082 1898 aquam
1105 1811 1248 1884 effundet,

79 1943 144 2006 mam
173 1923 340 2006 apostolice
370 1925 591 2007 increpacionis
620 1924 719 2006 gladio
751 1924 843 1987 fueris
871 1924 918 1987 bis
949 1943 1130 2006 percussus,
1163 1928 1248 1985 aceto

77 2032 268 2097 nichilominus
298 2034 542 2115 persuadendus,
567 2034 592 2096 si
620 2033 696 2097 ultra
724 2033 833 2096 faciem
860 2031 1048 2116 pretenderis
1072 2031 1247 2094 adamantis.

75 2141 209 2206 Ollorasti
226 2142 360 2206 ecclesie
377 2163 464 2206 aures
481 2148 548 2207 tuas
565 2148 666 2226 utpote
683 2143 763 2224 aspis
781 2143 872 2206 surda
893 2143 938 2230 Β),
963 2162 1000 2206 ue
1020 2161 1125 2205 vocem
1147 2140 1250 2205 audias

73 2249 252 2333 increpantis,
272 2258 304 2314 et
326 2271 378 2314 cor
405 2258 488 2314 tuum
515 2252 669 2315 Pharaone
698 2250 800 2315 durius
826 2250 988 2322 indurasti,
1017 2271 1054 2313 ne
1081 2250 1249 2312 mandatum

72 2365 188 2422 nostrum
216 2359 401 2441 adimpleas,
430 2361 513 2442 prius
543 2381 631 2445 quam
648 2361 686 2424 ad
702 2361 774 2424 illud
802 2361 1010 2450 complendum
1037 2379 1126 2424 manu
1153 2359 1251 2422 valida

73 2453 256 2550 compellaris.
289 2468 352 2532 Nos
369 2475 484 2541 autem,
501 2475 535 2533 ut
550 2490 567 2533 a
583 2475 614 2533 te
631 2470 806 2534 obediencie
823 2471 970 2543 frustum,
995 2489 1082 2552 quem
1098 2469 1128 2533 in
1145 2468 1250 2552 spiritu

74 2577 178 2657 pietatis
195 2601 255 2643 non
268 2583 443 2661 poteramus
460 2581 584 2652 elicere,
600 2587 752 2664 uteunque
769 2581 873 2644 saltem
891 2586 1067 2664 extorquere
1081 2599 1251 2663 possemus,

74 2691 131 2750 ante
155 2689 258 2752 oeulos
289 2693 358 2752 tuos
385 2689 540 2771 posuimus
568 2694 660 2752 temet
688 2691 800 2772 ipsum,
830 2688 938 2754 delicta
965 2689 1127 2753 iuventutis
1154 2694 1205 2751 tue
1222 2692 1252 2752 et

75 2792 303 2874 ignoraneias‚iu
317 2797 423 2881 quibus
438 2798 527 2863 etiam
540 2798 774 2880 senuisti,prout
784 2797 917 2884 vohisb)
926 2798 1059 2880 exposite
1072 2799 1253 2878 fuerantper

74 2911 178 2968 nostras
194 2907 313 2978 literas,
326 2914 538 2981 memorantes
556 2913 592 2972 ut'
601 2929 668 2972 cum
680 2909 833 3000 propriam
843 2906 1043 2970 infirmitatem
1056 2926 1251 2988 agnosceres,

75 3011 104 3073 de
119 3015 262 3080 termento
282 3016 376 3080 veteri
389 3017 552 3099 superioris
566 3019 739 3082 auctoritati
756 3017 900 3088 deferres,
914 3036 970 3080 nec
984 3023 1089 3080 eontra
1103 3016 1252 3080 stimulum

24 3189 25 3194 η
72 3125 173 3187 temere
186 3125 363 3188 calcitrares
378 3125 417 3213 t).
431 3128 478 3190 Tu
493 3147 564 3189 vero
578 3126 672 3190 intua
689 3126 878 3191 contumacia
890 3145 1097 3208 perseverane,
1114 3125 1251 3189 mandata

73 3238 162 3296 nostra
178 3234 296 3306 audire,
313 3239 455 3319 tanquam
472 3256 560 3300 aures
578 3237 707 3301 haheres
729 3242 762 3301 ut
778 3237 937 3300 simulacra
953 3235 1103 3318 gencium,
1121 3234 1251 3298 noluisti.

156 3343 217 3407 Sed
256 3344 327 3426 quia
367 3345 550 3427 contempnit
587 3353 731 3428 peccator
768 3365 835 3410 eum
867 3347 897 3410 in
927 3347 1106 3429 profundum
1137 3341 1254 3408 venerit

74 3449 209 3525 vitiorum,
238 3453 366 3537 primum
384 3461 414 3518 et
437 3455 602 3518 seeundum
623 3457 794 3519 mandatum
817 3457 930 3539 pariter
957 3453 1173 3537 contempsisti.
1207 3452 1252 3516 Ne

73 3555 152 3638 igitur
165 3568 304 3645 reportes
322 3562 360 3625 de
376 3561 586 3626 inobediencia
604 3571 654 3628 tua
670 3567 816 3638 fructum,
832 3565 1028 3636 mandamus,
1052 3568 1198 3647 quatenus
1215 3563 1251 3627 N.

75 3669 246 3748 prehendam
270 3691 371 3744 suam,
394 3672 473 3735 omni
497 3693 579 3737 mora
603 3679 633 3737 et
656 3675 818 3737 occasione
841 3673 1034 3756 postpositis,
1050 3672 1179 3736 reddere
1196 3693 1254 3736 uon

76 3780 227 3843 contendas
245 3786 276 3843 et
292 3781 389 3858 iacias
411 3782 509 3864 ipsum
532 3783 656 3858 eandem
679 3781 805 3865 pacifice
828 3783 995 3864 possidere.
1029 3783 1170 3866 Alioquin
1193 3789 1254 3847 tam

69 3903 146 3967 super
159 3888 395 3962 inobediencia,
425 3910 513 3972 quam
531 3913 622 3974 super
638 3893 813 3956 excessibus
831 3892 905 3964 tuis,
936 3913 1009 3976 quos
1027 3893 1057 3955 iu
1074 3891 1139 3955 allis
1156 3891 1251 3955 literis

70 4014 158 4060 sumus
178 3999 361 4082 prosecuti,
387 4000 464 4063 intra
481 4001 518 4064 N.
536 4002 695 4064 terminum
720 4002 885 4086 apostolico
907 4007 937 4066 te
956 4001 1131 4085 conspectui
1148 4021 1367 4084 repre-unaco.
1462 4067 1465 4070 ,

147 4198 178 4266 α)
191 4201 410 4270 congregarimus
432 4217 462 4253 nu
477 4201 559 4254 lesen.
574 4232 609 4240 -
624 4201 655 4271 b)
672 4200 750 4254 nobis
764 4201 830 4257 Cod.

90 4351 359 4368 “*Q-——a-

104 4451 123 4507 ¹)
135 4453 294 4502 Deuteronom.
312 4458 351 4512 32,
371 4457 408 4502 13.
428 4483 457 4493 -
476 4454 774 4518 2)Malmaos7,1o.-
793 4455 817 4519 ³)
836 4460 906 4505 Psalt.
924 4459 963 4513 57,
986 4461 1007 4506 5.
1028 4485 1056 4495 -
1068 4456 1090 4518 ⁵)
1117 4460 1249 4507 Ammianus

133 4534 277 4584 Marcellinus
291 4541 330 4596 18,
343 4539 365 4584 5.
