3112 5118
303 313 379 390 238

300 489 378 546 tates
407 491 437 548 et
464 485 528 547 iura
557 486 743 550 universitati
766 491 866 550 vestre
895 486 932 548 ab
955 485 1058 548 inclite
1080 485 1306 548 recordacionis
1328 485 1494 556 Friderico,
1546 467 1551 476 ⁴

300 592 402 655 ultimo
415 593 613 656 Romanorum
626 595 817 675 imperatore,
833 594 954 675 suisque
967 591 1236 674 predecessoribus
1248 595 1298 674 pie
1312 613 1348 656 ac
1361 593 1493 675 benigne
1543 675 1546 682 Α

300 719 459 770 concessa,
476 699 637 781 benignius
654 701 828 764 innovamus
846 707 878 764 ct
893 701 1071 764 auctoritate
1088 700 1173 780 regia
1189 701 1369 763 muniemus.
1393 701 1439 764 Ad
1456 702 1494 785 a)

300 806 383 891 quod
400 808 504 889 utique
521 827 575 870 nos
592 813 697 870 tenore
714 807 904 890 presencium
922 807 1099 888 obligamus.

391 966 456 1020 eoo.
470 964 535 1020 hub.
548 966 568 1025 l,
581 963 633 1018 325
652 966 698 1019 mit
718 967 765 1021 der
778 953 959 1020 llberschrilt:
993 965 1123 1020 liudolfus
1142 966 1168 1019 d.
1183 983 1207 1034 g.
1223 965 1297 1019 Rom.
1311 967 1372 1019 Rex
1384 983 1492 1038 semper

300 1057 444 1123 Augustus.
467 1053 644 1110 Prudentihus
663 1055 724 1109 viris
749 1095 756 1110 .
785 1093 793 1110 .
817 1055 977 1110 Consulibus
991 1060 1019 1109 et
1031 1055 1162 1108 universis
1177 1053 1283 1108 Civibus
1299 1056 1496 1110 Lubecensibus

301 1146 420 1208 dilectis,
439 1145 540 1198 devotis
554 1145 624 1207 suis,
644 1145 749 1215 Imperii
762 1145 870 1200 Romani
888 1145 1026 1207 fidelihus,
1046 1145 1164 1214 graciam
1177 1161 1252 1198 suam
1267 1151 1294 1198 et
1307 1161 1386 1199 omne
1399 1148 1493 1200 bonum

299 1235 352 1288 und
367 1236 425 1288 Dat.
440 1235 596 1304 Hageaowe.
612 1235 646 1288 ΙΙΙ
660 1235 715 1290 Kal.
731 1236 790 1290 hlsii
805 1219 880 1303 regni
894 1238 977 1290 nostri
991 1252 1059 1288 anuo
1072 1236 1167 1304 primo.

856 1568 918 1637 27.

584 1791 587 1808 .
636 1742 828 1804 Romanorum
852 1759 905 1806 rex
929 1741 1161 1822 archiepiscope.

726 1897 804 1950 1274.
818 1896 872 1952 doli
886 1895 928 1950 od.
942 1899 1056 1968 August.

300 2044 331 2094 K.
344 2040 448 2111 liudolf
454 2038 562 2110 fordere
573 2040 625 2093 den
638 2039 798 2110 Eradiecbof
812 2041 921 2094 Werner
932 2058 981 2095 von
995 2039 1091 2102 Melos,
1105 2048 1181 2094 anter
1194 2041 1394 2113 Anerlcennung
1406 2043 1492 2096 eeincr

233 2178 235 2182 .
297 2130 385 2184 dieder
410 2131 563 2201 geleisteten
591 2130 717 2192 bienna,
743 2129 805 2199 auf,
830 2130 905 2182 scine
927 2130 992 2198 (des
1018 2129 1135 2200 Konipe)
1162 2131 1403 2201 Anpetcpendeiten
1429 2132 1492 2185 heim

293 2218 463 2290 papetts'chen
478 2217 571 2272 senate
582 2236 639 2272 enm
655 2219 797 2288 penatigero
812 2216 954 2272 Adechtusa
971 2237 1003 2272 zu
1015 2218 1125 2288 brimeu
1138 2221 1195 2272 unct
1206 2221 1303 2274 descen
1318 2219 1493 2288 catomum

551 2325 600 2360 zur
620 2306 826 2378 Verbeirctbung
838 2306 927 2362 see‘ner
940 2307 1042 2360 Kinder
1054 2327 1086 2362 zu
1101 2307 1236 2362 crwirhcn.

370 2454 448 2506 Gerb.
465 2453 491 2516 l,
508 2451 550 2504 19.

386 2595 528 2658 Adauctis
551 2594 637 2657 nobis
661 2600 778 2676 perte,
803 2593 901 2655 divine
929 2593 1138 2674 inspiracionis
1160 2593 1321 2665 instinctu,
1353 2598 1490 2670 continue

295 2702 505 2786 prosperitatis
518 2701 671 2782 auspiciis,
689 2721 766 2763 nunc
785 2702 820 2762 de
838 2721 914 2763 novo
931 2701 961 2762 in
979 2701 1061 2763 curia
1073 2701 1215 2772 Romana,
1233 2703 1491 2783 quemadmodum,

295 2810 461 2875 honorabili
477 2810 513 2871 N.
533 2809 712 2871 cancellario
735 2814 837 2871 nostro
854 2807 940 2870 nobis
958 2807 1145 2879 insinuante,
1169 2809 1341 2880 didicimus,
1360 2809 1489 2872 efficacis

295 2919 394 3001 operis
418 2924 448 2980 et
469 2937 560 2999 opere
582 2921 631 2979 tue
654 2915 782 2978 solercia
805 2916 849 2977 sic
872 2914 1000 2986 adiecit,
1028 2921 1060 2978 ut
1089 2915 1205 2996 singula
1228 2935 1376 2997 procures
1403 2924 1433 2980 et
1454 2917 1489 2996 b)

294 3045 456 3107 procurare
474 3045 533 3106 non
550 3043 654 3086 cesses
672 3023 768 3085 animo
792 3022 962 3094 indefesso,
993 3041 1051 3104 que
1075 3023 1186 3085 nostris
1204 3024 1327 3086 estimas
1347 3029 1488 3106 oportuna

293 3131 487 3213 provectibus
510 3136 540 3194 et
562 3128 804 3192 consummativis
833 3129 996 3192 honoribus
1025 3129 1182 3192 adiectiva.
1221 3130 1321 3210 Digne
1345 3132 1439 3212 igitur
1462 3133 1487 3193 in

293 3240 469 3320 preconium
485 3243 536 3300 tue
552 3237 649 3299 laudis
666 3236 863 3316 assurgimus,
882 3236 971 3316 digne
994 3257 1053 3297 non
1075 3235 1223 3299 immerito
1246 3237 1302 3299 tibi
1325 3239 1365 3300 ad
1389 3244 1485 3319 grates

294 3345 461 3426 uberrimas
479 3345 654 3408 inclinamus
673 3365 708 3422 ex
725 3364 771 3414 eo,
796 3342 874 3426 quod
897 3341 967 3404 lidei
991 3343 1107 3406 stabilis
1129 3348 1279 3405 armatura
1303 3346 1486 3424 precinctus,

293 3455 391 3516 votiva
407 3451 589 3534 plantacioni
605 3456 656 3513 tue
673 3452 803 3512 fomenta
821 3469 879 3510 non
896 3445 1066 3520 subtrahis,
1090 3449 1144 3510 sed
1165 3448 1391 3512 incessabiliter
1407 3451 1485 3513 loves

294 3570 325 3626 ct
342 3562 462 3643 irrigas,
478 3561 698 3624 vindemiarum
714 3559 752 3621 ab
770 3577 806 3621 ea
823 3557 946 3620 delicias
965 3562 1153 3638 recepturus.

386 3671 461 3733 llinc
479 3675 536 3741 est,
554 3669 633 3752 quod
651 3687 718 3731 cum
736 3667 772 3728 de
789 3665 926 3746 puritatis
944 3669 993 3726 tue
1012 3664 1186 3727 constancia
1200 3663 1302 3726 leticie
1315 3668 1482 3747 vespertine

293 3778 432 3840 fiduciam
459 3777 567 3841 lucifer
595 3775 708 3838 tribuat
734 3774 895 3836 matutinus
913 3773 969 3857 c]:
1001 3772 1207 3834 sinceritatem
1235 3776 1317 3834 tuam
1345 3793 1482 3855 rogamus

292 3886 403 3949 ellectu
431 3905 489 3968 quo
516 3904 676 3967 possumus
699 3880 850 3962 ampliori,
880 3886 1026 3962 quatenus
1050 3879 1088 3940 ad
1110 3877 1327 3960 perficiendum
1350 3881 1481 3943 incursus

292 3992 525 4063 comitaberis,
542 3991 683 4053 videlicet
699 4009 773 4070 opus
790 3988 856 4059 Dei,
874 3988 952 4068 apud
970 3985 1190 4049 sanctissimum
1207 3989 1324 4066 patrem
1342 3993 1482 4056 nostrum,

293 4103 443 4166 dominum
460 4119 606 4164 summum
622 4097 806 4180 pontificem,
823 4095 903 4158 sicut
919 4094 1108 4158 laudabiliter
1131 4093 1291 4164 inchoasti,
1315 4097 1362 4156 sie
1384 4095 1482 4157 lauda-

292 4210 380 4272 bilius
408 4228 604 4292 perseveres,
633 4227 691 4269 non
720 4206 910 4266 discessurus
934 4223 952 4264 a
981 4203 1080 4272 curia,
1109 4202 1205 4263 donec
1232 4200 1383 4283 principia
1409 4202 1480 4264 bone

181 3827 254 3868 dotto
261 3827 280 3865 d.

383 4407 417 4474 c)
432 4404 472 4458 Ad
487 4405 528 4456 his
542 4403 689 4470 obligamus
703 4401 770 4454 fehlt
783 4401 812 4452 V.
830 4428 857 4437 -
875 4399 905 4466 d)
919 4415 1051 4468 procures
1066 4403 1092 4449 et
1106 4413 1145 4448 am
1158 4395 1250 4450 Raude
1263 4395 1294 4450 V.
1306 4426 1344 4438 -
1357 4400 1389 4467 c)
1404 4403 1479 4450 matu·

291 4494 354 4550 tiuis
368 4496 396 4550 V.
