3100 5116
271 353 349 427 398

270 528 400 596 honores
419 537 449 596 et
465 538 622 601 commoda
638 540 844 620 promovenda
861 539 1019 603 sublimius
1036 539 1140 621 pronis
1157 555 1354 619 assurgamus
1373 534 1468 598 allec-

267 639 348 706 tibus
371 645 402 706 et
427 644 615 709 ferventibus
645 647 803 712 desideriis
832 648 1041 718 intendamus,
1071 666 1131 712 non
1161 648 1256 710 solum
1283 644 1315 708 id
1343 646 1466 728 proprie

265 749 442 834 probitatis,
468 753 521 816 sed
540 761 667 837 accepta
686 763 811 839 paterne
833 778 888 821 nec
905 778 965 821 non
979 757 1057 821 avite
1082 755 1290 820 strennuitatis
1316 754 1465 839 obsequia

266 865 450 924 meruerunt.
482 862 555 924 Cum
571 864 665 946 igitur
681 865 711 928 in
728 866 779 930 tali
797 867 927 929 ecclesia
945 886 1036 951 super
1050 863 1145 949 ipsius
1162 864 1336 947 provisione
1352 864 1487 946 prima-¹

266 969 327 1034 rias
343 970 508 1035 fuderimus
524 992 631 1054 preces
645 980 776 1047 nostras,
790 975 963 1040 fidelitatem
976 980 1058 1039 tuam
1070 973 1251 1058 requirimus
1265 979 1297 1037 et
1310 994 1467 1056 rogamus,

267 1083 415 1164 quatenus
445 1079 482 1142 ad
518 1078 566 1153 id,
600 1083 681 1167 quod
714 1083 869 1166 predictus
898 1082 935 1147 N.
961 1103 1053 1168 super
1080 1083 1279 1146 assecucione
1307 1083 1468 1165 prebende

266 1194 420 1269 speratum
438 1189 617 1255 intensionis
636 1211 689 1254 sue
705 1193 892 1276 propositum
909 1196 1122 1277 consequatur,
1145 1212 1201 1274 pro
1225 1191 1328 1255 diuina
1344 1197 1468 1256 nostra-

266 1318 325 1382 que
341 1298 517 1363 reverencia
534 1321 623 1365 curas
638 1301 771 1365 servidas
794 1308 824 1365 et
846 1301 992 1366 sollicitas
1015 1320 1124 1383 operas
1148 1300 1272 1364 studeas
1295 1300 1467 1364 efficaciter

268 1408 432 1491 applicare,
449 1408 490 1472 ita
509 1410 589 1494 quod
605 1411 655 1474 ille
673 1411 810 1476 sincerus
829 1410 967 1482 affectus,
984 1429 1073 1496 quem
1091 1428 1165 1491 erga
1181 1409 1311 1473 eundem
1328 1410 1466 1491 gerimus

265 1519 464 1588 incessanter,
472 1520 585 1582 nullum
596 1541 720 1604 prorsus
738 1521 889 1585 desectum
905 1521 936 1583 in
953 1519 1063 1584 ellectu
1076 1519 1239 1592 contineat,
1252 1518 1309 1581 sed
1322 1518 1468 1583 exuberet

266 1625 373 1708 pocius
398 1626 436 1688 ad
457 1627 634 1708 profectum.
669 1629 796 1713 Propter
818 1629 899 1714 quod
921 1631 952 1691 in
974 1627 1033 1691 tuis
1056 1633 1087 1691 et
1109 1633 1228 1690 tuorum
1255 1628 1386 1710 agendis
1411 1651 1465 1692 nos

268 1756 388 1820 semper
404 1737 567 1822 experieris
585 1738 737 1802 ultroneos
755 1735 857 1829 ether
872 1739 970 1802 omnia
987 1738 1143 1803 benivolos
1161 1736 1387 1821 comprobabis.

840 1944 903 2016 52.

444 2086 611 2167 lmperator
626 2085 750 2147 resumlt
767 2092 797 2149 et
813 2090 935 2148 revocat
952 2085 989 2149 ab
1008 2084 1101 2148 erlllo
1117 2082 1294 2165 relegatum.

269 2247 349 2301 Eioer
366 2247 417 2300 der
435 2243 525 2300 Sdbne
544 2243 711 2300 Friedrieb’a
731 2247 764 2298 11.
786 2244 913 2313 (Conrod
930 2245 947 2297 1
951 2245 977 2297 V.
997 2244 1063 2298 oder
1081 2241 1225 2315 Maofrcd)
1244 2241 1306 2297 leot
1324 2243 1372 2298 die
1382 2235 1470 2315 pepon

269 2339 334 2391 aocet
347 2338 459 2390 Getrcue
472 2353 522 2391 ooo
535 2336 637 2392 scinem
657 2337 736 2390 Vater
749 2334 893 2406 oerbdnpte
909 2334 1003 2406 Strafc
1016 2337 1066 2388 der
1086 2334 1273 2406 Verbanounp,
1288 2335 1339 2389 dea
1355 2334 1476 2406 Gefdop·

627 2426 715 2482 nicaeo
728 2428 784 2481 und
796 2427 846 2481 der
858 2423 1038 2496 Ebriosiplcez't
1050 2424 1106 2496 cof.

364 2575 437 2627 Petr.
453 2572 487 2626 de
501 2572 558 2627 Vin.
572 2571 598 2634 6,
614 2572 655 2627 13.

361 2721 443 2786 Satis
460 2721 546 2784 nobis
565 2719 647 2784 cedit
663 2720 701 2783 ad
717 2721 844 2802 gloriam
861 2726 891 2783 et
906 2719 1051 2782 bonorem
1074 2698 1246 2800 nostrisque
1270 2715 1414 2782 fidelibus
1432 2718 1476 2782 ad

268 2835 454 2916 profectum,
477 2831 502 2892 si
519 2835 617 2893 motus
635 2835 772 2901 nostros,
789 2849 865 2913 quos
883 2834 981 2892 armat
996 2827 1156 2910 potencia,
1173 2826 1217 2888 sic
1235 2827 1472 2891 mansuetudine

268 2949 488 3024 temperemus,
511 2944 545 3002 ut
559 2959 638 3022 pene
656 2938 819 3011 duriciam,
848 2957 938 3023 quam
953 2937 1037 3019 rigor
1053 2935 1173 2999 iusticie
1190 2933 1287 2999 dictat
1308 2937 1339 3000 in
1358 2937 1474 3007 noxios,

269 3055 401 3133 ungento
430 3054 532 3112 nostre
561 3045 726 3110 clemencie
754 3045 938 3119 molliamus,
967 3050 999 3108 ut
1021 3048 1142 3108 crescat
1166 3044 1196 3106 in
1225 3041 1356 3109 subditis
1386 3044 1474 3125 vigor

269 3159 446 3226 obediencie
463 3162 503 3229 et,
520 3177 589 3220 cum
605 3157 780 3220 devotorum
804 3154 972 3218 succrescit
996 3154 1144 3225 cumulus,
1162 3153 1287 3216 honoris
1305 3153 1404 3217 nostri
1421 3173 1476 3235 per

269 3290 459 3353 consequens
486 3267 599 3350 tytulus
628 3271 783 3348 augeatur.
816 3264 881 3327 Hac
909 3264 1002 3346 igitur
1029 3261 1279 3325 consideracione
1310 3261 1419 3326 moniti
1444 3265 1475 3324 et

268 3379 399 3452 inducti,
431 3383 536 3442 tenore
568 3373 758 3458 presencium
790 3371 1049 3457 notumtfacimus
1080 3369 1248 3440 universis,
1278 3370 1375 3454 quod,
1403 3369 1475 3432 licet

271 3492 341 3555 olim
357 3491 432 3554 tales
445 3491 486 3576 a]
499 3487 602 3550 fideles
617 3484 711 3548 nostri
729 3483 768 3546 ob
785 3487 871 3546 notas
884 3481 1012 3564 aliquas,
1035 3480 1144 3565 quibus
1158 3501 1210 3542 eos
1224 3479 1292 3564 plus
1307 3480 1476 3563 aliquorum

150 3599 475 3683 p01,591„calumpniosa
497 3593 664 3664 detractio,
691 3613 781 3677 quam
803 3591 877 3655 sacti
903 3590 1031 3653 alicuius
1049 3587 1205 3652 evidencia
1222 3587 1297 3652 fecit
1315 3588 1475 3660 obnoxios,

271 3711 308 3773 de
337 3708 476 3773 mandato
506 3704 565 3768 divi
588 3702 726 3785 Augusti,
755 3699 852 3763 selicis
874 3697 1101 3779 recordacionis
1127 3696 1236 3759 domini
1259 3697 1411 3760 Friderici
1428 3697 1475 3779 t),

270 3817 415 3903 genitoris
433 3815 538 3886 nostri,
556 3813 594 3876 ad
610 3812 701 3876 talem
718 3809 847 3874 insulam
864 3808 903 3895 a)
920 3807 1008 3870 exilio
1026 3806 1138 3869 fuerint
1153 3805 1281 3886 relegati
1301 3811 1333 3869 et
1349 3811 1476 3890 propter

270 3930 329 3992 hoc
345 3926 402 3991 visi
419 3924 531 3988 fuerint
546 3928 633 3985 notas
657 3919 779 3982 infamia
797 3916 978 3986 incurrisse,
1002 3913 1198 3978 humanitatis
1217 3911 1306 3975 nobis
1325 3913 1474 3980 suadente

271 4035 438 4102 clemencia
454 4031 525 4096 victi
543 4052 656 4101 sumus,
673 4030 815 4112 ipsosque
833 4047 851 4088 a
867 4046 1001 4097 carcere,
1026 4043 1084 4107 quo
1101 4022 1294 4094 tenebantur,
1311 4023 1430 4087 absolvi
1448 4031 1477 4085 et

272 4146 311 4211 ab
329 4145 415 4208 exilio
434 4141 559 4206 fecimus
576 4138 725 4210 revocari,
744 4137 889 4199 offensam
907 4154 960 4197 seu
974 4137 1076 4195 notam
1092 4113 1226 4203 ibfamie,
1243 4150 1335 4215 quam
1353 4139 1478 4215 propter

274 4260 333 4321 hoe
356 4251 544 4319 contraxisse
560 4247 756 4319 videbantur,
784 4244 918 4330 plenarie
941 4241 1149 4312 remittentes,
1177 4240 1246 4321 lege
1263 4241 1311 4303 vel
1329 4241 1480 4308 consttu-

277 4369 363 4432 cionc
380 4363 479 4446 aliqua
497 4381 557 4423 non
574 4358 725 4430 obstante,
742 4357 848 4420 harum
864 4352 1036 4417 testimonio
1053 4350 1217 4414 literarum.
1235 4350 1304 4413 Dat.

370 4494 403 4564 a)
422 4492 453 4548 C.
472 4496 499 4544 et
518 4491 549 4545 0.
568 4491 639 4542 Petr.
660 4486 694 4540 de
713 4485 770 4539 Vin.
784 4513 820 4522 -
833 4481 865 4550 t)
880 4475 922 4534 l'r.
943 4479 1011 4533 fehlt
1029 4480 1071 4532 bei
1090 4478 1165 4533 Petr.
1177 4476 1210 4531 ds
1223 4477 1280 4531 Vin.
1301 4508 1325 4517 -
1345 4477 1377 4547 c)
1390 4477 1475 4532 uere·

282 4588 335 4660 leg.
349 4586 442 4641 Malae.
458 4584 538 4638 ldcm.
