3112 5118
863 624 923 693 ll.

686 800 849 878 lupentor
871 805 997 878 cogunt
1021 817 1084 860 sur.

799 953 873 1008 Eudo
892 953 972 1008 1253.

291 1095 401 1147 Konrod
421 1095 467 1148 IV.
495 1102 589 1149 noscet
610 1095 669 1148 eine
688 1097 842 1149 verbenae
862 1095 927 1149 oter
948 1098 999 1150 deri
1016 1097 1071 1150 Tod
1086 1096 1163 1149 Ottc'o
1185 1097 1234 1150 elce
1250 1093 1421 1148 Erloucbten
1440 1110 1488 1147 von

829 1184 939 1238 Beier-rr.

381 1324 520 1388 boebmsr,
535 1325 602 1394 fleg.
617 1325 732 1379 Conradi
745 1327 795 1386 iv..
809 1345 850 1382 uo.
867 1327 928 1380 132.

379 1469 456 1530 Dum
483 1474 554 1549 post
581 1470 703 1533 sedatos
731 1470 864 1553 undique
892 1470 1046 1540 turbines,
1075 1491 1151 1553 quos
1179 1469 1292 1534 dudum
1320 1470 1355 1532 in
1387 1488 1484 1549 regno

291 1574 403 1657 Sycilie
418 1578 562 1658 temporis
585 1579 790 1659 calumpniosa
805 1580 938 1659 procella
955 1586 1175 1651 commoverat,
1197 1579 1311 1642 uostris
1328 1578 1373 1664 a)
1391 1597 1488 1658 nuper

290 1683 406 1746 faveret
421 1682 580 1749 affectibus
597 1689 715 1750 fortune
737 1688 895 1768 placiditas
919 1694 950 1751 at
972 1694 1143 1750 nostrorum
1163 1707 1369 1767 processuum
1391 1687 1488 1749 latera

290 1790 433 1854 circuiret
441 1813 451 1862 ;
475 1793 573 1856 subito
589 1815 692 1858 rumor
706 1796 834 1859 infestus
848 1801 879 1858 et
891 1795 1011 1858 nubilus
1024 1797 1156 1859 claustra
1168 1801 1270 1858 nostre
1286 1795 1487 1857 iocunditatis

173 1927 245 1967 snas
256 1928 277 1966 s.
290 1897 424 1979 infregit,
439 1899 505 1962 illas
518 1900 605 1962 nobis
617 1902 761 1982 insipidas
774 1902 1215 1987 amaritudinisproposicioues
1233 1903 1389 1972 inserens,
1407 1901 1486 1982 quod

290 2008 349 2071 slus
370 2008 522 2079 Bauarie,
553 2007 729 2071 karissimus
761 2029 851 2071 socer
881 2016 1001 2080 noster,
1021 2007 1204 2090 'superioris
1235 2008 1323 2071 ducis
1357 2014 1484 2070 vocatus

289 2115 431 2198 imperio,
460 2121 491 2176 et
518 2114 556 2176 ad
577 2115 721 2195 patriam,
750 2135 808 2197 quo
833 2117 890 2179 iter
913 2121 959 2178 est
975 2115 1129 2187 omnibus,
1159 2116 1294 2196 generali
1309 2115 1483 2178 mortalium

290 2223 472 2288 necessitate
495 2223 622 2293 citatus,
650 2223 844 2286 humanitatis
867 2243 1024 2286 commune
1048 2223 1199 2294 debitum,
1227 2223 1308 2303 quod
1339 2222 1486 2304 excepoio

291 2330 395 2412 quevis
411 2329 541 2409 allegata
558 2349 617 2392 non
633 2334 787 2409 prorogat,
803 2329 858 2391 sed
874 2351 910 2391 ex
926 2329 1090 2392 inevitabili
1106 2329 1260 2392 fatalitatis
1277 2330 1349 2409 lege
1366 2330 1486 2391 ridetur

292 2438 387 2519 procb
408 2437 509 2499 dolori
534 2435 697 2498 exsolvisse
718 2435 754 2520 1).
787 2436 831 2496 Ex
848 2455 906 2517 quo
929 2445 1002 2498 saue
1023 2441 1106 2498 tanto
1135 2455 1188 2498 nos
1215 2436 1348 2516 pupugit
1371 2435 1482 2498 doloris

293 2565 387 2609 novus
403 2545 481 2636 icutus
498 2544 649 2615 acerbius,
666 2548 776 2625 quanto
792 2545 929 2624 persius
945 2544 1130 2614 absenciam,
1152 2544 1203 2625 qui
1225 2543 1312 2626 quasi
1336 2544 1484 2624 genitoris

294 2654 325 2714 in
340 2650 427 2715 nobis
444 2650 575 2714 officium
591 2650 807 2730 compensabat
833 2656 879 2719 et,
907 2652 997 2713 velud
1025 2652 1118 2714 nostri
1141 2671 1211 2731 pars
1227 2671 1339 2731 magna
1357 2650 1484 2718 consilii,

296 2778 369 2841 erga
385 2779 439 2821 nos
456 2757 592 2819 karitatis
608 2761 733 2838 paterne
749 2776 809 2818 non
825 2757 955 2837 impares
967 2746 1100 2838 'gerebat
1115 2757 1258 2828 allectus,
1280 2757 1378 2820 multa
1402 2756 1484 2820 nobis

296 2868 397 2930 decise
414 2871 512 2930 caruls
529 2865 568 2946 b)
584 2872 614 2926 et
630 2864 756 2944 grandia
772 2865 918 2926 sentimus
935 2866 1090 2927 commoda
1106 2870 1255 2928 resecata.
1288 2865 1404 2928 Verum
1420 2864 1486 2946 quia

296 2975 340 3037 sic
368 2971 643 3052 irrecuperabiliter
671 2971 781 3033 cadere
807 2971 937 3032 bominis
967 2977 1013 3032 est
1040 2975 1162 3041 natura,
1189 2993 1225 3034 eo
1250 2971 1329 3053 quod
1355 2990 1434 3052 pena
1457 2975 1485 3032 et

296 3079 418 3142 morbus
442 3080 498 3140 iste
527 3099 585 3140 non
613 3077 653 3140 sit
679 3076 865 3138 medicabilis
891 3078 995 3158 quavis
1019 3082 1102 3146 arte,
1130 3077 1183 3138 scd
1206 3077 1284 3139 illius
1303 3083 1352 3139 est
1369 3077 1482 3139 excelse

297 3189 418 3249 dextere
434 3186 574 3255 mutacio,
592 3184 643 3266 qui
660 3183 757 3264 capud
774 3185 925 3246 excelsum
942 3189 972 3246 et
992 3184 1102 3246 humile
1125 3184 1307 3246 necessariis
1326 3183 1484 3264 complexi-

297 3295 353 3358 bus
371 3292 540 3375 equalitatis
563 3292 703 3354 involvit:
726 3297 829 3353 mutua
856 3291 943 3354 nobis
973 3291 1078 3354 exinde
1102 3290 1226 3352 consilia
1249 3295 1320 3354 sunt
1336 3289 1483 3352 solaminis

297 3401 487 3472 assumenda,
509 3406 543 3463 ut
559 3406 589 3463 et
605 3421 659 3462 uos
677 3400 853 3463 decedentis
876 3401 970 3480 patris
988 3419 1128 3463 occasum
1145 3398 1362 3480 superstitibus
1380 3419 1483 3462 conso·

309 3530 392 3572 emur
408 3508 438 3569 in
454 3507 540 3577 filiis,
556 3509 586 3569 in
604 3507 711 3588 quibus
730 3506 815 3568 nobis
832 3505 985 3570 affinitatis
1003 3507 1098 3569 solide
1114 3507 1241 3588 pignora
1263 3511 1479 3573 remanserunt,

298 3620 395 3683 otiu,
412 3633 588 3695 quecunque
605 3613 659 3676 tibi
676 3618 737 3674 tam
753 3612 890 3674 turbidus
908 3618 1032 3676 eventus
1049 3612 1229 3692 ingesserit,
1257 3613 1289 3673 in
1305 3612 1395 3675 nobis
1411 3614 1480 3674 irre·

299 3719 480 3801 superabilis
513 3720 631 3781 sencias
665 3719 862 3788 detrimenta,
894 3739 952 3801 que
984 3725 1044 3782 tam
1077 3740 1112 3780 ex
1145 3719 1243 3780 carnis
1272 3721 1404 3790 unione,
1431 3739 1482 3801 qua

299 3827 477 3906 iniungimur
493 3829 539 3906 c),
556 3845 645 3908 quam
662 3846 696 3886 ex
713 3826 880 3888 dilectionis
895 3827 1025 3896 vinculo,
1043 3845 1100 3908 quo
1114 3825 1241 3897 unimur,
1258 3830 1311 3887 tua
1325 3832 1356 3888 et
1373 3833 1483 3889 tuorum

392 4023 426 4090 o)
440 4020 537 4074 nostris
551 4037 591 4074 am
605 4020 702 4074 Rauda.
717 4051 751 4059 —
766 4019 796 4086 o)
811 4020 897 4104 carnis
911 4020 960 4071 auf
970 4018 1064 4073 liseur.
1081 4049 1109 4058 -
1126 4021 1157 4087 c)
1173 4019 1327 4088 inungimur
1340 4022 1371 4074 V.

330 4305 353 4363 ¹)
372 4307 463 4363 Herzog
485 4307 539 4350 otto
558 4308 583 4349 ll.
608 4307 650 4350 der
672 4306 797 4351 Erlauclrte
822 4318 867 4350 von
885 4305 976 4357 Boiam,
1002 4305 1115 4348 Kourntl's
1132 4305 1169 4347 lV.
1186 4303 1403 4363 Scbwlegervater,
1427 4305 1485 4347 olari

366 4399 401 4430 um
418 4386 456 4432 29.
475 4387 532 4431 Nor.
552 4386 619 4430 1253.
