3112 5118
304 253 378 322 182

298 425 394 488 statis.
427 425 541 488 Rursus
558 424 663 487 eadem
678 430 816 505 peccata,
840 424 956 496 divina,
985 425 1064 488 sicut
1081 422 1249 495 credimus,
1277 423 1489 506 indignacione

298 533 499 614 permittente,
515 533 705 616 prepediunt,
722 553 759 594 ne
776 533 911 596 adhibita
927 533 985 596 hiis
1000 533 1145 596 malorum
1157 531 1271 596 morbis
1287 533 1329 618 a)
1345 533 1491 604 remedia,

302 659 379 722 quos
394 640 517 720 patitur,
535 640 748 704 convalescant
769 645 806 720 ¹).
840 640 951 703 Verum
975 640 1044 724 quia
1066 660 1125 703 non
1147 639 1335 703 obliviscitur
1359 641 1493 702 misereri

300 747 401 819 Deus,
429 767 486 808 nec
514 748 607 810 durus
631 748 662 809 in
683 749 727 810 ira
750 747 904 810 concludit
926 768 980 809 sne
1003 747 1122 810 viscera
1142 748 1280 828 pietatis,
1310 768 1373 809 non
1396 753 1442 810 est
1457 746 1492 808 ab

301 861 448 936 oportune
472 855 641 918 curacionis
665 856 791 928 studiis,
819 875 878 938 que
901 844 1022 938 publice
1046 856 1149 918 salutis
1171 855 1299 938 requirit
1315 857 1493 927 necessitas,

304 962 521 1026 desistendum.
539 963 617 1026 Nam
633 964 691 1026 etsi
708 984 744 1024 ex
760 964 880 1026 occulto
896 964 1006 1026 iudicio
1022 963 1064 1044 pii
1080 963 1191 1026 laboris
1208 964 1325 1026 fructus
1343 963 1495 1028 differatur

300 1070 339 1132 ad
354 1076 485 1152 tempus,
501 1077 602 1133 tamen
617 1070 775 1134 laudabilis
792 1071 971 1133 intencionis
987 1072 1126 1134 meritum
1149 1091 1208 1134 nou
1224 1071 1379 1134 suffertur.
1414 1072 1493 1134 Satis

300 1179 409 1262 quippe
441 1181 480 1243 ad
511 1179 686 1260 sopiendam
718 1181 971 1250 controversiam,
1012 1198 1070 1261 que
1101 1179 1181 1242 inter
1210 1178 1388 1242 karissimos
1419 1179 1493 1242 filios

300 1293 421 1350 nostros
448 1307 553 1368 regem
577 1288 777 1350 Romanorum
806 1308 841 1349 ex
862 1293 948 1368 parte
972 1307 1029 1349 una
1053 1291 1083 1350 ot
1103 1290 1239 1350 maritum
1256 1291 1340 1349 tuum
1358 1295 1494 1368 exparte

299 1394 392 1456 altera
422 1395 565 1466 uertitur,
595 1401 642 1457 est
663 1399 788 1457 actenus
811 1414 866 1476 per
888 1394 1052 1476 apostolice
1075 1395 1155 1457 sedis
1179 1401 1210 1458 et
1229 1393 1401 1474 legatorum
1432 1397 1493 1458 eius

303 1502 494 1583 diligenciam
526 1507 556 1564 ct
591 1501 769 1562 industriam
806 1499 973 1563 laboratum
998 1500 1045 1584 2),
1078 1501 1132 1562 sed
1164 1499 1340 1562 difficultate
1374 1501 1493 1582 negocii

299 1609 461 1672 humanam
477 1613 674 1690 exsuperante
692 1608 898 1692 prudenciam,
916 1609 987 1690 quin
1002 1609 1081 1670 forte
1097 1609 1204 1689 pocius
1225 1609 1358 1676 nondum
1383 1629 1493 1690 pecca-

299 1723 398 1781 torum
426 1724 603 1799 consumpta
619 1717 658 1803 b]
674 1718 816 1789 materia,
841 1736 899 1800 que
928 1736 1036 1779 causas
1064 1722 1146 1779 tante
1169 1717 1344 1780 afflictionis
1369 1717 1493 1790 induxit,

300 1825 428 1896 fructus,
446 1843 533 1906 quem
549 1825 770 1906 expectavimus
788 1845 823 1886 ex
839 1823 974 1905 inpensis
997 1822 1160 1895 laboribus,
1184 1845 1244 1886 non
1267 1825 1378 1887 evenit
1420 1825 1494 1906 Quia

300 1932 394 2014 igitur
409 1933 442 1994 in
458 1931 663 1994 controversia
680 1930 732 1994 tali
749 1932 842 1994 multa
858 1931 1013 1994 imminent
1029 1931 1193 1994 animarum
1209 1932 1363 2013 pericula,
1387 1953 1494 2014 corpo-

300 2060 367 2102 rum
395 2046 529 2122 strages,
558 2046 588 2102 et
615 2038 761 2102 bonorum
789 2046 956 2122 temporum
972 2039 1011 2125 o]
1029 2039 1217 2112 detrimenta,
1246 2045 1277 2102 et
1303 2047 1409 2121 preter
1437 2041 1493 2106 boc

300 2149 494 2230 dampnosum
521 2146 744 2229 prepedicionis
772 2145 978 2218 obstaculum,
1014 2163 1072 2227 quo
1100 2146 1253 2228 religionis
1280 2146 1438 2212 lratbolice
1465 2157 1494 2214 ct

303 2256 512 2320 ecclesiastice
534 2255 683 2320 libertatis
704 2255 901 2326 reformacio,
929 2260 1110 2338 proventura
1140 2255 1247 2318 circa
1271 2275 1493 2320 consuman-

304 2365 384 2427 dam
420 2363 709 2426 ordinacionem
744 2363 899 2446 imperii
934 2364 1090 2426 Romani
1115 2362 1144 2450 8)
1171 2365 1362 2428 retardatur:
1387 2366 1493 2429 nobili-

303 2477 396 2536 tatem
417 2476 499 2533 tuam
526 2489 678 2550 rogamus,
706 2491 861 2534 monemus
885 2477 916 2534 et
938 2473 1094 2535 hortamur
1125 2476 1239 2533 attente
1271 2478 1302 2535 et
1333 2472 1365 2535 in
1387 2475 1494 2536 remis·

303 2580 418 2640 sionem
444 2577 499 2640 tibi
525 2579 733 2658 peccaminum
759 2577 967 2660 iniungentes,
996 2584 1142 2660 quatenus
1163 2583 1287 2659 propter
1314 2580 1429 2652 Deum,
1457 2580 1493 2642 ob

303 2691 437 2751 nostram
453 2691 484 2748 ct
499 2687 665 2767 apostolice
687 2686 770 2748 sedis
792 2687 1014 2757 reverenciam,
1042 2706 1101 2748 uec
1122 2707 1182 2751 non
1205 2706 1261 2767 pro
1282 2687 1382 2750 salute
1398 2689 1494 2757 tocius

302 2792 404 2876 populi
421 2794 588 2864 christiani,
605 2793 735 2856 animum
757 2800 840 2857 tuum
863 2797 909 2856 sie
937 2795 975 2856 ad
1002 2793 1113 2856 bonum
1135 2795 1220 2875 pacis
1242 2794 1388 2867 inclines,
1418 2797 1496 2878 quod

303 2905 421 2986 prelata
438 2903 653 2975 controversia,
669 2903 821 2966 mediante
838 2910 879 2976 te,
902 2903 991 2966 finem
1008 2905 1138 2985 accipiat
1159 2904 1321 2966 salutarem
1343 2910 1376 2967 et
1391 2906 1495 2968 huma-

304 3031 375 3074 num
390 3031 485 3092 genus
502 3011 634 3092 gaudeat
649 3011 706 3073 sibi
723 3031 879 3073 commune
897 3012 1006 3094 quictis
1031 3011 1205 3083 comodum,
1234 3011 1271 3072 de
1294 3016 1346 3072 tue
1363 3011 1493 3074 lenitatis
1530 2993 1533 3000 ¹

304 3137 427 3179 munere
457 3117 632 3198 provenisse
665 3123 696 3179 et
723 3117 887 3198 apostolica
914 3117 1004 3179 sedes
1032 3115 1087 3179 tibi
1115 3117 1221 3179 exinde
1243 3117 1283 3180 ad
1304 3119 1443 3202 graciam
1465 3123 1495 3182 ct

308 3225 548 3288 uicissitudinem
565 3225 724 3306 obligetur.

396 3403 431 3467 a)
456 3405 552 3456 morbis
567 3403 637 3457 orbis
650 3404 679 3457 V.
698 3433 725 3441 -
742 3403 773 3472 b)
798 3408 979 3472 consumptam
1002 3403 1031 3454 V.
1054 3435 1083 3442 -
1105 3401 1137 3468 c)
1159 3404 1343 3473 temporalium
1368 3423 1398 3457 au
1416 3407 1485 3459 lesen

331 3673 355 3734 ¹)
373 3675 418 3717 Das
435 3675 496 3717 kann
514 3675 565 3718 oieb
581 3676 623 3719 out
637 3675 676 3718 die
693 3675 832 3719 lleicbsnebt
852 3675 898 3718 und
915 3675 960 3719 deu
977 3675 1141 3718 Kircbeubenn
1159 3675 1285 3728 beelebeu,
1304 3675 1343 3720 die
1361 3679 1495 3738 ongewsndt

371 3755 477 3804 wurden,
493 3755 549 3798 aber
566 3756 643 3799 nicbts
660 3756 802 3800 fruchteten.

333 3831 358 3891 ²)
376 3835 455 3894 Vergl.
468 3836 625 3891 Warnlroenig
644 3839 659 3881 l.
677 3850 698 3881 c.
717 3837 771 3881 192.

334 3911 359 3973 ⁸)
376 3917 421 3960 Das
437 3917 502 3970 pacet
522 3915 637 3963 durcbous
658 3918 700 3962 aut*
714 3919 752 3962 die
768 3919 822 3964 Zeit
839 3917 945 3962 ltudolt's
967 3931 1012 3962 von
1031 3917 1161 3974 llobsburg.
1188 3919 1230 3961 [lio
1252 3917 1495 3978 wiedcrlrergestellto

372 3997 484 4056 (trdnung
500 3999 529 4042 im
547 4001 632 4045 Reicbe
649 4001 719 4044 sollte
738 4001 787 4044 ibre
806 4000 963 4056 Besiegelung
981 4000 1003 4044 in
1021 4000 1064 4044 der
1080 3998 1276 4056 Kriserkronung
1296 4001 1405 4044 Rudolt'o
1422 4001 1496 4044 erbal-

371 4078 419 4120 teo.
437 4079 505 4125 otene
522 4083 584 4124 batte
596 4082 684 4126 Rudolt
698 4082 760 4124 nocb
777 4082 858 4124 immer
875 4082 904 4124 im
922 4084 986 4139 Auge
1004 4082 1049 4124 und
1067 4080 1125 4124 aucb
1137 4081 1252 4126 Nikolaus
1264 4082 1301 4125 lv.
1321 4082 1494 4127 wuuscbteoie.

373 4158 452 4216 Vergl.
471 4161 583 4205 Boebmer
600 4164 658 4220 Reg.
677 4163 808 4218 Pipsteno.
826 4163 882 4205 262.
