3100 5116
269 324 345 396 376
405 363 407 366 -

264 499 370 583 periali
384 500 539 564 sanctione
552 503 713 574 sancimus,
728 507 875 586 quatenus
889 502 969 565 nulla
984 503 1105 565 omnino
1120 523 1261 587 persona,
1273 506 1395 571 humilis
1413 507 1458 568 vel

264 609 334 681 alta,
346 609 554 675 ecclesiastiea
568 631 622 674 seu
634 612 789 683 secularis,
802 611 872 674 huic
885 615 987 675 nostro
1000 612 1098 676 edicto
1111 613 1170 677 ullo
1183 633 1314 698 unquam
1325 619 1460 699 tempore

265 718 375 782 audeat
392 700 551 784 contraire.
567 718 653 802 Quod
672 720 723 805 qui
741 721 848 784 fecerit
866 739 953 785 secus
971 725 1027 784 etc.
1047 721 1091 784 Ad
1107 721 1151 809 a)
1166 702 1338 787 huiusmodi
1362 728 1460 787 autem

265 828 493 893 constitucionis
506 829 552 891 vel
560 830 724 894 sanctionis
732 833 833 893 nostre
842 829 1015 893 memoriam
1027 834 1057 892 et
1071 829 1163 894 robur
1174 838 1356 915 perpetuum
1368 832 1463 897 volui·

265 957 331 1002 mus
353 942 526 1021 presentem
548 939 677 1003 divalem
699 943 841 1024 paginam
863 937 928 1001 lleri
950 943 981 1001 et
1003 938 1084 1003 bulla
1106 958 1197 1003 aurea
1218 943 1338 1024 typario
1363 947 1463 1006 nostre

148 1047 431 1115 meamaiestatis
447 1048 593 1130 impressa
609 1050 750 1112 iussimus
767 1047 952 1110 communiri.
986 1049 1052 1111 Dat.
1071 1054 1128 1112 etc.

814 1375 819 1385 Ι
836 1271 899 1344 25.

450 1449 510 1514 Rex
526 1451 710 1532 regradetur
725 1449 782 1515 tell
798 1467 889 1534 super
905 1449 962 1515 llts
979 1469 1037 1532 quo
1054 1450 1112 1516 slbl
1128 1453 1258 1536 scrlpslt

728 1607 807 1664 1275.
827 1610 981 1665 November.

262 1753 350 1828 noae
362 1753 467 1826 liudolf
476 1754 552 1811 coeio
564 1756 646 1810 einem
660 1756 773 1810 Faraten
786 1755 842 1822 mit,
856 1773 887 1810 er
898 1754 967 1810 leode
979 1756 1026 1811 md
1041 1757 1144 1828 Greyor
1158 1757 1188 1810 X.
1204 1756 1265 1812 eine
1281 1758 1456 1811 Zuaammen-

261 1845 341 1917 ttanft
350 1845 454 1919 yebabt,
475 1846 518 1901 oei
528 1845 643 1903 acelaber
656 1848 706 1901 der
724 1847 778 1916 Tay
788 1844 838 1916 fdr
851 1847 895 1901 die
910 1847 1130 1918 Kaiaerlcrdnuny
1143 1845 1272 1902 bestimmt
1284 1849 1397 1903 reorden
1411 1849 1459 1902 aei.

353 1992 479 2056 Gerbert,
493 1993 520 2057 2,
533 1992 576 2047 20.

351 2139 470 2202 Literas
501 2141 618 2201 vestras
647 2138 702 2222 b),
727 2157 812 2220 .quas
845 2142 947 2201 nostro
980 2137 1105 2200 misistis
1138 2138 1277 2209 culmini,
1313 2144 1460 2202 consuete

260 2247 455 2331 benignitatis
477 2247 631 2311 alacritate
655 2248 844 2330 suscepimus
872 2252 903 2310 et
930 2248 1029 2311 ineis
1058 2251 1158 2312 vestre
1185 2247 1371 2312 sinceritatis
1393 2248 1462 2311 dul·

261 2375 363 2420 eorem
378 2355 515 2440 perfecto
530 2355 737 2439 recolligimus
757 2335 925 2420 intellectu.
959 2354 1041 2419 Sane
1065 2356 1135 2442 quia
1151 2376 1256 2421 earum
1272 2356 1314 2442 c)
1331 2363 1460 2439 accepta

262 2465 348 2529 nobis
376 2470 406 2528 et
434 2469 519 2548 grata
547 2463 706 2548 placiditas
734 2465 827 2528 nostri
862 2464 961 2528 cordis
995 2464 1159 2528 intrinseca
1190 2465 1315 2549 copioso
1347 2465 1460 2548 gaudio

262 2574 451 2646 fecundavit,
481 2594 572 2658 super
593 2573 651 2637 hiis
674 2573 760 2637 vobis
784 2574 947 2656 adgnatos
970 2575 1113 2638 maximas
1135 2574 1334 2647 inclinantes,
1359 2581 1460 2639 vestra

261 2685 397 2748 volumus
420 2682 571 2748 desideria
593 2702 652 2747 non
680 2683 791 2754 latere,
821 2683 900 2768 quod
928 2686 1053 2748 nuncios
1082 2689 1200 2748 nostros
1222 2686 1398 2769 solempnes
1422 2685 1463 2766 ad

261 2799 394 2859 vestram
421 2811 524 2856 sumus
552 2795 582 2856 in
617 2797 751 2876 proximo
785 2791 905 2856 missuri
941 2793 1147 2876 presenciam,
1180 2793 1275 2857 nostri
1310 2793 1460 2878 propositi

259 2902 363 2967 fideles
385 2903 577 2986 interpretes,
599 2900 650 2987 qui
672 2921 764 2985 super
779 2901 823 2989 d)
840 2902 1040 2965 communium
1062 2907 1232 2966 nostrorum
1248 2902 1458 2966 conformitate

259 3017 395 3076 votorum
417 3031 471 3075 vos
494 3010 696 3074 condecenter
719 3010 880 3094 expedient
903 3016 934 3074 et
951 3010 988 3074 de
1005 3011 1144 3075 omnibus
1162 3012 1317 3095 oportunis
1335 3016 1366 3075 et
1382 3031 1456 3076 con-

258 3121 342 3206 gruis
359 3121 476 3205 plenius
494 3125 524 3184 et
546 3120 663 3204 planius
679 3119 890 3183 informabunt.
923 3120 1034 3192 Porro,
1064 3125 1097 3184 ut
1119 3124 1215 3184 status
1239 3121 1333 3184 nostri
1359 3122 1456 3185 couti·

259 3234 348 3294 nuata
361 3228 491 3293 felicitas
508 3233 608 3293 vestra
625 3228 783 3313 precordia
797 3228 925 3313 quadam
942 3228 1115 3293 delectabili
1132 3229 1300 3293 refectione
1317 3229 1454 3302 letificet,

257 3340 363 3405 harum
385 3358 439 3402 vos
461 3339 597 3401 volumus
618 3357 726 3421 sapore
749 3338 917 3422 percipere,
941 3358 996 3401 nos
1013 3357 1081 3401 cum
1097 3343 1183 3422 patre
1202 3343 1304 3403 nostro
1321 3341 1452 3403 sanctis·

257 3450 344 3522 simo,
362 3447 482 3511 domino
499 3465 613 3510 summo
630 3445 782 3529 pontifice,
799 3466 896 3531 nuper
912 3447 942 3511 in
958 3446 1011 3511 tali
1027 3447 1094 3510 loco
1115 3446 1262 3511 familiare
1279 3447 1455 3512 celebrasse

256 3557 436 3642 colloquium
447 3556 494 3644 ¹),
526 3575 545 3619 a
573 3575 631 3640 quo
660 3556 781 3640 quidem
808 3555 839 3619 in
867 3557 984 3621 cunctis
1012 3556 1139 3638 agendis
1167 3555 1287 3641 imperii
1309 3556 1457 3621 ineflabili

255 3667 367 3752 pietate
390 3666 536 3749 suscepti,
559 3665 654 3729 auditi
677 3670 707 3729 et
728 3665 847 3750 plenius
870 3665 1012 3737 exauditi,
1035 3668 1066 3728 in
1083 3665 1218 3749 proximo
1235 3685 1316 3728 nunc
1331 3665 1457 3732 instanti

254 3776 333 3840 festo
354 3775 391 3839 N.
416 3775 616 3858 suscipiemus
636 3775 669 3839 in
685 3775 759 3838 urbe
776 3775 814 3837 de
831 3774 1033 3839 sacrosanctis
1050 3775 1116 3838 eius
1132 3773 1270 3837 manibus
1287 3774 1453 3856 gloriosum

254 3883 373 3969 imperii
390 3883 546 3968 dyadema.

343 4047 379 4118 a)
398 4046 439 4102 Ab
459 4047 488 4101 V.
505 4075 536 4085 —
553 4047 585 4116 b)
605 4052 710 4102 vestras
730 4051 832 4101 vestras
854 4047 880 4099 l'.
895 4076 927 4085 -
944 4048 977 4116 c)
999 4063 1088 4100 eornm
1109 4045 1137 4098 V.
1159 4044 1211 4098 und
1231 4047 1259 4100 Z.
1280 4076 1307 4085 -
1325 4046 1363 4116 d)
1377 4065 1457 4120 super

254 4139 323 4194 fehlt
342 4137 370 4192 V.

282 4395 306 4455 ¹)
326 4399 433 4446 ltudolt'e
451 4401 657 4446 Zueammenkunft
676 4400 719 4446 mit
735 4402 829 4460 Gregor
848 4401 875 4444 X.
896 4413 924 4445 au
942 4401 1063 4445 Laueanne
1081 4399 1136 4445 fund
1153 4414 1188 4445 am
1208 4400 1246 4446 la.
1268 4401 1376 4448 October
1389 4402 1450 4448 1275

326 4503 348 4535 u.
370 4489 394 4535 ff.
411 4493 479 4545 etatt,
496 4492 551 4536 cort
568 4491 649 4537 warde
668 4491 702 4536 ale
722 4491 816 4536 Termln
836 4491 873 4535 fr'rr
886 4491 924 4535 die
937 4490 1131 4549 Kaleerkrbnung
1144 4490 1185 4536 dae
1199 4491 1300 4537 ntcbete
1313 4491 1452 4552 Pflngetfeet

328 4576 381 4637 (24.
394 4581 440 4626 btsi
454 4576 528 4636 12⁷6)
541 4582 693 4640 teetgeeetat.
