3108 5118
268 295 345 368 302

266 485 340 524 suam
363 475 391 527 et
413 491 488 530 omne
511 478 616 534 bouum
641 509 667 520 -
692 478 726 550 α)
749 478 920 533 Fridericum·
940 508 974 518 -
994 475 1029 549 β)
1052 479 1175 532 Leonem.
1199 507 1227 518 -
1241 477 1275 550 a)
1298 481 1459 534 Petrum.-

266 559 298 630 d)
322 562 349 615 ln
373 562 464 620 borum
487 567 601 624 omnium
623 570 732 626 evidens
760 569 937 624 testimonium
966 576 993 623 et
1023 569 1170 631 cautelam,
1195 577 1341 639 presentes
1372 571 1461 626 damus

266 653 384 715 litteras,
415 658 562 714 rnaieetatis
594 665 684 715 nostre
717 659 797 730 sigilli
828 660 925 714 robore
951 662 1107 715 aemunitas.
1134 663 1228 717 Datum
1254 663 1280 714 in
1306 663 1463 732 llageuawe

266 759 333 800 anno
357 747 459 801 Domini
486 747 555 802 1274
576 751 663 821 pridie
683 751 771 806 Nonas
790 743 1073 822 Augusulndioriooe
1096 753 1122 817 2,
1144 753 1218 825 regni
1241 753 1327 808 nostri
1351 770 1419 807 anno
1439 753 1462 807 1,

266 835 320 906 (Ex
340 838 499 893 authentico.
519 841 612 896 Exstat
631 839 743 913 sigillum
762 841 879 897 fractum
898 841 1057 915 liudolphi.)
1076 871 1113 884 -
1131 845 1220 914 Vergl.
1247 843 1316 899 noch
1336 843 1465 898 Boehmer

265 929 329 998 licg.
352 927 418 983 liud.
441 946 482 984 no.
508 930 569 986 101.
586 961 622 974 -
636 933 912 989 lluillard-Briholles
935 934 960 996 n,
981 933 1136 1001 trae-at,
1160 935 1210 990 der
1232 934 1307 989 dicae
1331 936 1459 992 Urkuude

266 1036 373 1075 unserm
388 1019 480 1076 Codex
494 1023 523 1077 V.
538 1026 703 1080 entnommen
717 1025 774 1086 hat,
786 1025 907 1080 schreibt
920 1025 959 1078 sic
972 1024 1114 1080 ielschlich
1129 1025 1271 1082 Friedrich
1285 1025 1316 1080 ll.
1333 1044 1375 1080 zu.

854 1218 889 1285 6.

566 1373 811 1457 lrchleplscepus
828 1376 860 1440 ll.
877 1376 1074 1440 1111110111
1091 1377 1164 1458 regi.

268 1496 319 1550 uin
344 1495 505 1567 Erzbabebof
530 1497 596 1551 oder
620 1496 736 1568 Biecbof
762 1497 847 1553 delcit
871 1497 948 1553 einen
973 1495 1124 1552 romischeo
1149 1496 1236 1570 Kdaip
1259 1515 1353 1570 coepero
1379 1497 1464 1552 001101

267 1585 441 1657 Erpebenbeit
451 1604 536 1660 pogen
549 1585 596 1643 eie
609 1586 710 1644 Kirobe
721 1590 863 1646 1111101
881 1588 941 1654 tto,
960 1590 1059 1644 seiuem
1077 1587 1139 1642 bart
1159 1587 1322 1660 dedrdnptcn
1337 1589 1466 1660 Sprengel
1519 1649 1521 1652 ,

713 1700 748 1737 -zu
761 1682 837 1753 Hilfe
846 1700 878 1736 zu
891 1679 1016 1736 hommem

359 1787 437 1844 Gerb.
454 1788 480 1850 l,
495 1788 536 1841 14.

359 1936 440 2000 Satis
472 1938 558 2002 vohis
592 1939 672 2002 cedit
703 1940 741 2002 ad
774 1941 900 2021 gloriam
932 1945 962 2002 et
993 1944 1093 2002 vestre
1125 1943 1196 2002 1110
1228 1937 1343 2018 tytulus
1372 1935 1465 1998 laudis
1499 1939 1503 1944 ’

268 2043 421 2118 attollitur,
451 2048 476 2109 si
493 2066 598 2110 manus
616 2055 715 2112 vestre
732 2051 883 2129 potencia,
910 2048 1061 2131 repressis
1078 2048 1277 2130 malignorum
1294 2045 1465 2117 insultibus,

267 2153 372 2216 l'elices
402 2175 527 2237 gressus
554 2163 671 2221 vestros
701 2158 729 2218 11
758 2160 836 2221 riam
865 2159 1070 2222 mandatorum
1098 2157 1217 2220 Domini
1246 2155 1405 2237 dirigatis,
1436 2160 1467 2217 ut

266 2270 486 2346 prosequentes
504 2287 562 2350 que
580 2266 637 2329 sihi
656 2273 725 2330 sunt
741 2267 870 2350 placita,
899 2267 929 2331 11
952 2267 1047 2331 oculis
1065 2267 1205 2330 clareatis
1222 2263 1377 2328 1101111111
1394 2269 1425 2327 01
1438 2263 1467 2325 11

267 2380 433 2454 conspectu
465 2375 610 2438 Altissimi
642 2376 798 2459 placeatis.
832 2377 907 2440 Nam
940 2381 1183 2460 quatumcunque
1215 2376 1468 2459 predecessorum

267 2486 435 2545 vestrorum
450 2485 561 2549 dudum
574 2485 736 2569 primordia
754 2486 904 2570 placidum
917 2485 986 2550 olim
1003 2485 1129 2549 Domino
1147 2483 1235 2547 finem
1252 2483 1471 2567 pretenderint,

268 2597 370 2655 vestra
396 2598 497 2657 tamen
520 2594 747 2660 laudabiliorem
763 2597 826 2660 Deo
852 2602 882 2660 et
904 2593 1076 2658 hominibus
1093 2595 1324 2678 repromittunt,
1348 2591 1418 2656 dum
1441 2591 1471 2653 in

267 2702 334 2783 ipso
357 2707 460 2766 vestre
489 2704 657 2768 oreaciouis
686 2705 807 2768 exordio
836 2725 889 2769 100
918 2705 1097 2786 deputantes
1114 2704 1276 2775 Altissimo,
1307 2703 1338 2764 in
1366 2721 1472 2785 prose-

270 2812 389 2896 quendo
419 2817 449 2875 01
478 2812 646 2895 ampliando
676 2813 775 2896 dignis
800 2814 978 2886 ecclesiam,
1007 2833 1091 2879 suam
1115 2832 1268 2895 sponsam,
1291 2810 1471 2881 honoribus,

151 2925 193 2964 ¹²⁰¹·
204 2926 257 2966 ²⁷¹³·
268 2923 414 3003 promptis
443 2921 602 2986 aflectibus
632 2929 661 2986 et
689 2923 831 2988 studiosis
855 2923 997 3005 operibus
1020 2943 1073 2987 vos
1096 2922 1293 2987 favorabilem
1310 2919 1470 2984 exhibetis.

269 3030 313 3094 Ex
336 3050 394 3114 quo
417 3031 476 3095 iam
498 3036 582 3094 tenet
605 3032 735 3096 omnium
758 3033 922 3096 communis
947 3032 1063 3114 opinio,
1087 3033 1167 3116 quod
1189 3037 1289 3096 vestra
1313 3027 1470 3113 promocio

271 3161 330 3204 101
347 3140 387 3202 011
403 3140 441 3202 ah
458 3139 577 3202 homine
596 3141 650 3204 sed
673 3162 689 3204 a
707 3141 780 3205 Deo.
814 3141 946 3206 Probant
962 3141 1003 3228 a)
1020 3140 1079 3205 hoc
1095 3141 1173 3204 inter
1189 3141 1247 3204 alia
1264 3140 1328 3204 Deo
1346 3158 1471 3222 perros

271 3250 399 3335 prestita
417 3250 561 3334 obsequia
579 3257 609 3314 01
625 3250 789 3324 beneficia,
814 3252 923 3316 collata
940 3271 1036 3334 nuper
1053 3250 1182 3316 ecclesie
1199 3251 1235 3314 N.
1271 3249 1368 3332 Quam
1384 3248 1425 3336 b)
1440 3247 1470 3310 in

271 3358 928 3444 100110011001001111000111100101100,
959 3361 1205 3444 persecucionem
1230 3359 1328 3422 eidem
1358 3359 1471 3421 illatam

271 3471 421 3536 revocatis
444 3470 482 3533 ad
505 3469 652 3540 animum,
685 3470 826 3543 etmihi,
857 3470 985 3552 principi
1008 3476 1128 3541 vestro,
1162 3469 1367 3550 compatimini
1384 3469 1425 3553 e)
1441 3467 1472 3529 in

271 3580 537 3664 oppressionibus,
570 3599 644 3662 quas
678 3580 769 3643 111011
800 3579 972 3662 malignitas
1003 3597 1224 3662 perversorum.
1264 3578 1309 3641 Ad
1343 3597 1472 3661 quorum

269 3691 451 3755 insolencias
474 3689 679 3772 reprimendas
704 3689 749 3753 sic
771 3689 883 3772 regalis
901 3688 1089 3753 celsitudinis
1106 3687 1248 3751 maiestas
1265 3687 1363 3750 aciem
1381 3687 1472 3770 digne

171 3883 174 3888 Ι
270 3799 525 3865 001011011110110
543 3799 662 3863 videtur
679 3799 858 3870 extendere,
887 3799 967 3882 quod
985 3818 1043 3881 que
1061 3817 1207 3879 oppressa
1224 3799 1254 3859 et
1271 3796 1373 3860 attrita
1389 3795 1474 3861 iacet

270 3910 421 3983 eeclesia,
450 3909 506 3972 sub
524 3907 580 3970 alis
597 3913 698 3971 vestre
714 3908 872 3989 potencie,
902 3911 1101 3991 prosperante
1123 3904 1267 3976 Domino,
1296 3905 1474 3988 respirabit,

269 4026 302 4084 ut
333 4040 389 4105 per
420 4019 480 4083 hoe
510 4018 673 4082 humanum
712 4024 742 4080 et
772 4017 916 4100 precipue
948 4018 1080 4080 Romane
1114 4014 1244 4078 ecclesie
1275 4014 1412 4077 savorem
1445 4020 1477 4079 et

269 4131 415 4214 premium
438 4127 581 4211 consequi
604 4127 728 4209 possitis
753 4132 905 4199 eternum,
933 4145 980 4188 me
1004 4144 1139 4208 quoque,
1162 4129 1295 4188 vestrum
1318 4123 1477 4198 devotum,

270 4259 325 4322 pro
348 4239 443 4302 salute
465 4242 566 4301 uestra
589 4255 644 4320 pro
666 4235 742 4308 hiis,
766 4255 823 4320 que
846 4234 1033 4299 celsitudinis
1055 4237 1156 4297 vestre
1178 4231 1346 4314 respiciunt
1369 4233 1477 4298 incre-

273 4354 416 4420 mentum,
434 4348 665 4411 intercessorem
683 4352 861 4429 perpetuum
879 4344 959 4427 apud
974 4341 1133 4407 Dominum
1151 4341 1300 4406 statuatis.

366 4475 399 4544 a)
435 4475 554 4528 Probent
579 4471 598 4526 Z
625 4473 765 4530 Probatum
794 4472 821 4528 V,
851 4505 884 4514 -
913 4473 945 4546 b)
972 4471 1115 4528 Vrelleicht
1146 4485 1229 4543 quare
1260 4487 1292 4525 11
1324 4467 1411 4524 lesen.
1441 4500 1479 4512 -

273 4565 483 4642 e)compatiV.
1234 4577 1239 4586 ·
