3100 5116
621 1479 651 1552 Ι.

121 1733 316 1850 Incipiunt
337 1734 454 1822 litere
478 1739 654 1853 papales,
677 1733 904 1851 imperiales
929 1740 970 1824 ct
990 1673 1159 1852 regales.

623 2082 657 2153 1.

43 2278 229 2343 llslltstorcs
252 2284 333 2343 tcrrc
356 2283 461 2343 sancto
484 2278 654 2360 supplloant
669 2278 816 2341 llrlderloo
839 2278 1014 2359 imperatori
1036 2296 1091 2359 pro
1115 2277 1240 2341 auxillo.

130 2454 372 2539 Magnitudinem
384 2455 499 2536 regiam
517 2456 611 2517 latere
628 2473 688 2516 non
705 2454 865 2524 credimus,
880 2454 1000 2536 quantis
1018 2459 1157 2538 oporteat
1170 2475 1241 2538 cys-

42 2567 157 2629 marine
192 2563 421 2628 christianitatis
456 2563 611 2626 residuum
641 2564 786 2626 adversus
816 2562 941 2626 hostiles
975 2563 1110 2645 insydias
1139 2565 1241 2626 muni-

42 2675 192 2746 cionibus,
210 2677 317 2737 contra
333 2670 566 2734 inenarrabilem
582 2672 701 2754 tyranni
717 2671 887 2754 potenciam
904 2670 1056 2742 remediis,
1072 2676 1242 2755 atquepre-

42 2782 126 2846 sidiis
151 2785 256 2846 contra
281 2781 421 2844 draconis
445 2779 544 2850 virus,
570 2799 628 2863 quo
646 2781 730 2862 regio
746 2785 811 2845 tota
827 2781 1039 2850 confunditur,
1063 2781 1239 2864 premuniri.

41 2892 151 2956 Latere
180 2892 273 2955 etiam
294 2909 348 2952 vos
372 2909 432 2951 non
456 2889 624 2960 credimus,
653 2894 765 2974 quanta
781 2889 953 2971 patriarcha
968 2889 1240 2953 Jerusalemitanns

43 2999 177 3070 humilis,
195 2998 338 3080 religiose
355 2997 460 3060 domus
479 3001 510 3061 et
526 3001 631 3070 ceteri,
649 3003 710 3062 tam
727 2997 845 3060 nobiles
863 3018 951 3082 quam
968 2996 1067 3082 plebei
1084 2997 1241 3082 utriusque

42 3107 233 3173 condicionis
252 3110 282 3170 et
298 3105 423 3188 gradus,
462 3110 566 3187 ropter
578 3106 723 3191 preterita
731 3106 1242 3190 gwerrarumdiscrimina‚propter

41 3216 352 3299 maliciamqtemporis
370 3219 400 3278 et
416 3126 550 3278 roborum
566 3216 680 3278 excidia
699 3220 729 3277 et
746 3235 835 3278 casus
849 3215 949 3278 varios
962 3217 1151 3298 populorum,
1164 3238 1240 3301 pau-

40 3325 168 3410 pertatis
192 3324 270 3387 mole
293 3328 479 3406 premuntur,
503 3323 684 3408 quantisque
708 3323 879 3386 alliciuntur
902 3323 1031 3388 miseriis
1049 3330 1078 3388 ot
1096 3327 1241 3408 egestatis

40 3441 176 3498 extreme
200 3433 339 3500 articulo,
368 3433 449 3495 nulla
472 3432 515 3494 eis
543 3433 610 3494 data
634 3433 749 3514 requie,
773 3432 915 3516 nulloque
939 3433 1009 3504 illis,
1036 3434 1067 3496 in
1091 3439 1241 3498 tantorum

42 3543 250 3626 periculorum
268 3542 439 3606 discrimine
456 3541 640 3612 constitutis,
663 3540 847 3622 suffragante
865 3541 1011 3614 subsidio,
1036 3547 1240 3607 conterantur.

39 3651 151 3734 Latere
168 3654 322 3732 postremo
340 3671 394 3718 vos
412 3672 471 3715 non
489 3650 642 3733 cupimus,
660 3650 691 3711 in
708 3654 849 3733 quantam
865 3649 962 3712 hostis
979 3649 1126 3733 Egyptius
1144 3673 1180 3714 ex
1195 3651 1243 3714 in-

40 3758 233 3827 sufficiencia
256 3759 360 3822 virium
383 3764 485 3823 nostre
510 3759 605 3841 partis
629 3764 676 3822 est
698 3759 794 3821 elatus
813 3757 995 3839 superbiam,
1020 3779 1170 3842 quamque
1186 3761 1243 3823 im·

39 3869 170 3933 maniter
191 3867 272 3930 idem
288 3868 427 3931 manibus
446 3869 623 3931 madefactis
644 3871 674 3929 et
690 3867 789 3948 gladio
812 3868 843 3928 in
867 3868 1015 3949 sanguiue
1033 3866 1146 3930 Christi
1167 3866 1242 3932 lide-

39 3977 109 4042 lium
133 3976 349 4040 miserabiliter
371 3978 458 4058 regni
475 3977 630 4048 Armenio,
653 3997 708 4058 per
732 3975 838 4057 viginti
863 3975 978 4039 dicrum
1001 3977 1135 4057 spacium
1160 3976 1242 4039 circa

40 4092 177 4168 stragem
193 4085 379 4157 vivencium,
401 4085 542 4168 incendia
561 4085 697 4147 villarum
715 4089 745 4147 ct
760 4083 878 4148 urbium
897 4088 926 4146 et
943 4082 1061 4147 finalem
1078 4083 1242 4167 depopula-

41 4198 162 4259 cionem
180 4195 322 4265 omnium,
341 4215 399 4278 que
416 4194 513 4279 potuit
528 4194 697 4276 impetuose
716 4194 877 4274 attingere,
896 4191 1083 4257 debachatur
1090 4213 1099 4264 ;
1129 4192 1242 4256 ibidem

40 4325 161 4391 quoqne
178 4302 460 4366 immisericorditer
476 4302 591 4366 rabiem
610 4302 647 4365 ab
666 4303 735 4364 olim
752 4302 892 4384 concepti
914 4301 1026 4364 luroris
1043 4301 1189 4382 explevit,
1213 4307 1243 4366 et

40 4435 133 4498 regno
160 4412 308 4495 dissipato
332 4410 505 4474 huiusmodi
527 4430 562 4474 ac
586 4409 719 4473 totaliter
742 4411 877 4474 desolato
900 4410 930 4472 in
954 4410 1108 4491 regionem
1127 4410 1242 4492 Antyo-

42 4543 146 4588 cenam
164 4521 314 4607 pervenit,
333 4519 446 4604 ibique,
464 4525 497 4584 ut
513 4507 706 4591 fontaneum
723 4520 802 4582 omni
819 4522 943 4604 totoque
962 4537 1015 4581 suo
1035 4517 1168 4581 exercitu
1186 4537 1242 4601 po·

969 4643 1023 4697 27*
