3108 5118
846 596 908 668 25.

690 771 832 839 subditus
849 773 969 837 donlnc
988 793 1052 837 ero.

274 934 392 990 Jemuud
404 931 579 990 dictetee'nem
597 928 682 986 dobeo·
705 929 867 998 Stebcoden,
891 931 950 986 dem
973 947 1004 985 er
1025 927 1088 985 aiolo
1107 927 1275 1002 oerprticbtet
1292 927 1373 1000 fulde,
1393 928 1460 1002 aciae
1538 1005 1539 1016 ἵ

789 1019 953 1076 maratana.

364 1177 516 1242 Hactenus
533 1195 566 1239 se
582 1175 662 1260 grati
683 1174 828 1257 temporis
845 1175 980 1257 aptitudo
1003 1195 1063 1238 non
1086 1173 1194 1241 obtulit
1215 1195 1282 1238 mee
1300 1174 1462 1240 devocionis
1537 1225 1539 1252 ,

274 1287 420 1371 obsequia
435 1292 536 1351 vestro
553 1284 743 1367 beneplacito
760 1285 967 1366 presentandi,
989 1284 1187 1367 negociorum
1204 1304 1237 1348 se
1255 1290 1286 1349 et
1306 1289 1463 1367 temporum
1538 1263 1539 1268 ἵ

275 1397 477 1480 congruencia
500 1393 703 1460 subtrahente.
737 1394 864 1477 Propter
886 1394 965 1477 quod
995 1394 1025 1457 in
1047 1392 1182 1476 meipso
1211 1393 1342 1477 quodam
1363 1393 1463 1456 rubore

276 1507 489 1578 confunderer,
505 1524 562 1568 nec
575 1504 753 1567 auderemus
766 1488 882 1567 a'vobis
896 1502 1021 1586 grandia
1033 1503 1197 1585 postulare,
1210 1502 1269 1566 nisi
1282 1500 1464 1566 consciencie

275 1615 482 1700 persuaderet
514 1613 690 1695 integritas,
724 1611 805 1696 quod
837 1611 1008 1694 neglectum
1040 1618 1088 1675 cst
1118 1612 1266 1675 hactenus
1300 1611 1464 1675 meritorum
1537 1621 1539 1692 j

277 1716 467 1788 exhibicione
495 1721 645 1785 redimere
675 1726 705 1785 et
730 1721 944 1804 obsequiorum
965 1719 1152 1784 redibicione
1176 1721 1307 1804 gratuita
1323 1721 1464 1784 redibere.
1538 1699 1539 1756 3

279 1833 378 1916 Quare
415 1838 547 1896 vestram
584 1835 697 1894 attente
735 1830 883 1913 deprecor
920 1830 1129 1903 honestatem,
1173 1835 1321 1914 quatenus
1358 1830 1466 1912 plenam

277 1940 385 2006 amodo
414 1941 452 2004 de
480 1959 528 2002 me
555 1938 695 2002 fiduciam
719 1938 907 2009 obtinentes,
935 1939 966 2000 in
988 1937 1097 2002 vestris
1116 1943 1146 2002 et
1161 1943 1331 2002 vestrorum
1349 1937 1465 2020 agendis

277 2069 377 2114 meum
394 2048 592 2130 negociosum
618 2045 749 2110 officium
771 2051 872 2110 vestro
894 2046 1088 2129 beneplacito
1110 2045 1290 2110 fiducialiter
1306 2045 1465 2129 applicetis.
1537 2091 1539 2118 ,

276 2161 415 2224 Paratum
433 2176 552 2239 semper
568 2156 727 2220 invenietis
751 2162 781 2221 et
803 2156 941 2220 sedulum
964 2157 1002 2219 ad
1026 2175 1204 2239 quecunque
1220 2154 1351 2219 fideliter
1367 2173 1468 2238 procu·
1538 2151 1539 2164 ¹

277 2269 383 2341 rande,
400 2287 459 2351 que
479 2265 586 2330 vestris
604 2271 689 2348 grata
707 2271 777 2328 sunt
794 2265 898 2329 usibus
916 2270 946 2329 et
963 2263 1121 2329 affectibus
1138 2263 1342 2328 blandiantur.

851 2511 912 2581 26.

724 2689 839 2751 Amicus
855 2688 949 2751 amico
968 2708 1032 2753 suo.

279 2848 330 2904 liin
342 2849 451 2904 meone
462 2847 559 2902 dritclrt
570 2848 629 2903 dem
643 2848 747 2903 andern
760 2845 805 2901 die
816 2845 948 2918 Hoffouup
961 2847 1035 2903 eioee
1047 2849 1185 2920 lanigerae
1197 2845 1472 2920 freuudacboftlicben

781 2936 912 2994 Verbebre
925 2956 983 2994 oue.

373 3085 497 3148 Galbam,
510 3084 537 3146 2,
550 3083 593 3138 18.

369 3229 429 3292 Tot
455 3233 486 3292 et
512 3233 595 3292 tanta
624 3228 661 3291 de
688 3229 829 3292 virtuosis
857 3230 967 3293 vestris
996 3229 1113 3302 actibus
1140 3229 1219 3310 apud
1247 3248 1303 3291 nos
1327 3249 1474 3293 rumorum

280 3337 432 3402 invaluere
448 3338 602 3420 preconia,
625 3344 670 3401 tot
692 3343 722 3400 et
743 3337 835 3400 tantis
852 3339 929 3401 alma
950 3345 1047 3403 mater
1070 3339 1200 3401 ecclesia
1217 3343 1320 3401 vestre
1337 3339 1473 3421 predica-

281 3448 349 3512 bilis
367 3448 457 3518 fame‚
474 3448 567 3510 vestri
585 3447 681 3510 eciam
703 3446 864 3510 ministerii
888 3447 1049 3510 decoratur
1073 3447 1211 3530 insigniis
1236 3453 1267 3512 et
1289 3448 1474 3512 auctoritatis

280 3556 387 3620 eximie
414 3554 516 3638 tytulis
544 3554 724 3626 adornatur,
742 3555 834 3638 quod
851 3554 892 3641 a)
908 3556 1066 3638 plurimum
1090 3576 1144 3618 nos
1169 3557 1302 3620 delectat
1325 3557 1475 3621 familiari·

279 3665 350 3730 tatis
368 3663 406 3749 b)
424 3663 538 3727 alterne
567 3662 724 3726 vobiscum
753 3664 829 3726 inire
857 3665 971 3727 solacia
999 3671 1029 3727 et
1057 3665 1168 3730 affectu
1191 3670 1294 3729 mutuo
1318 3668 1476 3730 conformis

280 3772 447 3838 dulcedinis
465 3771 591 3836 couniri.
624 3771 712 3834 Licet
735 3771 827 3854 igitur
853 3771 999 3836 haetenus
1022 3773 1109 3838 nobis
1134 3774 1267 3838 locorum
1290 3775 1476 3840 inhabilitate

281 3880 463 3948 distantibus
489 3900 558 3944 rara
580 3886 680 3944 vestre
705 3881 898 3944 salutacionis
928 3881 1055 3964 epistola
1072 3859 1186 3946 ¹nostre
1209 3883 1319 3947 mentis
1335 3883 1476 3948 interiora

281 3989 482 4076 suggesserit,
498 3989 570 4052 licet
585 4009 646 4052 non
662 3989 770 4052 crebra
785 3989 938 4053 literarum
954 3995 1122 4054 vestrarum
1135 3992 1322 4055 allocucione
1335 3992 1476 4058 fuerimus

280 4101 423 4173 recreati,
441 4099 506 4182 spei
522 4103 624 4162 tamen
640 4103 787 4180 concepte
812 4099 850 4161 de
871 4105 972 4164 vestra
994 4099 1201 4164 benivolencia
1222 4101 1335 4167 rivulus
1358 4121 1477 4166 manare

281 4232 342 4278 non
358 4209 486 4282 desinit,
509 4208 564 4272 sed
581 4213 741 4292 augmento
759 4209 899 4274 continuo
922 4209 1110 4275 fecundatur.
1143 4210 1207 4275 Nos
1225 4211 1305 4274 enim
1322 4211 1477 4296 deinceps,

283 4321 486 4406 oportunitate
503 4322 635 4402 captata,
651 4337 711 4382 non
728 4317 824 4384 solum
840 4319 936 4384 literis
952 4339 1006 4384 vos
1021 4320 1144 4386 visitare
1162 4320 1361 4404 disponimus,
1378 4340 1479 4388 verum

375 4519 409 4591 o)
424 4535 477 4591 quo
491 4518 520 4575 V.
534 4547 570 4561 -
582 4517 615 4589 b)
628 4517 836 4577 familiaritatem
849 4521 877 4576 Z.
