3112 5118
299 321 376 390 246

298 493 507 556 Verumtamen
523 493 601 556 inter
617 512 719 556 omnes
736 493 810 556 alios
827 514 916 576 reges
934 501 965 558 et
980 493 1132 577 principes
1150 492 1231 556 orbis
1248 499 1331 558 terre
1350 493 1494 576 precipue

297 600 515 683 compassionis
531 599 641 665 allectu
657 601 736 664 oculi
759 601 854 665 nostri
876 621 931 684 pre
953 602 1053 684 inopia
1074 602 1272 683 languerunt,
1300 603 1495 665 lacrimarum

204 694 208 705 ’
296 709 380 772 tonte
411 708 471 771 iam
503 708 666 782 desiccati,
705 728 740 772 eo
772 709 853 791 quod
883 709 963 773 idem
995 709 1204 774 sanctissimus
1235 715 1323 792 pater
1357 711 1495 772 thronum
1546 743 1548 748 ·

297 821 431 878 nostrum
447 836 538 898 super
553 835 642 897 reges
660 821 691 879 et
706 836 801 898 regna
817 817 1016 888 constituens,
1033 837 1099 890 nos,
1113 818 1182 880 dum
1198 817 1324 889 viveret,
1342 817 1405 900 piis
1424 837 1494 880 con-

296 923 419 988 fovebat
435 923 618 1005 amplexibus
635 929 666 987 et
680 929 806 1005 paterno
822 925 926 988 favore
943 924 1112 988 medullitus
1131 925 1285 1006 diligebat.
1314 925 1414 988 Porro
1432 944 1495 988 curn

298 1029 338 1093 ad
361 1030 531 1118 huiusmodi
554 1032 723 1113 reparanda
747 1032 905 1114 dispendia
928 1054 1002 1116 opes
1026 1038 1058 1096 et
1080 1038 1162 1097 artes
1183 1032 1312 1097 humane
1343 1031 1494 1105 deficiant,

298 1156 357 1220 que
384 1137 490 1221 pocius
519 1136 731 1220 disposicionis
759 1159 889 1222 superne
910 1140 1062 1223 provisio,
1090 1160 1230 1204 necnon
1256 1140 1312 1204 fati
1342 1141 1493 1222 generalis

299 1245 445 1328 equalitas
463 1246 635 1310 consolatur
650 1247 692 1333 a)
709 1253 740 1310 et
756 1249 876 1312 contert
898 1248 1033 1313 eiusdem
1056 1249 1170 1313 doloris
1193 1248 1381 1320 remedium,
1411 1249 1493 1312 cuius

297 1354 345 1417 vix
361 1374 489 1437 unquam
507 1354 545 1416 de
566 1360 669 1418 nostro
691 1360 815 1433 pectore
837 1356 924 1437 signa
946 1355 1099 1420 cicatricis
1122 1357 1250 1420 occidue
1272 1357 1496 1438 propellentur:

298 1463 362 1526 sola
384 1462 442 1524 bac
464 1461 554 1524 animi
571 1461 746 1525 tortitudine
763 1470 922 1545 concepta,
938 1464 1080 1527 videlicet
1096 1464 1148 1547 qui
1160 1463 1375 1527 ecclesiastico
1387 1465 1495 1526 famulo

298 1591 352 1633 suo
369 1569 465 1652 Moysi
492 1591 552 1633 non
577 1572 729 1634 concessit
758 1572 908 1636 deducere
935 1574 1078 1656 populum
1106 1593 1209 1646 suurn,
1237 1573 1329 1636 alium
1351 1574 1422 1636 loco
1440 1573 1495 1644 sui,
1548 1625 1549 1628 ,

299 1679 474 1742 meritorum
497 1679 632 1744 claritate
655 1682 868 1764 conspicuum,
895 1682 1090 1765 subrogavit,
1117 1690 1365 1748 consumaturum
1388 1688 1496 1746 cuncta

298 1787 428 1850 feliciter
464 1807 521 1869 per
557 1793 674 1870 patrem
700 1790 870 1871 predictum
898 1791 1119 1854 sanctissimum
1152 1790 1314 1855 salubriter
1341 1791 1494 1853 inchoata.

298 1894 343 1959 Ad
358 1895 417 1958 hoc
433 1895 526 1978 igitur
541 1897 670 1978 piissimi
687 1917 847 1980 quesumus
865 1905 984 1981 patres,
1001 1900 1177 1963 universalis
1200 1899 1332 1963 ecclesie
1357 1898 1496 1962 cardines

299 2008 329 2066 et
345 2004 502 2085 columpne
519 2006 683 2078 ferventes,
700 2012 840 2070 exercete
857 2007 975 2090 vigilias
997 2014 1029 2072 et
1053 2007 1204 2071 officiosas
1221 2027 1311 2072 curas
1335 2011 1368 2070 et
1392 2025 1496 2088 operas

298 2111 459 2195 applicate,
476 2119 518 2185 ut,
534 2112 669 2194 relegato
687 2113 848 2178 cuiuslibet
865 2116 1073 2179 contencionis
1090 2115 1258 2187 obstaculo,
1275 2114 1364 2177 ocius
1388 2113 1496 2176 mundo
1548 2149 1549 2198 r

299 2220 443 2302 acephalo
460 2221 563 2303 presul
580 2221 770 2285 necessarius
787 2221 926 2306 eligatur,
942 2222 994 2287 ubi
1010 2223 1129 2288 divinus
1141 2223 1302 2286 instinctus
1315 2243 1372 2285 vos
1387 2223 1496 2286 excitet
1548 2265 1549 2308 q

300 2335 331 2391 et
357 2328 492 2410 pondera
519 2327 627 2393 subeat
654 2328 805 2412 equitatis.
823 2369 868 2380 -
884 2331 1026 2395 Ceterum
1042 2331 1130 2403 licet,
1153 2337 1186 2395 ut
1201 2331 1329 2412 legitur,
1348 2330 1496 2394 notorium
1548 2315 1549 2364 i

301 2442 383 2500 esset
399 2440 429 2499 et
443 2436 599 2518 probabile
615 2436 882 2502 innumerabilibus
900 2439 1096 2520 argumentis,
1114 2439 1193 2522 quod
1210 2439 1376 2520 generacio
1392 2442 1495 2520 pereat

301 2543 502 2626 generacione
531 2544 625 2608 altera
653 2545 853 2617 succedente,
883 2546 953 2629 quia
980 2552 1082 2611 tamen
1104 2553 1185 2611 terra
1208 2547 1324 2611 stabilis
1349 2552 1455 2608 manet
1468 2545 1495 2608 in

302 2657 439 2716 eternum
455 2652 496 2739 1),
508 2653 641 2716 ecclesia
652 2652 856 2717 uidelicetDei
869 2653 928 2716 riui
941 2653 972 2716 in
984 2654 1047 2716 suis
1063 2654 1190 2736 agendis
1209 2660 1239 2717 et
1252 2653 1496 2718 ordinacionibus

302 2759 488 2840 agendorum
520 2764 636 2822 matura
670 2759 893 2824 deliberacione
925 2761 1078 2834 decoctis,
1109 2762 1268 2826 immobilis
1300 2767 1494 2844 perseverat:

302 2872 461 2950 antequam
477 2867 514 2930 de
530 2873 626 2931 morte
641 2869 751 2950 prelati
766 2868 860 2950 patris
878 2869 1060 2933 sanctissimi
1076 2870 1114 2932 ad
1131 2890 1185 2933 nos
1201 2890 1306 2934 rumor
1321 2870 1454 2934 infestus
1469 2873 1496 2932 et

303 2975 421 3039 nubilus
448 2975 654 3057 pervenisset,
682 2995 736 3038 nos
765 2982 797 3038 et
823 2982 943 3040 nostros
965 2978 1191 3042 accinxeramus
1208 2978 1338 3052 aditor,
1368 2982 1403 3042 ut
1420 2978 1495 3039 iuxta
1549 3007 1550 3016 κ

305 3082 395 3166 quod,
411 3089 512 3146 vestro
529 3082 681 3146 mediante
698 3084 834 3155 consilio,
852 3086 950 3148 suerat
967 3085 1146 3156 ordinatum.
1164 3087 1190 3149 si
1207 3088 1269 3150 sata
1284 3087 1446 3158 lavissent,
1462 3085 1494 3146 de

306 3191 509 3255 sacrosanctis
526 3191 591 3281 eius
608 3191 744 3254 manibus
762 3192 1002 3274 suscepissemus
1020 3193 1158 3256 diadema
1181 3192 1307 3277 imperii.
1343 3194 1409 3258 Sed
1430 3195 1495 3256 licet

305 3300 392 3364 aliter
422 3300 519 3363 slsum
550 3299 641 3362 fuerit
671 3299 703 3362 in
735 3299 862 3363 excelsis
886 3300 966 3382 apud
995 3301 1124 3364 omnium
1148 3308 1333 3374 creatorem,
1366 3303 1437 3385 qui,
1466 3307 1494 3365 ut
1548 3359 1550 3380 ,

306 3429 471 3492 speramus,
487 3409 626 3490 disponet
642 3408 673 3470 in
689 3407 763 3470 sede
780 3408 947 3489 apostolica
969 3409 1064 3473 virum
1088 3410 1254 3474 secundum
1277 3429 1332 3473 cor
1354 3417 1493 3478 nostrum,
1549 3447 1550 3450 =

306 3519 404 3582 adhuc
425 3523 526 3582 tamen
553 3522 584 3580 in
606 3517 672 3598 ipso
693 3516 879 3598 procedendi
901 3518 1054 3600 proposito
1077 3518 1174 3598 parati
1189 3517 1306 3600 pariter
1321 3524 1354 3581 et
1369 3515 1494 3582 accincti
1548 3559 1550 3612 p

307 3628 464 3711 ipsumque
486 3626 545 3690 iter
567 3626 717 3690 dumtaxat
739 3626 950 3708 suspendimus
973 3632 1003 3690 et
1023 3627 1155 3690 laxamus
1178 3627 1216 3690 ad
1239 3633 1376 3709 tempus,
1406 3628 1494 3691 donec

308 3754 363 3817 per
399 3754 452 3798 vos
485 3739 536 3797 aut
573 3735 704 3797 futurum
733 3752 881 3799 summum
909 3734 1097 3816 pontificem,
1144 3755 1269 3817 quorum
1301 3727 1493 3817 beneplacitis

310 3863 429 3926 semper
459 3845 490 3908 in
522 3845 601 3906 omni
633 3844 755 3925 spiritus
788 3844 1022 3924 promptitudine
1055 3844 1238 3926 disponimus
1271 3843 1416 3916 obedire,
1447 3861 1494 3905 nos

400 3971 434 4038 a)
453 3970 501 4024 Die
520 3971 646 4038 tolgande
665 3969 749 4024 Stelle
769 3969 805 4022 ist
825 3969 1041 4023 unversttndliob
1061 3969 1115 4022 und
1136 3969 1255 4023 offenbsr
1267 3967 1439 4038 corrumpirt.
1457 3965 1495 4020 liei

309 4060 424 4115 Gerbert
443 4059 529 4114 beisst
542 4076 585 4112 es:
600 4097 607 4112 .
622 4058 790 4130 aequalitas
806 4060 978 4113 consolatur:
998 4058 1099 4112 doloris
1114 4058 1233 4112 eiusdem
1248 4058 1408 4120 remedium,
1427 4057 1495 4111 cuius

309 4152 350 4204 vix
369 4165 485 4219 unquam
506 4151 538 4201 de
557 4154 650 4203 nostro
671 4155 783 4219 pectore
803 4149 939 4204 cicatricis
960 4150 1073 4204 occidue
1092 4151 1168 4218 signa
1187 4149 1348 4209 transibunt,
1374 4145 1494 4202 exanimi

311 4329 382 4399 qnod
397 4331 442 4400 qul
457 4331 542 4383 electo
557 4331 654 4384 famulo
670 4346 719 4382 suo
734 4334 784 4382 etc.

312 4466 635 4476 ——-----——--—-

346 4549 368 4605 1)
382 4549 478 4591 cousin
493 4549 512 4596 r.
525 4547 547 4589 s.
