3116 5124
639 489 675 560 3.

466 633 544 711 Papa
559 631 752 694 Romanorum
768 633 838 712 regi.
858 700 862 708 ,

496 771 577 824 1274.
591 771 749 840 September
761 769 806 822 26.

19 905 21 960 p
73 881 165 954 (ἕτερον
176 882 207 935 Χ.
221 881 334 936 abeant
345 880 451 952 liudolf
465 881 508 934 ale
525 879 676 935 rume'eoben
688 879 775 949 Konip
793 895 828 931 ao
845 878 903 932 aad
916 877 1024 951 fordert
1041 878 1087 935 ileo
1100 880 1166 951 aas,
1184 879 1244 936 eicit

18 1005 21 1136 p
383 989 433 1024 zur
445 971 668 1040 Kaieerlcrdnuny
681 970 764 1024 bereit
776 987 808 1023 zu
819 967 917 1024 bultem

149 1097 263 1154 Gerbert
278 1097 303 1157 1,
316 1096 359 1149 27.
373 1069 507 1152 Bodma'nn
519 1114 545 1167 p.
558 1096 602 1150 25.
616 1097 748 1151 Boehmer
761 1095 825 1166 lieg.
840 1095 923 1165 Greg.
937 1097 967 1148 ll.
981 1113 1022 1150 no.
1036 1095 1097 1149 210.

145 1207 243 1271 Ardua
262 1207 313 1293 α),
329 1208 472 1290 precipue
488 1207 648 1291 propensis
677 1207 794 1289 digesta
823 1207 968 1278 consiliis,
997 1206 1109 1269 sentire
1138 1205 1245 1289 pocius

18 1339 20 1418 p
69 1315 217 1380 celeritatis
231 1315 332 1378 solent
349 1337 384 1377 ex
400 1315 567 1378 directione
586 1315 627 1399 a)
641 1315 860 1396 compendium,
878 1335 964 1398 quam
978 1315 1039 1396 pati
1057 1314 1247 1396 dispendium

18 1421 20 1512 l
69 1423 213 1487 tarditatis.
253 1423 307 1486 Sic
344 1422 435 1503 longa
470 1419 540 1485 belli
576 1421 756 1504 preparacio
789 1423 919 1485 celerem
952 1422 1108 1484 consuevit
1139 1421 1246 1484 afferre

17 1527 20 1592 Ι
75 1530 231 1602 uictoriam,
260 1530 308 1592 'sic
335 1530 495 1592 festinatur
521 1531 581 1594 iter
606 1529 791 1602 instancius,
820 1530 903 1592 dum=
918 1529 1044 1592 sollicite
1059 1535 1246 1612 preparatur.

17 1709 19 1740 h
76 1640 128 1703 llec
148 1657 201 1702 nos
219 1637 430 1702 consideracio
447 1638 477 1700 in
490 1638 529 1724 b]
544 1638 706 1721 imperialis
722 1639 941 1721 prosecucione
958 1638 1076 1720 negocii
1094 1639 1249 1721 hueusque

17 1741 19 1816 l
75 1747 204 1818 detinuit,
241 1745 302 1808 hee
333 1746 365 1809 in
394 1746 437 1808 tui
476 1747 707 1810 consumacione
739 1745 853 1827 fastigii
884 1746 976 1809 multa
1006 1747 1051 1809 uti
1079 1747 1250 1810 maturitate

17 1867 20 1944 j
73 1854 293 1936 persuasithec
305 1853 405 1917 varias
418 1854 483 1917 vias
497 1854 653 1936 suggessit
665 1873 803 1937 querere,
821 1853 940 1917 diversa
955 1854 1089 1917 remedia
1102 1855 1248 1936 cogitare,

76 1963 170 2026 ttlleo
193 1962 321 2044 auspice
337 1967 419 2025 tanto
437 1963 475 2024 ad
490 1962 540 2024 illa
557 1981 614 2044 que
631 1962 743 2025 instant
759 1962 943 2025 deducamur
959 1963 1111 2035 securius,
1139 1966 1249 2046 quanto

78 2071 238 2134 accuracius
254 2089 461 2156 preparemus.
484 2069 572 2133 Licet
593 2071 693 2154 itaque
716 2071 774 2133 non
791 2070 856 2132 sine
873 2089 965 2133 causa
982 2069 1180 2133 distulerimus
1196 2069 1251 2133 tibi

16 2161 18 2250 ζ
74 2179 203 2243 hactenus
224 2179 265 2266 e)
282 2179 398 2260 regiam
421 2178 698 2242 denominacionem
714 2178 885 2250 ascribere,
910 2179 977 2242 cum
993 2179 1135 2241 fratribus
1151 2186 1252 2244 tamen

16 2328 23 2376 t
74 2289 170 2352 nostris
187 2309 286 2371 nuper
323 2287 544 2352 deliberacione
581 2287 750 2369 prehabita‚
781 2293 812 2351 te
843 2307 947 2368 regem
984 2287 1181 2366 Romanorum
1214 2289 1252 2350 de

16 2376 22 2517 l
73 2395 192 2477 ipsorum
210 2394 338 2460 consilio
355 2397 551 2458 nominamus.
570 2396 683 2458 Causas
700 2399 799 2464 autem
817 2395 944 2458 salubris
960 2395 1135 2469 dilacionis,
1163 2396 1251 2459 immo

73 2505 164 2587 pocius
181 2504 304 2586 sagacis
328 2504 562 2568 acceleracionis
578 2503 759 2576 huiusmodi,
775 2503 814 2566 ad
829 2505 927 2566 tocius
945 2503 1026 2567 orbis
1051 2510 1081 2568 et
1104 2505 1143 2568 ad
1159 2505 1253 2587 ipsius

16 2665 17 2700 ἒ
75 2615 186 2676 manmc
210 2615 369 2696 profuturo
385 2631 492 2695 pacem
508 2612 551 2699 d)
567 2613 693 2694 imperii,
711 2619 742 2675 ut
759 2632 925 2694 speramus,
942 2613 1044 2676 dilecti
1060 2615 1095 2676 H.
1114 2619 1144 2676 et
1161 2614 1193 2677 S.
1212 2613 1252 2701 β)

16 2781 17 2788 ,
72 2726 114 2783 tue
134 2720 323 2786 celsitudinis
343 2721 462 2792 nuncii,
485 2743 546 2784 non
570 2722 665 2784 solum
695 2721 733 2783 ad
760 2721 896 2784 veritatis
926 2724 1167 2804 expressionem,
1197 2724 1252 2785 sed

73 2831 156 2893 etad
180 2830 226 2917 γ)
260 2829 507 2893 sollicitacionem
538 2830 689 2911 aperient,
729 2831 813 2893 utin
851 2831 895 2892 eis
934 2832 1069 2894 doctrine
1102 2831 1254 2914 speculum

15 2991 17 3028 fi
73 2941 237 3024 exemplaris
264 2940 430 3022 inspiciens
448 2942 507 3028 e),
536 2946 566 3003 et
588 2939 725 3002 salutaris
755 2941 979 3003 consuetudinis
1007 2941 1253 3004 informacionem

15 3069 17 3088 ³
75 3049 235 3132 accipiens,
263 3049 428 3132 prudenter
451 3055 572 3130 satagas
588 3049 620 3111 in
642 3048 758 3110 cunctis
780 3049 839 3111 tuis
861 3050 1054 3132 processibus
1077 3042 1171 3114 vitare
1190 3049 1252 3111 dis·
1262 3082 1336 3123 ,ως
1345 3081 1367 3120 a,

72 3159 189 3242 cardias,
204 3160 271 3221 vias
288 3165 355 3221 tuas
372 3159 473 3221 facere
489 3179 543 3240 pro
559 3157 651 3240 pos'se
663 3157 807 3240 pacificas
825 3164 854 3221 et
871 3160 1004 3232 semitas,
1021 3180 1095 3244 quas
1111 3161 1251 3242 princeps

15 3259 17 3344 i
72 3267 162 3347 pacis,
188 3289 243 3332 rex
271 3287 378 3349 regum
406 3273 436 3331 et
464 3268 677 3334 dominantium
706 3268 850 3331 Dominus
879 3268 991 3342 docuit,
1020 3276 1160 3353 quantum
1188 3270 1253 3352 ipse

15 3391 17 3444 ζ
71 3373 116 3437 tibi
132 3375 289 3439 donaverit
305 3382 336 3440 et
352 3376 556 3448 concesserit,
584 3396 638 3458 pro
657 3375 770 3437 viribus
788 3375 950 3440 ambulare.
969 3418 1014 3427 -
1030 3379 1171 3443 Ceterum
1187 3398 1255 3441 oum

73 3482 203 3549 inchoata
233 3477 366 3548 feliciter
403 3484 440 3547 ab
474 3484 607 3546 eiusdem
646 3483 762 3565 imperii
803 3486 929 3548 culmine
965 3492 1015 3550 tue
1052 3488 1255 3569 promocionis

75 3593 197 3676 auspicia
212 3615 274 3658 non
288 3593 516 3676 prosecucionis
531 3591 806 3675 procrastinacione
823 3593 950 3668 differri,
978 3597 1032 3659 sed
1047 3597 1157 3661 festina
1174 3597 1259 3663 dein-

74 3719 137 3783 ceps
153 3702 385 3766 consumacione
408 3701 552 3783 compleri
568 3701 679 3763 utilitas
696 3701 855 3765 manifeste
882 3705 1034 3768 swadeat:
1062 3706 1257 3771 serenitatem

74 3812 144 3872 uam
158 3811 313 3875 hortamur
328 3811 487 3882 attentius,
511 3814 657 3892 quatenus
675 3809 719 3870 sic
736 3815 766 3872 te
782 3830 944 3892 prepares,
972 3813 1017 3875 sic
1035 3814 1194 3896 disponas,
1224 3823 1256 3881 ut

77 3934 136 3979 cum
151 3924 180 3981 te
198 3918 445 3992 adunationem,
463 3917 721 3982 consecrationem
739 3923 769 3981 et
785 3918 947 4001 imperialis
965 3922 1151 4005 dyadematis
1170 3943 1260 3988 coro-

15 4033 17 4118 ζ
77 4025 223 4090 nacionem
252 4027 290 4088 de
314 4027 425 4089 nostris
453 4026 643 4109 recipiendas
658 4025 696 4110 f)
713 4027 850 4089 manibus
879 4028 1047 4092 duxerimus
1066 4032 1260 4105 evocandum,

78 4133 111 4194 ad
122 4137 198 4217 quod
209 4135 378 4200 termimum
391 4135 421 4198 in
433 4137 578 4217 proximo,
591 4140 681 4217 prout
693 4136 814 4217 negocii
828 4138 1061 4202 circumstancie
1069 4142 1260 4222 perswadere

15 4297 17 4328 ,
159 4261 191 4334 a)
205 4263 332 4318 dilatione
353 4280 385 4316 zu
398 4263 481 4318 lesen.
495 4292 531 4302 -
543 4263 575 4333 b)
588 4263 614 4315 in
626 4263 694 4315 fehlt
708 4262 795 4316 Vund
808 4265 836 4318 Ζ.
848 4267 917 4337 -c)
936 4272 1043 4322 actenus
1056 4268 1083 4321 Z.
1098 4300 1129 4312 -
1145 4270 1179 4340 d)
1195 4286 1262 4341 pace

15 4389 16 4416 ,
80 4347 106 4401 i.
119 4381 148 4394 -
163 4353 192 4422 e)
205 4353 377 4424 prospiciens
391 4354 420 4408 Ζ.
436 4383 466 4396 -
480 4355 512 4426 f)
526 4352 686 4423 recipiendis
698 4354 730 4410 V.

15 4511 16 4572 l
111 4531 132 4590 ¹)
149 4534 290 4596 Vergleielae
305 4535 364 4582 iiber
375 4535 439 4582 diere
453 4537 633 4585 Gesandtsehaft
645 4541 722 4596 Koma,
734 4537 933 4596 Eidgenbseiscbe
943 4539 1022 4584 Blande
1036 4534 1109 4596 istiu.
