3100 5116
631 723 693 794 36.

395 898 562 964 dardlnclis
578 898 610 964 N.
627 899 825 963 renonum
840 898 914 978 regi.

615 1056 697 1111 1273.

46 1207 98 1261 liin
114 1205 252 1260 Cardine!
267 1202 365 1260 drr'tclrt
376 1205 436 1259 dem
449 1203 552 1275 Konipe
564 1201 668 1274 liudolf
683 1200 759 1258 reice
771 1201 876 1256 Frerrde
896 1201 961 1256 ttder
974 1201 1070 1254 deseca
1083 1194 1256 1268 Kduipewahl

46 1315 98 1351 oue
117 1299 178 1351 und
195 1297 291 1351 condet
308 1294 360 1352 ilum
379 1315 411 1350 au
431 1296 531 1352 diesem
543 1295 655 1349 Zweclre
666 1294 723 1348 und
734 1311 792 1348 cum
806 1291 921 1349 Zciclren
934 1292 1023 1346 rainer
1043 1287 1252 1360 Wiltfdbriplreit

564 1385 640 1440 einen
653 1385 744 1438 Boten.

147 1531 276 1594 Gerbert,
290 1530 315 1593 1,
329 1529 355 1583 9.

141 1671 345 1739 Sublimitatis
361 1679 464 1738 vestre
481 1675 613 1756 gloriosa
636 1676 788 1757 promocio
814 1675 851 1737 ad
875 1674 973 1738 tocius
991 1676 1085 1748 orbis,
1102 1672 1251 1756 imperiali

45 1785 158 1849 lumine
178 1783 278 1849 orbati
296 1783 424 1856 diucius,
442 1781 623 1855 claritatem,
640 1783 678 1846 ad
696 1788 801 1847 sancte
817 1784 922 1846 matris
937 1785 1067 1848 ecclesie
1080 1801 1255 1868 propugna-

46 1896 148 1958 culum
181 1898 213 1957 et
237 1894 390 1966 iuramen,
420 1893 457 1956 ad
487 1893 651 1956 christiane
679 1893 749 1956 fidei
777 1895 1033 1976 propagacionem
1061 1902 1092 1958 et
1120 1893 1255 1976 gloriam,

45 2003 157 2067 divinis
176 2001 322 2084 auspiciis
334 2006 507 2084 procurata,
521 2019 610 2084 quam
624 2001 684 2066 cito
697 2001 790 2065 michi
804 2001 933 2067 innotuit
944 2003 1097 2067 relacione
1111 2002 1255 2073 veridica,

43 2120 128 2178 tanta
147 2132 206 2175 cor
230 2131 328 2173 meum
350 2110 452 2173 leticie
470 2111 626 2174 suavitate
649 2111 800 2194 perfudit,
831 2113 909 2196 quod
932 2113 1029 2195 ipsam
1052 2133 1109 2176 nec
1132 2111 1255 2175 calamis

42 2242 171 2306 possum
191 2220 414 2294 scriberc,nec
431 2220 532 2284 verbis
549 2221 683 2304 plenarie
701 2222 868 2294 declarare,
886 2242 954 2287 cum
968 2242 1003 2284 ex
1019 2223 1078 2286 hoc
1095 2221 1254 2285 manifeste

45 2331 244 2414 collegerim,
275 2329 355 2412 quod
376 2334 463 2411 pater
485 2328 772 2402 misericordiarum,
803 2348 896 2411 super
924 2329 1117 2394 desolacione
1148 2327 1250 2412 populi

43 2438 208 2504 christiani
244 2438 347 2501 oculos
374 2437 496 2518 pietatis
513 2438 673 2520 aperiens,
699 2421 787 2501 finem
810 2438 962 2502 intestinis
992 2437 1168 2510 discordiis,
1196 2455 1254 2519 que

44 2547 226 2632 specialiter
254 2547 333 2610 inter
360 2545 478 2609 viscera
505 2547 631 2610 Romani
658 2547 777 2629 imperii
806 2547 923 2620 diucius
956 2550 1149 2618 exarserunt,
1181 2544 1255 2609 relit

44 2660 219 2743 imponere,
238 2659 268 2717 et
291 2675 346 2738 per
367 2659 469 2718 vestre
493 2675 615 2738 semper
634 2655 769 2719 victricis
792 2656 931 2738 potencie
960 2656 1118 2720 brachium
1143 2654 1255 2720 mundo

42 2787 167 2850 pacem,
185 2783 244 2848 quc
260 2763 361 2826 multis
378 2771 459 2828 retro
476 2763 661 2846 temporibus
678 2764 864 2836 exulaverat,
883 2767 1044 2828 seminare.
1063 2765 1102 2828 Et
1115 2765 1254 2847 quoniam

45 2877 84 2940 ad
108 2873 368 2956 comprobandam
398 2879 576 2954 conceptam
600 2873 637 2936 de
659 2879 761 2935 vestra
789 2874 975 2938 exaltacione
997 2873 1146 2946 leticiam,
1174 2872 1255 2937 iuxta

46 2985 153 3050 cordis
171 2981 233 3046 mei
250 2981 455 3054 desiderium,
479 2981 571 3046 certis
590 2981 690 3044 causis
707 2982 953 3064 prohibentibus,
970 3002 1029 3044 non
1044 3001 1166 3064 possum
1182 3001 1254 3065 per-

48 3092 200 3158 sonaliter
224 3110 416 3173 comparere,
444 3091 539 3154 virum
565 3091 721 3172 providum
743 3097 774 3154 et
797 3091 876 3155 omni
898 3091 1021 3155 racione
1050 3090 1254 3172 multipliciter

45 3203 109 3268 fide
128 3202 271 3283 dignum,
300 3200 338 3262 ad
354 3204 486 3262 vestram
502 3198 572 3261 duxi
589 3198 798 3262 celsitudinem
815 3200 1021 3282 dirigendum,
1050 3200 1101 3284 qui
1117 3201 1255 3282 suppleat

44 3312 76 3374 in
94 3308 296 3391 expressione
312 3306 414 3389 gaudii
430 3305 489 3368 mei
507 3306 725 3390 quodammodo
742 3307 840 3372 uicem
857 3328 971 3382 meam,
1000 3314 1031 3373 et
1052 3329 1101 3371 me
1118 3308 1255 3372 domina-

46 3419 133 3483 cioni
149 3422 265 3488 vestre,
287 3416 358 3478 licet
375 3415 542 3488 absentem,
564 3416 795 3499 presencialiter
809 3423 946 3500 paratum
968 3419 1006 3481 ad
1023 3423 1122 3482 vestra
1139 3416 1254 3499 regalia

45 3527 178 3611 imperia
195 3531 398 3609 representet.

148 3727 267 3780 Gerbert
279 3724 436 3786 vermuthet,
456 3722 504 3776 der
517 3722 591 3777 Brief
602 3724 640 3776 sei
654 3739 712 3776 vom
725 3725 898 3779 Patriarchen
912 3725 1040 3780 Raimund
1057 3742 1107 3779 von
1119 3723 1251 3796 Aquileja.

46 3818 87 3871 Da
101 3817 145 3870 ich
154 3817 259 3886 jedoch
274 3816 363 3869 hieitir
375 3813 452 3867 lreine
467 3813 673 3868 hinreichenden
686 3815 900 3886 Anhaltspunlrte
915 3815 999 3879 liade,
1014 3835 1044 3871 so
1065 3817 1132 3871 habe
1151 3818 1195 3870 ich
1208 3817 1251 3870 die

46 3910 73 3961 in
89 3926 203 3962 unserer
216 3905 389 3961 Handschrilt
401 3905 557 3976 angeidhrtc
571 3906 773 3975 lnhaltsangahe
788 3907 960 3962 beibchalten.
