3168 5124
1183 362 1235 436 47

63 548 241 634 possessione
267 547 383 610 decime
416 567 505 632 supra
528 549 618 614 dicte.
657 547 713 632 Qui
746 544 885 630 quoniam
902 542 941 630 a)
957 541 988 605 in
1010 545 1182 622 contemptu
1198 535 1236 623 b)

62 658 143 724 nostri
157 658 287 722 mandati
304 665 460 724 contumax
476 664 524 724 cst
538 658 687 730 inuentus,
703 661 806 722 nostre
823 652 1012 718 exccucionis
1035 649 1134 715 officio
1152 646 1189 733 ο)
1207 652 1238 713 et

59 769 230 842 auctoritate,
238 770 465 853 perfungimur,
477 765 794 834 excommunicacionis
807 761 990 828 sentenciam
996 759 1053 825 rite
1061 757 1237 823 contudimus

61 884 149 944 conta
163 877 272 960 ipsum,
291 877 397 944 eadem
411 878 589 946 auctoritate
605 875 691 942 vobis
707 874 889 957 iniungimus
905 870 947 958 d]
963 889 1000 934 ac
1016 867 1180 934 districtius
1199 866 1236 954 e)

62 987 231 1060 mandantes,
249 992 397 1072 quatenus
414 988 540 1053 eandem
556 985 742 1054 sentenciam
759 981 865 1067 exequi
881 979 1005 1053 curetis,
1022 977 1237 1042 denunciantes

59 1098 189 1181 prelatum
216 1097 253 1160 H.
271 1095 313 1183 f)
341 1098 637 1174 excommunicatum,
654 1096 751 1160 donec
781 1110 914 1180 congrue
942 1089 1110 1155 satisfaciat
1129 1086 1170 1174 o)
1199 1085 1237 1149 de

58 1227 207 1292 premnssrs.

378 1417 479 1481 lerna
495 1378 667 1481 executorie
684 1412 909 1481 condicionalis.

130 1579 161 1642 F.
178 1578 236 1642 Dei
266 1579 370 1661 gracia
397 1580 464 1644 talis
492 1579 578 1664 tytuli
604 1577 754 1663 presbiter
782 1584 812 1642 et
833 1574 999 1660 apostolice
1016 1573 1098 1639 sedis
1119 1575 1236 1656 legatus

58 1687 200 1751 venerabili
213 1687 305 1752 fratri
318 1686 545 1772 archiepiscopo
561 1687 782 1771 Maguntineusi
799 1686 924 1750 salutem
939 1680 1138 1772 opsonare
1155 1683 1236 1749 sedis

61 1798 202 1861 clemencia
219 1796 370 1861 ecclesias
399 1803 430 1862 et
455 1799 520 1863 iura
548 1797 754 1862 ecclesiastica
780 1803 851 1861 tunc
878 1794 980 1858 iuvare
1008 1793 1151 1866 creditur,
1178 1814 1237 1857 non

57 1927 173 1989 gravare,
187 1925 258 1971 cum
270 1927 327 1991 pro
339 1908 447 1973 talibus
464 1910 541 1974 solet
556 1928 662 1993 preces
678 1906 846 1990 porrigere,
862 1905 913 1988 qui
929 1925 987 1967 non
1003 1903 1098 1968 solum
1112 1911 1238 1986 possunt

57 2019 168 2099 graciam
185 2018 302 2100 graciis
319 2039 477 2103 exequere,
494 2019 703 2084 verumetiam
720 2021 755 2081 'ex
776 2014 961 2080 habundanti
984 2013 1018 2102 a]
1034 2014 1235 2098 prerogativa,

57 2145 127 2212 quarn
152 2128 182 2191 in
210 2127 345 2192 ecclesia
363 2128 508 2202 obtinent,
531 2129 653 2193 racione
670 2127 732 2192 dati
755 2133 786 2192 et
807 2124 925 2209 accepti
941 2125 1092 2208 copiosius
1108 2128 1236 2209 possunt

54 2235 148 2320 aliquid
168 2256 348 2319 prerogare.
388 2238 462 2301 Cum
486 2237 577 2321 igitur
598 2257 653 2320 per
669 2237 828 2301 decessum
850 2234 918 2299 talis
933 2233 965 2298 in
981 2233 1111 2299 ecclesia
1127 2234 1235 2300 Herloi-

24 2361 25 2370 *
53 2346 257 2428 polensi‚vohis
266 2345 468 2428 suffraganea,
482 2343 822 2430 unavaoareceperitlo)
840 2343 1235 2416 canonia,asanctissimoin

24 2455 25 2458 ’
54 2455 157 2521 Christo
173 2463 261 2541 patre
290 2455 322 2540 l)
340 2457 458 2522 domino
484 2458 533 2546 m)
550 2457 599 2530 G,
616 2477 729 2522 summo
745 2454 904 2540 pontifice,
919 2455 1088 2540 recepimus
1105 2457 1136 2521 in
1151 2476 1236 2521 man·

23 2565 24 2572 ’
48 2567 124 2640 datis,
135 2568 354 2650 utmagistrum
363 2568 395 2631 C.
404 2569 444 2657 o)
453 2575 591 2652 nepotem
599 2568 709 2635 domini
717 2567 837 2641 P.,talis
846 2565 1018 2640 cardinalis,
1031 2566 1132 2634 dilecti
1140 2567 1235 2633 nostri

48 2678 199 2751 confratris,
218 2696 310 2762 quern
326 2675 406 2740 idern
427 2685 513 2759 pater
529 2679 735 2744 sanctissimus
753 2675 877 2760 speciali
900 2676 1002 2739 lavore
1023 2678 1227 2761 prosequitur,

49 2788 72 2851 in
84 2790 213 2872 predicta
230 2789 362 2853 canonia
379 2789 519 2856 substitui
535 2809 773 2873 procuraremus.
803 2787 991 2871 Quapropter
1007 2794 1109 2854 nostre
1126 2811 1236 2856 execu-

50 2899 127 2964 oionis
149 2898 285 2963 officium
311 2899 466 2980 negligere
483 2921 543 2964 non
558 2901 704 2973 volentes,
732 2897 911 2963 auctoritate
946 2898 1111 2979 apostolica
1145 2907 1235 2986 atque

51 3015 151 3082 nostra,
175 3007 361 3074 fraternitati
377 3015 478 3074 vestre
494 3009 690 3093 precipiendo
707 3008 898 3082 mandamus,
915 3014 1062 3093 quatenus
1085 3010 1124 3076 ob
1145 3033 1233 3079 reve-

54 3119 162 3183 renciam
194 3117 280 3181 sedis
312 3117 477 3200 apostolice
503 3118 639 3201 predicte
666 3117 890 3202 Herbipolensis
918 3118 1048 3183 ecclesie
1076 3121 1236 3206 capitulum

56 3231 124 3310 atque
144 3229 257 3291 fratres
280 3227 392 3290 curetis
414 3227 569 3301 inducere,
586 3234 619 3292 ut
633 3228 802 3312 predictum
817 3226 1004 3310 magistrum,
1020 3229 1116 3296 vuum
1133 3232 1236 3316 utique

55 3334 179 3414 ydoneum
196 3342 290 3420 atque
306 3334 438 3408 doctum,
454 3336 486 3400 in
498 3338 674 3402 canonicum
686 3337 834 3420 recipiant
845 3341 935 3420 atque
951 3336 1084 3413 tratrem,
1098 3340 1124 3406 si
1135 3346 1236 3406 tamen

54 3446 213 3510 canonicum
234 3443 317 3508 aliud
339 3464 398 3508 non
420 3445 558 3512 obsistat.
576 3448 633 3512 Pro
656 3466 714 3530 quo
737 3453 767 3512 et
783 3447 888 3531 inquo
906 3446 1011 3510 eadem
1027 3450 1158 3515 ecclesia
1174 3471 1346 3526 noum,

53 3555 132 3618 solum
161 3553 294 3638 predicti
327 3553 437 3618 domini
469 3557 625 3639 apostolici
662 3557 717 3620 sed
752 3557 841 3621 etiarn
872 3562 1005 3621 nostram
1044 3565 1075 3623 et
1105 3560 1235 3626 omnium

52 3662 160 3729 fratrum
178 3662 218 3751 ο)
234 3668 406 3727 nostrorum
430 3665 624 3729 cardinalium
649 3667 706 3731 sibi
730 3665 864 3750 graciam
880 3666 1079 3735 cumulabunt
1113 3672 1147 3737 si
1163 3693 1234 3737 vero

53 3774 188 3838 renuerint
202 3774 245 3861 p)
262 3792 318 3855 per
333 3791 489 3838 censuram
507 3776 745 3841 ecclesiasticam
762 3774 956 3858 compellatis.

129 3937 161 4006 a)
175 3937 300 4007 quoniam
318 3934 386 3989 fehlt
404 3937 433 3991 V.
448 3967 480 3976 -
496 3938 527 4007 d)
548 3940 727 4009 contemptum
746 3940 775 3994 V.
791 3969 822 3981 -
838 3939 869 4010 c)
888 3937 1004 3995 officium
1022 3941 1052 3995 V.
1072 3942 1108 4012 ol)
1129 3940 1230 4015 iniuag.

58 4024 151 4082 colloz.
165 4058 200 4069 -
219 4029 251 4100 e)
274 4027 396 4084 districte
415 4029 442 4082 Z.
456 4057 492 4070 -
504 4029 536 4100 f)
558 4032 641 4085 civem
660 4032 686 4085 Z.
706 4061 735 4071 -
747 4033 784 4103 p)
803 4031 915 4102 singulis
934 4032 1028 4088 diebus
1047 4033 1186 4089 dominicis
1207 4039 1235 4090 et

55 4113 495 4192 festivoruatz.÷l)eoe.z.-t)
511 4139 542 4176 ex
550 4122 725 4177 habundatiz.
736 4123 807 4193 -lc)
821 4124 924 4196 ceperit
935 4123 1041 4179 fsnltv.
1055 4125 1082 4195 l)
1097 4131 1189 4180 nostro
1205 4127 1232 4180 Z·

57 4234 83 4246 -
95 4210 138 4279 tn)
158 4211 263 4265 domino
284 4211 352 4266 fehlt
371 4213 398 4267 Z.
420 4243 456 4253 —
473 4214 508 4285 n)
528 4213 576 4269 Cin.
595 4215 622 4268 Z.
637 4245 671 4256 -
683 4216 716 4285 o)
730 4217 893 4272 confratrum
906 4219 933 4272 Z.
949 4247 983 4257 -
996 4217 1034 4290 p)
1053 4218 1233 4290 appellatione

57 4303 144 4355 remota
157 4302 255 4357 adhoc
269 4319 315 4358 eos
328 4320 529 4374 percensuram
543 4307 753 4362 ecclesiasticam
767 4308 936 4380 compellant.
951 4311 1010 4364 Dat.
1024 4311 1052 4363 Z.
