<?xml version="1.0" encoding="UTF-8"?>
<!DOCTYPE html PUBLIC "-//W3C//DTD XHTML 1.0 Transitional//EN"
    "http://www.w3.org/TR/xhtml1/DTD/xhtml1-transitional.dtd">
<html xmlns="http://www.w3.org/1999/xhtml" xml:lang="en" lang="en">
 <head>
  <title>
</title>
<meta http-equiv="Content-Type" content="text/html;charset=utf-8" />
  <meta name='ocr-system' content='tesseract 3.04.00' />
  <meta name='ocr-capabilities' content='ocr_page ocr_carea ocr_par ocr_line ocrx_word'/>
</head>
<body>
  <div class='ocr_page' id='page_1' title='image "./fontesrerumaust01kommgoog_0174.png"; bbox 0 0 3116 5124; ppageno 0'>
   <div class='ocr_carea' id='block_1_1' title="bbox 1136 343 1209 415">
    <p class='ocr_par' dir='ltr' id='par_1_1' title="bbox 1136 343 1209 415">
     <span class='ocr_line' id='line_1_1' title="bbox 1136 343 1209 415; baseline 0.041 -3"><span class='ocrx_word' id='word_1_1' title='bbox 1136 343 1209 415; x_wconf 75' lang='lat'>145</span> 
     </span>
    </p>
   </div>
   <div class='ocr_carea' id='block_1_2' title="bbox 50 514 1216 1346">
    <p class='ocr_par' dir='ltr' id='par_1_2' title="bbox 50 514 1216 1346">
     <span class='ocr_line' id='line_1_2' title="bbox 51 514 1213 600; baseline -0.008 -10"><span class='ocrx_word' id='word_1_2' title='bbox 51 515 148 600; x_wconf 78' lang='lat' dir='ltr'>pnite</span> <span class='ocrx_word' id='word_1_3' title='bbox 163 521 192 588; x_wconf 83' lang='lat' dir='ltr'>et</span> <span class='ocrx_word' id='word_1_4' title='bbox 207 515 341 588; x_wconf 69' lang='lat' dir='ltr'>nocetne</span> <span class='ocrx_word' id='word_1_5' title='bbox 355 514 485 588; x_wconf 73' lang='lat' dir='ltr'>ernesto</span> <span class='ocrx_word' id='word_1_6' title='bbox 500 515 640 587; x_wconf 77' lang='lat' dir='ltr'>universe</span> <span class='ocrx_word' id='word_1_7' title='bbox 655 515 841 597; x_wconf 73' lang='lat' dir='ltr'>congaudet,</span> <span class='ocrx_word' id='word_1_8' title='bbox 868 516 1033 584; x_wconf 81' lang='lat' dir='ltr'>ministerio</span> <span class='ocrx_word' id='word_1_9' title='bbox 1047 516 1213 598; x_wconf 70' lang='lat' dir='ltr'>logentonis</span> 
     </span>
     <span class='ocr_line' id='line_1_3' title="bbox 52 624 1214 708; baseline -0.003 -15"><span class='ocrx_word' id='word_1_10' title='bbox 52 631 175 708; x_wconf 81' lang='lat' dir='ltr'>aeeopto.</span> <span class='ocrx_word' id='word_1_11' title='bbox 201 625 280 691; x_wconf 84' lang='lat' dir='ltr'>vieee</span> <span class='ocrx_word' id='word_1_12' title='bbox 303 630 421 694; x_wconf 83' lang='lat' dir='ltr'>nostras</span> <span class='ocrx_word' id='word_1_13' title='bbox 443 624 483 694; x_wconf 84' lang='lat' dir='ltr'>ed</span> <span class='ocrx_word' id='word_1_14' title='bbox 505 624 649 692; x_wconf 82' lang='lat' dir='ltr'>honorem</span> <span class='ocrx_word' id='word_1_15' title='bbox 670 624 800 696; x_wconf 74' lang='lat' dir='ltr'>ecetesie</span> <span class='ocrx_word' id='word_1_16' title='bbox 821 629 852 688; x_wconf 84' lang='lat' dir='ltr'>et</span> <span class='ocrx_word' id='word_1_17' title='bbox 867 625 966 698; x_wconf 72' lang='lat' dir='ltr'>tonius</span> <span class='ocrx_word' id='word_1_18' title='bbox 985 625 1073 707; x_wconf 78' lang='lat' dir='ltr'>regni</span> <span class='ocrx_word' id='word_1_19' title='bbox 1088 625 1214 698; x_wconf 72' lang='lat' dir='ltr'>ederem</span> 
     </span>
     <span class='ocr_line' id='line_1_4' title="bbox 52 733 1214 820; baseline -0.005 -16"><span class='ocrx_word' id='word_1_20' title='bbox 52 738 76 806; x_wconf 82' lang='lat' dir='ltr'>et</span> <span class='ocrx_word' id='word_1_21' title='bbox 97 752 193 816; x_wconf 80' lang='lat' dir='ltr'>paoem</span> <span class='ocrx_word' id='word_1_22' title='bbox 219 752 273 814; x_wconf 76' lang='lat' dir='ltr'>per</span> <span class='ocrx_word' id='word_1_23' title='bbox 293 733 444 804; x_wconf 76' lang='lat' dir='ltr'>subditam</span> <span class='ocrx_word' id='word_1_24' title='bbox 465 733 523 798; x_wconf 89' lang='lat' dir='ltr'>sibi</span> <span class='ocrx_word' id='word_1_25' title='bbox 544 733 727 816; x_wconf 77' lang='lat' dir='ltr'>provineiane</span> <span class='ocrx_word' id='word_1_26' title='bbox 742 733 784 820; x_wconf 81' lang='lat' dir='ltr'>a)</span> <span class='ocrx_word' id='word_1_27' title='bbox 795 738 967 817; x_wconf 84' lang='lat' dir='ltr'>exequatur.</span> <span class='ocrx_word' id='word_1_28' title='bbox 984 735 1114 819; x_wconf 82' lang='lat' dir='ltr'>ideoque</span> <span class='ocrx_word' id='word_1_29' title='bbox 1129 755 1214 798; x_wconf 78' lang='lat' dir='ltr'>man-</span> 
     </span>
     <span class='ocr_line' id='line_1_5' title="bbox 52 843 1213 927; baseline -0.007 -13"><span class='ocrx_word' id='word_1_30' title='bbox 52 843 156 916; x_wconf 77' lang='lat' dir='ltr'>emus,</span> <span class='ocrx_word' id='word_1_31' title='bbox 185 847 330 926; x_wconf 66' lang='lat' dir='ltr'>qmtenm</span> <span class='ocrx_word' id='word_1_32' title='bbox 360 843 389 910; x_wconf 89' lang='lat' dir='ltr'>ei</span> <span class='ocrx_word' id='word_1_33' title='bbox 420 843 460 910; x_wconf 85' lang='lat' dir='ltr'>de</span> <span class='ocrx_word' id='word_1_34' title='bbox 490 848 593 912; x_wconf 86' lang='lat' dir='ltr'>eetero</span> <span class='ocrx_word' id='word_1_35' title='bbox 625 848 768 927; x_wconf 85' lang='lat' dir='ltr'>tanquam</span> <span class='ocrx_word' id='word_1_36' title='bbox 800 843 965 925; x_wconf 76' lang='lat' dir='ltr'>apostolice</span> <span class='ocrx_word' id='word_1_37' title='bbox 1000 844 1081 906; x_wconf 84' lang='lat' dir='ltr'>sedis</span> <span class='ocrx_word' id='word_1_38' title='bbox 1112 843 1213 925; x_wconf 81' lang='lat' dir='ltr'>legato</span> 
     </span>
     <span class='ocr_line' id='line_1_6' title="bbox 52 949 1215 1034; baseline -0.007 -11"><span class='ocrx_word' id='word_1_39' title='bbox 52 950 166 1023; x_wconf 75' lang='lat' dir='ltr'>tettan</span> <span class='ocrx_word' id='word_1_40' title='bbox 181 949 386 1020; x_wconf 68' lang='lat' dir='ltr'><strong>obedienciam</strong></span> <span class='ocrx_word' id='word_1_41' title='bbox 403 956 435 1020; x_wconf 83' lang='lat' dir='ltr'>et</span> <span class='ocrx_word' id='word_1_42' title='bbox 450 951 633 1033; x_wconf 79' lang='lat' dir='ltr'>eondignem</span> <span class='ocrx_word' id='word_1_43' title='bbox 647 951 853 1019; x_wconf 72' lang='lat' dir='ltr'>reverenciam</span> <span class='ocrx_word' id='word_1_44' title='bbox 867 951 1049 1034; x_wconf 82' lang='lat' dir='ltr'>inpendeh&#39;s,</span> <span class='ocrx_word' id='word_1_45' title='bbox 1070 951 1112 1014; x_wconf 78' lang='lat' dir='ltr'>ita</span> <span class='ocrx_word' id='word_1_46' title='bbox 1134 953 1215 1034; x_wconf 84' lang='lat' dir='ltr'>quod</span> 
     </span>
     <span class='ocr_line' id='line_1_7' title="bbox 50 1058 1216 1144; baseline -0.004 -14"><span class='ocrx_word' id='word_1_47' title='bbox 50 1065 75 1130; x_wconf 83' lang='lat' dir='ltr'>ot</span> <span class='ocrx_word' id='word_1_48' title='bbox 101 1059 161 1142; x_wconf 73' lang='lat' dir='ltr'>ipse</span> <span class='ocrx_word' id='word_1_49' title='bbox 181 1058 213 1124; x_wconf 89' lang='lat' dir='ltr'>in</span> <span class='ocrx_word' id='word_1_50' title='bbox 231 1058 317 1127; x_wconf 84' lang='lat' dir='ltr'>vobio</span> <span class='ocrx_word' id='word_1_51' title='bbox 338 1059 377 1126; x_wconf 84' lang='lat' dir='ltr'>ed</span> <span class='ocrx_word' id='word_1_52' title='bbox 405 1059 530 1144; x_wconf 76' lang='lat' dir='ltr'><strong>gloriam</strong></span> <span class='ocrx_word' id='word_1_53' title='bbox 553 1060 610 1126; x_wconf 86' lang='lat' dir='ltr'>Dei</span> <span class='ocrx_word' id='word_1_54' title='bbox 632 1059 822 1143; x_wconf 84' lang='lat' dir='ltr'>omniumque</span> <span class='ocrx_word' id='word_1_55' title='bbox 847 1065 978 1125; x_wconf 75' lang='lat' dir='ltr'>vestrum</span> <span class='ocrx_word' id='word_1_56' title='bbox 1005 1061 1163 1125; x_wconf 86' lang='lat' dir='ltr'>eomodem</span> <span class='ocrx_word' id='word_1_57' title='bbox 1184 1067 1216 1125; x_wconf 73' lang='lat' dir='ltr'>ee</span> 
     </span>
     <span class='ocr_line' id='line_1_8' title="bbox 50 1168 1216 1278; baseline -0.003 -40"><span class='ocrx_word' id='word_1_58' title='bbox 50 1168 339 1238; x_wconf 68' lang='lat' dir='ltr'>satannianorum</span> <span class='ocrx_word' id='word_1_59' title='bbox 362 1169 420 1236; x_wconf 84' lang='lat' dir='ltr'>sihi</span> <span class='ocrx_word' id='word_1_60' title='bbox 442 1169 540 1251; x_wconf 80' lang='lat' dir='ltr'>possit</span> <span class='ocrx_word' id='word_1_61' title='bbox 562 1169 764 1236; x_wconf 84' lang='lat' dir='ltr'>ministerium</span> <span class='ocrx_word' id='word_1_62' title='bbox 784 1170 892 1252; x_wconf 81' lang='lat' dir='ltr'>exequi</span> <span class='ocrx_word' id='word_1_63' title='bbox 911 1175 945 1233; x_wconf 86' lang='lat' dir='ltr'>et</span> <span class='ocrx_word' id='word_1_64' title='bbox 963 1191 1017 1234; x_wconf 85' lang='lat' dir='ltr'>vos</span> <span class='ocrx_word' id='word_1_65' title='bbox 1034 1189 1136 1278; x_wconf 61' lang='lat' dir='ltr'>eoram</span> <span class='ocrx_word' id='word_1_66' title='bbox 1149 1172 1216 1240; x_wconf 80' lang='lat' dir='ltr'>Deo</span> 
     </span>
     <span class='ocr_line' id='line_1_9' title="bbox 51 1275 975 1346; baseline -0.003 -2"><span class='ocrx_word' id='word_1_67' title='bbox 51 1281 74 1344; x_wconf 86' lang='lat' dir='ltr'>et</span> <span class='ocrx_word' id='word_1_68' title='bbox 86 1275 285 1346; x_wconf 74' lang='lat' dir='ltr'>eoelesieeiue</span> <span class='ocrx_word' id='word_1_69' title='bbox 299 1277 411 1344; x_wconf 77' lang='lat' dir='ltr'>mento</span> <span class='ocrx_word' id='word_1_70' title='bbox 426 1277 550 1345; x_wconf 80' lang='lat' dir='ltr'>volentis</span> <span class='ocrx_word' id='word_1_71' title='bbox 568 1277 820 1345; x_wconf 80' lang='lat' dir='ltr'>oommenhahiles</span> <span class='ocrx_word' id='word_1_72' title='bbox 838 1277 975 1342; x_wconf 78' lang='lat' dir='ltr'>inveniri.</span> 
     </span>
    </p>
   </div>
   <div class='ocr_carea' id='block_1_3' title="bbox 51 1427 1215 1782">
    <p class='ocr_par' dir='ltr' id='par_1_3' title="bbox 51 1427 1215 1782">
     <span class='ocr_line' id='line_1_10' title="bbox 123 1427 1213 1500; baseline 0.006 -10"><span class='ocrx_word' id='word_1_73' title='bbox 123 1437 182 1492; x_wconf 83' lang='lat' dir='ltr'>bem</span> <span class='ocrx_word' id='word_1_74' title='bbox 194 1437 293 1500; x_wconf 85' lang='lat' dir='ltr'>Briefe,</span> <span class='ocrx_word' id='word_1_75' title='bbox 311 1427 396 1493; x_wconf 78' lang='lat' dir='ltr'>durch</span> <span class='ocrx_word' id='word_1_76' title='bbox 411 1439 529 1492; x_wconf 83' lang='lat' dir='ltr'>weloben</span> <span class='ocrx_word' id='word_1_77' title='bbox 543 1439 631 1494; x_wconf 89' lang='lat' dir='ltr'>Urban</span> <span class='ocrx_word' id='word_1_78' title='bbox 645 1437 684 1491; x_wconf 82' lang='lat' dir='ltr'>lv.</span> <span class='ocrx_word' id='word_1_79' title='bbox 703 1456 744 1491; x_wconf 87' lang='lat' dir='ltr'>em</span> <span class='ocrx_word' id='word_1_80' title='bbox 759 1438 799 1491; x_wconf 87' lang='lat'>13.</span> <span class='ocrx_word' id='word_1_81' title='bbox 815 1439 890 1492; x_wconf 79' lang='lat' dir='ltr'>Febr.</span> <span class='ocrx_word' id='word_1_82' title='bbox 906 1438 977 1494; x_wconf 84' lang='lat'>1236</span> <span class='ocrx_word' id='word_1_83' title='bbox 996 1438 1046 1497; x_wconf 89' lang='lat' dir='ltr'>den</span> <span class='ocrx_word' id='word_1_84' title='bbox 1059 1441 1213 1496; x_wconf 88' lang='lat' dir='ltr'>Minoriten-</span> 
     </span>
     <span class='ocr_line' id='line_1_11' title="bbox 51 1527 1212 1603; baseline 0.007 -23"><span class='ocrx_word' id='word_1_85' title='bbox 51 1527 136 1582; x_wconf 85' lang='lat' dir='ltr'>breder</span> <span class='ocrx_word' id='word_1_86' title='bbox 155 1529 281 1582; x_wconf 75' lang='lat' dir='ltr'>Heinrich</span> <span class='ocrx_word' id='word_1_87' title='bbox 304 1547 361 1582; x_wconf 80' lang='lat' dir='ltr'>enm</span> <span class='ocrx_word' id='word_1_88' title='bbox 383 1528 496 1582; x_wconf 78' lang='lat' dir='ltr'>bischos</span> <span class='ocrx_word' id='word_1_89' title='bbox 519 1547 567 1583; x_wconf 89' lang='lat' dir='ltr'>ron</span> <span class='ocrx_word' id='word_1_90' title='bbox 591 1528 732 1584; x_wconf 73' lang='lat' dir='ltr'>chiemsee</span> <span class='ocrx_word' id='word_1_91' title='bbox 753 1536 864 1585; x_wconf 86' lang='lat' dir='ltr'>ernennt</span> <span class='ocrx_word' id='word_1_92' title='bbox 891 1529 1041 1603; x_wconf 84' lang='lat' dir='ltr'>(Wadding</span> <span class='ocrx_word' id='word_1_93' title='bbox 1067 1533 1133 1587; x_wconf 81' lang='lat' dir='ltr'>Ann.</span> <span class='ocrx_word' id='word_1_94' title='bbox 1156 1533 1212 1588; x_wconf 88' lang='lat' dir='ltr'>ord.</span> 
     </span>
     <span class='ocr_line' id='line_1_12' title="bbox 51 1617 1215 1694; baseline 0.003 -20"><span class='ocrx_word' id='word_1_95' title='bbox 51 1618 190 1682; x_wconf 57' lang='lat' dir='ltr'>wenni,</span> <span class='ocrx_word' id='word_1_96' title='bbox 199 1619 287 1687; x_wconf 63' lang='lat' dir='ltr'>toa),</span> <span class='ocrx_word' id='word_1_97' title='bbox 295 1617 364 1691; x_wconf 73' lang='lat' dir='ltr'>iiegt</span> <span class='ocrx_word' id='word_1_98' title='bbox 373 1618 605 1676; x_wconf 68' lang='lat' dir='ltr'>dioeelheliermel</span> <span class='ocrx_word' id='word_1_99' title='bbox 615 1637 647 1674; x_wconf 78' lang='lat' dir='ltr'>su</span> <span class='ocrx_word' id='word_1_100' title='bbox 658 1619 775 1683; x_wconf 75' lang='lat' dir='ltr'>Grande,</span> <span class='ocrx_word' id='word_1_101' title='bbox 788 1621 870 1674; x_wconf 81' lang='lat' dir='ltr'>deber</span> <span class='ocrx_word' id='word_1_102' title='bbox 882 1621 951 1674; x_wconf 79' lang='lat' dir='ltr'>hebo</span> <span class='ocrx_word' id='word_1_103' title='bbox 964 1622 1007 1675; x_wconf 85' lang='lat' dir='ltr'>ioh</span> <span class='ocrx_word' id='word_1_104' title='bbox 1019 1637 1215 1694; x_wconf 79' lang='lat' dir='ltr'>engenommeo,</span> 
     </span>
     <span class='ocr_line' id='line_1_13' title="bbox 52 1706 931 1782; baseline 0.007 -18"><span class='ocrx_word' id='word_1_105' title='bbox 52 1706 100 1771; x_wconf 79' lang='lat' dir='ltr'>ere</span> <span class='ocrx_word' id='word_1_106' title='bbox 110 1726 187 1771; x_wconf 74' lang='lat' dir='ltr'>unser</span> <span class='ocrx_word' id='word_1_107' title='bbox 197 1709 267 1774; x_wconf 61' lang='lat' dir='ltr'>Reid</span> <span class='ocrx_word' id='word_1_108' title='bbox 288 1709 439 1782; x_wconf 74' lang='lat' dir='ltr'>pleiehteile</span> <span class='ocrx_word' id='word_1_109' title='bbox 452 1727 503 1771; x_wconf 81' lang='lat' dir='ltr'>voe</span> <span class='ocrx_word' id='word_1_110' title='bbox 523 1711 676 1776; x_wconf 75' lang='lat' dir='ltr'>domeelbrn</span> <span class='ocrx_word' id='word_1_111' title='bbox 690 1711 789 1782; x_wconf 58' lang='lat' dir='ltr'>Repete</span> <span class='ocrx_word' id='word_1_112' title='bbox 801 1711 931 1772; x_wconf 74' lang='lat' dir='ltr'>hemetre</span> 
     </span>
    </p>
   </div>
   <div class='ocr_carea' id='block_1_4' title="bbox 598 1879 661 1952">
    <p class='ocr_par' dir='ltr' id='par_1_4' title="bbox 598 1879 661 1952">
     <span class='ocr_line' id='line_1_14' title="bbox 598 1879 661 1952; baseline 0.063 -3"><span class='ocrx_word' id='word_1_113' title='bbox 598 1879 661 1952; x_wconf 85' lang='lat'>22.</span> 
     </span>
    </p>
   </div>
   <div class='ocr_carea' id='block_1_5' title="bbox 426 2021 820 2222">
    <p class='ocr_par' dir='ltr' id='par_1_5' title="bbox 426 2021 820 2222">
     <span class='ocr_line' id='line_1_15' title="bbox 458 2021 797 2110; baseline 0 -24"><span class='ocrx_word' id='word_1_114' title='bbox 458 2023 537 2110; x_wconf 74' lang='lat' dir='ltr'>Papa</span> <span class='ocrx_word' id='word_1_115' title='bbox 551 2022 615 2103; x_wconf 75' lang='lat' dir='ltr'>rapi</span> <span class='ocrx_word' id='word_1_116' title='bbox 631 2021 797 2086; x_wconf 75' lang='lat' dir='ltr'>hiltiberto,</span> 
     </span>
     <span class='ocr_line' id='line_1_16' title="bbox 426 2158 820 2222; baseline -0.003 -8"><span class='ocrx_word' id='word_1_117' title='bbox 426 2158 505 2214; x_wconf 77' lang='grc'><strong>1266.</strong></span> <span class='ocrx_word' id='word_1_118' title='bbox 519 2159 637 2214; x_wconf 76' lang='lat' dir='ltr'>Fehrner</span> <span class='ocrx_word' id='word_1_119' title='bbox 649 2158 693 2212; x_wconf 82' lang='grc'>22.</span> <span class='ocrx_word' id='word_1_120' title='bbox 707 2160 820 2222; x_wconf 75' lang='lat' dir='ltr'>Peresii.</span> 
     </span>
    </p>
   </div>
   <div class='ocr_carea' id='block_1_6' title="bbox 43 2283 1320 4222">
    <p class='ocr_par' dir='ltr' id='par_1_6' title="bbox 53 2283 1216 2448">
     <span class='ocr_line' id='line_1_17' title="bbox 53 2283 1216 2360; baseline -0.001 -18"><span class='ocrx_word' id='word_1_121' title='bbox 53 2284 152 2342; x_wconf 67' lang='lat' dir='ltr'>limene</span> <span class='ocrx_word' id='word_1_122' title='bbox 161 2288 177 2342; x_wconf 90' lang='lat'><em>1</em></span> <span class='ocrx_word' id='word_1_123' title='bbox 183 2289 208 2342; x_wconf 87' lang='lat' dir='ltr'>V.</span> <span class='ocrx_word' id='word_1_124' title='bbox 221 2287 294 2360; x_wconf 69' lang='lat' dir='ltr'>eripe</span> <span class='ocrx_word' id='word_1_125' title='bbox 305 2287 363 2342; x_wconf 76' lang='lat' dir='ltr'>dem</span> <span class='ocrx_word' id='word_1_126' title='bbox 375 2283 524 2342; x_wconf 55' lang='lat' dir='ltr'>warneheri</span> <span class='ocrx_word' id='word_1_127' title='bbox 536 2285 639 2358; x_wconf 73' lang='lat' dir='ltr'>Keiripe</span> <span class='ocrx_word' id='word_1_128' title='bbox 648 2284 770 2340; x_wconf 69' lang='lat' dir='ltr'>nicoma</span> <span class='ocrx_word' id='word_1_129' title='bbox 779 2286 855 2340; x_wconf 71' lang='lat' dir='ltr'>serbe</span> <span class='ocrx_word' id='word_1_130' title='bbox 867 2283 1104 2359; x_wconf 74' lang='lat' dir='ltr'>Timebeetet’puap</span> <span class='ocrx_word' id='word_1_131' title='bbox 1114 2305 1148 2341; x_wconf 83' lang='lat' dir='ltr'>en</span> <span class='ocrx_word' id='word_1_132' title='bbox 1161 2287 1216 2341; x_wconf 83' lang='lat' dir='ltr'>und</span> 
     </span>
     <span class='ocr_line' id='line_1_18' title="bbox 404 2373 841 2448; baseline 0.002 -18"><span class='ocrx_word' id='word_1_133' title='bbox 404 2376 478 2433; x_wconf 76' lang='lat' dir='ltr'>hinet</span> <span class='ocrx_word' id='word_1_134' title='bbox 488 2393 531 2436; x_wconf 79' lang='lat' dir='ltr'>ern</span> <span class='ocrx_word' id='word_1_135' title='bbox 542 2375 618 2432; x_wconf 78' lang='lat' dir='ltr'>seiros</span> <span class='ocrx_word' id='word_1_136' title='bbox 634 2373 841 2448; x_wconf 70' lang='lat' dir='ltr'>Ueterewmrp.</span> 
     </span>
    </p>

    <p class='ocr_par' dir='ltr' id='par_1_7' title="bbox 43 2499 1320 4222">
     <span class='ocr_line' id='line_1_19' title="bbox 120 2499 1215 2592; baseline 0 -25"><span class='ocrx_word' id='word_1_137' title='bbox 120 2504 225 2568; x_wconf 81' lang='lat' dir='ltr'>anns</span> <span class='ocrx_word' id='word_1_138' title='bbox 256 2503 414 2592; x_wconf 79' lang='lat' dir='ltr'>dnieedine</span> <span class='ocrx_word' id='word_1_139' title='bbox 443 2523 481 2566; x_wconf 85' lang='lat' dir='ltr'>ae</span> <span class='ocrx_word' id='word_1_140' title='bbox 509 2522 627 2584; x_wconf 80' lang='lat' dir='ltr'>semper</span> <span class='ocrx_word' id='word_1_141' title='bbox 654 2501 798 2566; x_wconf 77' lang='lat' dir='ltr'>ineffabili</span> <span class='ocrx_word' id='word_1_142' title='bbox 824 2499 951 2566; x_wconf 79' lang='lat' dir='ltr'>affluens</span> <span class='ocrx_word' id='word_1_143' title='bbox 978 2503 1093 2586; x_wconf 88' lang='lat' dir='ltr'>pietate</span> <span class='ocrx_word' id='word_1_144' title='bbox 1120 2507 1215 2587; x_wconf 87' lang='lat' dir='ltr'>petris</span> 
     </span>
     <span class='ocr_line' id='line_1_20' title="bbox 52 2611 1215 2691; baseline 0.005 -21"><span class='ocrx_word' id='word_1_145' title='bbox 52 2613 130 2675; x_wconf 83' lang='lat' dir='ltr'>eterni</span> <span class='ocrx_word' id='word_1_146' title='bbox 144 2613 231 2687; x_wconf 87' lang='lat' dir='ltr'>hlius,</span> <span class='ocrx_word' id='word_1_147' title='bbox 249 2613 386 2678; x_wconf 87' lang='lat' dir='ltr'>dominns</span> <span class='ocrx_word' id='word_1_148' title='bbox 402 2613 493 2677; x_wconf 78' lang='lat' dir='ltr'>deses</span> <span class='ocrx_word' id='word_1_149' title='bbox 510 2612 657 2684; x_wconf 79' lang='lat' dir='ltr'>Christus,</span> <span class='ocrx_word' id='word_1_150' title='bbox 676 2611 758 2675; x_wconf 84' lang='lat' dir='ltr'>eirea</span> <span class='ocrx_word' id='word_1_151' title='bbox 775 2611 936 2691; x_wconf 81' lang='lat' dir='ltr'>eeclesiam</span> <span class='ocrx_word' id='word_1_152' title='bbox 956 2619 1090 2677; x_wconf 79' lang='lat' dir='ltr'>sanctam</span> <span class='ocrx_word' id='word_1_153' title='bbox 1106 2611 1215 2677; x_wconf 83' lang='lat' dir='ltr'>hatho·</span> 
     </span>
     <span class='ocr_line' id='line_1_21' title="bbox 48 2717 1215 2804; baseline 0.009 -24"><span class='ocrx_word' id='word_1_154' title='bbox 48 2717 121 2785; x_wconf 82' lang='lat' dir='ltr'>tieem</span> <span class='ocrx_word' id='word_1_155' title='bbox 149 2723 191 2787; x_wconf 88' lang='lat' dir='ltr'>ita</span> <span class='ocrx_word' id='word_1_156' title='bbox 222 2744 279 2787; x_wconf 85' lang='lat' dir='ltr'>sne</span> <span class='ocrx_word' id='word_1_157' title='bbox 311 2724 466 2787; x_wconf 82' lang='lat' dir='ltr'>continuat</span> <span class='ocrx_word' id='word_1_158' title='bbox 494 2721 693 2804; x_wconf 80' lang='lat' dir='ltr'>benignitatis</span> <span class='ocrx_word' id='word_1_159' title='bbox 723 2719 880 2796; x_wconf 77' lang='lat' dir='ltr'>affectum,</span> <span class='ocrx_word' id='word_1_160' title='bbox 918 2723 963 2787; x_wconf 87' lang='lat' dir='ltr'>sio</span> <span class='ocrx_word' id='word_1_161' title='bbox 1000 2744 1054 2788; x_wconf 90' lang='lat' dir='ltr'>sue</span> <span class='ocrx_word' id='word_1_162' title='bbox 1091 2725 1215 2791; x_wconf 84' lang='lat' dir='ltr'>roborat</span> 
     </span>
     <span class='ocr_line' id='line_1_22' title="bbox 47 2830 1213 2916; baseline 0.008 -26"><span class='ocrx_word' id='word_1_163' title='bbox 47 2831 221 2908; x_wconf 73' lang='lat' dir='ltr'>protectionis</span> <span class='ocrx_word' id='word_1_164' title='bbox 245 2832 402 2905; x_wconf 82' lang='lat' dir='ltr'>auxilium,</span> <span class='ocrx_word' id='word_1_165' title='bbox 429 2837 463 2896; x_wconf 84' lang='lat' dir='ltr'>nt</span> <span class='ocrx_word' id='word_1_166' title='bbox 480 2849 568 2916; x_wconf 85' lang='lat' dir='ltr'>qoam</span> <span class='ocrx_word' id='word_1_167' title='bbox 591 2830 636 2893; x_wconf 91' lang='lat' dir='ltr'>sui</span> <span class='ocrx_word' id='word_1_168' title='bbox 659 2831 838 2895; x_wconf 83' lang='lat' dir='ltr'>commercio</span> <span class='ocrx_word' id='word_1_169' title='bbox 863 2831 1026 2914; x_wconf 74' lang='lat' dir='ltr'>sangoinis</span> <span class='ocrx_word' id='word_1_170' title='bbox 1043 2834 1213 2916; x_wconf 87' lang='lat' dir='ltr'>aequisivit,</span> 
     </span>
     <span class='ocr_line' id='line_1_23' title="bbox 46 2932 1212 3030; baseline 0.008 -35"><span class='ocrx_word' id='word_1_171' title='bbox 46 2932 214 3003; x_wconf 75' lang='lat' dir='ltr'>incessanter</span> <span class='ocrx_word' id='word_1_172' title='bbox 226 2939 381 3003; x_wconf 81' lang='lat' dir='ltr'>custodiat</span> <span class='ocrx_word' id='word_1_173' title='bbox 392 2959 450 3003; x_wconf 88' lang='lat' dir='ltr'>non</span> <span class='ocrx_word' id='word_1_174' title='bbox 464 2939 558 3002; x_wconf 88' lang='lat' dir='ltr'>solum</span> <span class='ocrx_word' id='word_1_175' title='bbox 570 2958 626 3022; x_wconf 89' lang='lat' dir='ltr'>per</span> <span class='ocrx_word' id='word_1_176' title='bbox 637 2939 771 3020; x_wconf 83' lang='lat' dir='ltr'>angelos,</span> <span class='ocrx_word' id='word_1_177' title='bbox 789 2939 847 3002; x_wconf 86' lang='lat' dir='ltr'>oeli</span> <span class='ocrx_word' id='word_1_178' title='bbox 864 2941 956 3014; x_wconf 82' lang='lat' dir='ltr'>cives,</span> <span class='ocrx_word' id='word_1_179' title='bbox 970 2959 1062 3025; x_wconf 90' lang='lat' dir='ltr'>super</span> <span class='ocrx_word' id='word_1_180' title='bbox 1073 2963 1172 3007; x_wconf 90' lang='lat' dir='ltr'>muros</span> <span class='ocrx_word' id='word_1_181' title='bbox 1186 2941 1212 3030; x_wconf 82' lang='lat'>¹)</span> 
     </span>
     <span class='ocr_line' id='line_1_24' title="bbox 45 3042 1215 3135; baseline 0.006 -29"><span class='ocrx_word' id='word_1_182' title='bbox 45 3042 136 3126; x_wconf 80' lang='lat' dir='ltr'>ipsias,</span> <span class='ocrx_word' id='word_1_183' title='bbox 150 3049 199 3132; x_wconf 88' lang='lat' dir='ltr'>qni</span> <span class='ocrx_word' id='word_1_184' title='bbox 215 3065 276 3110; x_wconf 86' lang='lat' dir='ltr'>nee</span> <span class='ocrx_word' id='word_1_185' title='bbox 292 3047 340 3111; x_wconf 88' lang='lat' dir='ltr'>die</span> <span class='ocrx_word' id='word_1_186' title='bbox 356 3067 415 3110; x_wconf 86' lang='lat' dir='ltr'>nee</span> <span class='ocrx_word' id='word_1_187' title='bbox 429 3053 518 3112; x_wconf 84' lang='lat' dir='ltr'>noete</span> <span class='ocrx_word' id='word_1_188' title='bbox 534 3053 666 3119; x_wconf 82' lang='lat' dir='ltr'>taceant,</span> <span class='ocrx_word' id='word_1_189' title='bbox 694 3048 842 3112; x_wconf 81' lang='lat' dir='ltr'>custodita</span> <span class='ocrx_word' id='word_1_190' title='bbox 860 3048 909 3135; x_wconf 87' lang='lat' dir='ltr'>b),</span> <span class='ocrx_word' id='word_1_191' title='bbox 938 3048 1010 3132; x_wconf 88' lang='lat' dir='ltr'>quin</span> <span class='ocrx_word' id='word_1_192' title='bbox 1037 3049 1132 3112; x_wconf 85' lang='lat' dir='ltr'>eciem</span> <span class='ocrx_word' id='word_1_193' title='bbox 1159 3069 1215 3132; x_wconf 87' lang='lat' dir='ltr'>per</span> 
     </span>
     <span class='ocr_line' id='line_1_25' title="bbox 45 3151 1214 3245; baseline 0.008 -30"><span class='ocrx_word' id='word_1_194' title='bbox 45 3151 179 3230; x_wconf 79' lang='lat' dir='ltr'>hemines,</span> <span class='ocrx_word' id='word_1_195' title='bbox 203 3158 309 3220; x_wconf 89' lang='lat' dir='ltr'>domos</span> <span class='ocrx_word' id='word_1_196' title='bbox 339 3157 437 3220; x_wconf 88' lang='lat' dir='ltr'>luteas</span> <span class='ocrx_word' id='word_1_197' title='bbox 457 3157 660 3220; x_wconf 83' lang='lat' dir='ltr'>inhabitantes</span> <span class='ocrx_word' id='word_1_198' title='bbox 677 3153 724 3245; x_wconf 61' lang='lat' dir='ltr'>e),</span> <span class='ocrx_word' id='word_1_199' title='bbox 761 3162 794 3220; x_wconf 87' lang='lat' dir='ltr'>ut</span> <span class='ocrx_word' id='word_1_200' title='bbox 815 3157 845 3220; x_wconf 91' lang='lat' dir='ltr'>in</span> <span class='ocrx_word' id='word_1_201' title='bbox 882 3157 970 3222; x_wconf 88' lang='lat' dir='ltr'>huius</span> <span class='ocrx_word' id='word_1_202' title='bbox 1002 3159 1079 3222; x_wconf 83' lang='lat' dir='ltr'>exiiii</span> <span class='ocrx_word' id='word_1_203' title='bbox 1106 3159 1214 3224; x_wconf 86' lang='lat' dir='ltr'>vallata</span> 
     </span>
     <span class='ocr_line' id='line_1_26' title="bbox 46 3260 1211 3350; baseline 0.008 -27"><span class='ocrx_word' id='word_1_204' title='bbox 46 3260 213 3338; x_wconf 77' lang='lat' dir='ltr'>discrimine,</span> <span class='ocrx_word' id='word_1_205' title='bbox 236 3265 413 3330; x_wconf 85' lang='lat' dir='ltr'>aeumulatis</span> <span class='ocrx_word' id='word_1_206' title='bbox 430 3264 529 3329; x_wconf 89' lang='lat' dir='ltr'>divine</span> <span class='ocrx_word' id='word_1_207' title='bbox 552 3266 746 3350; x_wconf 88' lang='lat' dir='ltr'>provideneie</span> <span class='ocrx_word' id='word_1_208' title='bbox 763 3265 928 3339; x_wconf 85' lang='lat' dir='ltr'>benefieiis,</span> <span class='ocrx_word' id='word_1_209' title='bbox 952 3287 1080 3350; x_wconf 86' lang='lat' dir='ltr'>superne</span> <span class='ocrx_word' id='word_1_210' title='bbox 1101 3268 1211 3332; x_wconf 79' lang='lat' dir='ltr'>milicie</span> 
     </span>
     <span class='ocr_line' id='line_1_27' title="bbox 47 3369 1212 3458; baseline 0.007 -26"><span class='ocrx_word' id='word_1_211' title='bbox 47 3369 172 3437; x_wconf 83' lang='lat' dir='ltr'>inleiatur</span> <span class='ocrx_word' id='word_1_212' title='bbox 191 3374 325 3457; x_wconf 88' lang='lat' dir='ltr'>presidio</span> <span class='ocrx_word' id='word_1_213' title='bbox 347 3374 499 3458; x_wconf 86' lang='lat' dir='ltr'>prolisque</span> <span class='ocrx_word' id='word_1_214' title='bbox 521 3374 643 3458; x_wconf 82' lang='lat' dir='ltr'>proprie</span> <span class='ocrx_word' id='word_1_215' title='bbox 664 3375 831 3438; x_wconf 84' lang='lat' dir='ltr'>ministerio</span> <span class='ocrx_word' id='word_1_216' title='bbox 854 3396 913 3440; x_wconf 91' lang='lat' dir='ltr'>non</span> <span class='ocrx_word' id='word_1_217' title='bbox 935 3375 1100 3439; x_wconf 84' lang='lat' dir='ltr'>fraudetur.</span> <span class='ocrx_word' id='word_1_218' title='bbox 1135 3377 1212 3440; x_wconf 90' lang='lat' dir='ltr'>Nam</span> 
     </span>
     <span class='ocr_line' id='line_1_28' title="bbox 44 3481 1212 3573; baseline 0.005 -31"><span class='ocrx_word' id='word_1_219' title='bbox 44 3486 99 3558; x_wconf 86' lang='lat' dir='ltr'>post</span> <span class='ocrx_word' id='word_1_220' title='bbox 125 3503 299 3566; x_wconf 84' lang='lat' dir='ltr'>regressum</span> <span class='ocrx_word' id='word_1_221' title='bbox 329 3481 481 3564; x_wconf 77' lang='lat' dir='ltr'>magnifici</span> <span class='ocrx_word' id='word_1_222' title='bbox 511 3483 712 3564; x_wconf 87' lang='lat' dir='ltr'>redemptoris</span> <span class='ocrx_word' id='word_1_223' title='bbox 742 3483 781 3546; x_wconf 85' lang='lat' dir='ltr'>ed</span> <span class='ocrx_word' id='word_1_224' title='bbox 813 3483 907 3573; x_wconf 77' lang='lat' dir='ltr'>ipsias</span> <span class='ocrx_word' id='word_1_225' title='bbox 939 3485 1080 3565; x_wconf 83' lang='lat' dir='ltr'>gloriam,</span> <span class='ocrx_word' id='word_1_226' title='bbox 1109 3504 1127 3546; x_wconf 90' lang='lat' dir='ltr'>a</span> <span class='ocrx_word' id='word_1_227' title='bbox 1154 3503 1212 3567; x_wconf 84' lang='lat' dir='ltr'>qua</span> 
     </span>
     <span class='ocr_line' id='line_1_29' title="bbox 44 3591 1213 3675; baseline 0.008 -26"><span class='ocrx_word' id='word_1_228' title='bbox 44 3597 164 3664; x_wconf 86' lang='lat' dir='ltr'>venerat,</span> <span class='ocrx_word' id='word_1_229' title='bbox 191 3599 335 3675; x_wconf 82' lang='lat' dir='ltr'>tanquam</span> <span class='ocrx_word' id='word_1_230' title='bbox 364 3592 464 3674; x_wconf 89' lang='lat' dir='ltr'>operis</span> <span class='ocrx_word' id='word_1_231' title='bbox 492 3592 539 3655; x_wconf 88' lang='lat' dir='ltr'>sni</span> <span class='ocrx_word' id='word_1_232' title='bbox 570 3591 716 3662; x_wconf 82' lang='lat' dir='ltr'>vicarios,</span> <span class='ocrx_word' id='word_1_233' title='bbox 744 3592 823 3657; x_wconf 91' lang='lat' dir='ltr'>siout</span> <span class='ocrx_word' id='word_1_234' title='bbox 850 3592 1012 3674; x_wconf 80' lang='lat' dir='ltr'>disposicio</span> <span class='ocrx_word' id='word_1_235' title='bbox 1040 3592 1213 3674; x_wconf 87' lang='lat' dir='ltr'>previderat</span> 
     </span>
     <span class='ocr_line' id='line_1_30' title="bbox 47 3699 1211 3783; baseline 0.004 -24"><span class='ocrx_word' id='word_1_236' title='bbox 47 3699 159 3763; x_wconf 77' lang='lat' dir='ltr'>orantem</span> <span class='ocrx_word' id='word_1_237' title='bbox 192 3700 375 3773; x_wconf 83' lang='lat' dir='ltr'>conditoris,</span> <span class='ocrx_word' id='word_1_238' title='bbox 407 3701 581 3764; x_wconf 84' lang='lat' dir='ltr'>suoeessira</span> <span class='ocrx_word' id='word_1_239' title='bbox 612 3699 830 3764; x_wconf 83' lang='lat' dir='ltr'>substitnoione</span> <span class='ocrx_word' id='word_1_240' title='bbox 860 3699 1049 3783; x_wconf 74' lang='lat' dir='ltr'>pontificum,</span> <span class='ocrx_word' id='word_1_241' title='bbox 1082 3719 1211 3783; x_wconf 76' lang='lat' dir='ltr'>superne</span> 
     </span>
     <span class='ocr_line' id='line_1_31' title="bbox 44 3805 1212 3892; baseline 0.008 -26"><span class='ocrx_word' id='word_1_242' title='bbox 44 3805 144 3872; x_wconf 68' lang='lat' dir='ltr'>nautis</span> <span class='ocrx_word' id='word_1_243' title='bbox 160 3810 281 3873; x_wconf 78' lang='lat' dir='ltr'>favente</span> <span class='ocrx_word' id='word_1_244' title='bbox 297 3807 412 3891; x_wconf 82' lang='lat' dir='ltr'>grania,</span> <span class='ocrx_word' id='word_1_245' title='bbox 438 3808 535 3872; x_wconf 83' lang='lat' dir='ltr'>felicis</span> <span class='ocrx_word' id='word_1_246' title='bbox 552 3809 655 3873; x_wconf 90' lang='lat' dir='ltr'>habuit</span> <span class='ocrx_word' id='word_1_247' title='bbox 676 3809 905 3892; x_wconf 81' lang='lat' dir='ltr'>perseverancia</span> <span class='ocrx_word' id='word_1_248' title='bbox 927 3809 1140 3874; x_wconf 80' lang='lat' dir='ltr'>fulcimentum.</span> <span class='ocrx_word' id='word_1_249' title='bbox 1173 3810 1212 3875; x_wconf 83' lang='lat' dir='ltr'>Et</span> 
     </span>
     <span class='ocr_line' id='line_1_32' title="bbox 45 3909 1320 4002; baseline 0.005 -24"><span class='ocrx_word' id='word_1_250' title='bbox 45 3933 98 3985; x_wconf 87' lang='lat' dir='ltr'>enm</span> <span class='ocrx_word' id='word_1_251' title='bbox 117 3939 169 4002; x_wconf 85' lang='lat' dir='ltr'>pro</span> <span class='ocrx_word' id='word_1_252' title='bbox 193 3920 368 3989; x_wconf 84' lang='lat' dir='ltr'>diversitate</span> <span class='ocrx_word' id='word_1_253' title='bbox 395 3924 564 4002; x_wconf 86' lang='lat' dir='ltr'>temporum</span> <span class='ocrx_word' id='word_1_254' title='bbox 597 3925 627 3984; x_wconf 86' lang='lat' dir='ltr'>et</span> <span class='ocrx_word' id='word_1_255' title='bbox 658 3920 792 3984; x_wconf 88' lang='lat' dir='ltr'>looornm</span> <span class='ocrx_word' id='word_1_256' title='bbox 824 3920 923 4002; x_wconf 86' lang='lat' dir='ltr'>plures</span> <span class='ocrx_word' id='word_1_257' title='bbox 953 3909 1118 4002; x_wconf 76' lang='lat' dir='ltr'>oportuerit</span> <span class='ocrx_word' id='word_1_258' title='bbox 1144 3920 1320 3986; x_wconf 69' lang='lat' dir='ltr'>herivanno.</span> 
     </span>
     <span class='ocr_line' id='line_1_33' title="bbox 45 4027 1208 4120; baseline 0.003 -30"><span class='ocrx_word' id='word_1_259' title='bbox 45 4029 215 4100; x_wconf 71' lang='lat' dir='ltr'>secerdotes,</span> <span class='ocrx_word' id='word_1_260' title='bbox 242 4027 307 4102; x_wconf 81' lang='lat' dir='ltr'>aliis</span> <span class='ocrx_word' id='word_1_261' title='bbox 334 4034 430 4096; x_wconf 82' lang='lat' dir='ltr'>morte</span> <span class='ocrx_word' id='word_1_262' title='bbox 457 4027 617 4112; x_wconf 85' lang='lat' dir='ltr'>prohibitis</span> <span class='ocrx_word' id='word_1_263' title='bbox 632 4048 808 4111; x_wconf 84' lang='lat' dir='ltr'>permanere</span> <span class='ocrx_word' id='word_1_264' title='bbox 836 4048 971 4120; x_wconf 81' lang='lat' dir='ltr'>seraper,</span> <span class='ocrx_word' id='word_1_265' title='bbox 998 4048 1055 4110; x_wconf 83' lang='lat' dir='ltr'>pro</span> <span class='ocrx_word' id='word_1_266' title='bbox 1073 4029 1208 4112; x_wconf 68' lang='lat' dir='ltr'>patribus</span> 
     </span>
     <span class='ocr_line' id='line_1_34' title="bbox 43 4135 1207 4222; baseline 0.004 -25"><span class='ocrx_word' id='word_1_267' title='bbox 43 4135 95 4199; x_wconf 80' lang='lat' dir='ltr'>reti</span> <span class='ocrx_word' id='word_1_268' title='bbox 109 4145 176 4203; x_wconf 80' lang='lat' dir='ltr'>sent</span> <span class='ocrx_word' id='word_1_269' title='bbox 191 4137 255 4211; x_wconf 80' lang='lat' dir='ltr'>fih’i,</span> <span class='ocrx_word' id='word_1_270' title='bbox 273 4138 326 4221; x_wconf 82' lang='lat' dir='ltr'>qni</span> <span class='ocrx_word' id='word_1_271' title='bbox 339 4139 473 4222; x_wconf 70' lang='lat' dir='ltr'>paternis</span> <span class='ocrx_word' id='word_1_272' title='bbox 490 4138 626 4220; x_wconf 80' lang='lat' dir='ltr'>vestigiis</span> <span class='ocrx_word' id='word_1_273' title='bbox 643 4143 819 4202; x_wconf 85' lang='lat' dir='ltr'>eonstanter</span> <span class='ocrx_word' id='word_1_274' title='bbox 833 4145 866 4210; x_wconf 83' lang='lat' dir='ltr'>et</span> <span class='ocrx_word' id='word_1_275' title='bbox 878 4137 1005 4203; x_wconf 85' lang='lat' dir='ltr'>fideliter</span> <span class='ocrx_word' id='word_1_276' title='bbox 1025 4138 1207 4213; x_wconf 79' lang='lat' dir='ltr'>inherentes,</span> 
     </span>
    </p>
   </div>
   <div class='ocr_carea' id='block_1_7' title="bbox 63 4281 812 4538">
    <p class='ocr_par' dir='ltr' id='par_1_8' title="bbox 63 4281 812 4538">
     <span class='ocr_line' id='line_1_35' title="bbox 119 4281 812 4354; baseline -0.001 -19"><span class='ocrx_word' id='word_1_277' title='bbox 119 4282 152 4354; x_wconf 79' lang='lat' dir='ltr'>a)</span> <span class='ocrx_word' id='word_1_278' title='bbox 165 4281 363 4353; x_wconf 74' lang='lat' dir='ltr'>providenciam</span> <span class='ocrx_word' id='word_1_279' title='bbox 376 4282 406 4335; x_wconf 84' lang='lat' dir='ltr'>V.</span> <span class='ocrx_word' id='word_1_280' title='bbox 424 4313 451 4322; x_wconf 93' lang='lat'><strong>—</strong></span> <span class='ocrx_word' id='word_1_281' title='bbox 468 4281 499 4351; x_wconf 85' lang='lat' dir='ltr'>h)</span> <span class='ocrx_word' id='word_1_282' title='bbox 514 4281 672 4339; x_wconf 80' lang='lat' dir='ltr'>constitutos</span> <span class='ocrx_word' id='word_1_283' title='bbox 686 4299 716 4337; x_wconf 81' lang='lat' dir='ltr'>eu</span> <span class='ocrx_word' id='word_1_284' title='bbox 730 4285 812 4336; x_wconf 85' lang='lat' dir='ltr'>lesen.</span> 
     </span>
     <span class='ocr_line' id='line_1_36' title="bbox 63 4480 261 4538; baseline 0.005 -13"><span class='ocrx_word' id='word_1_285' title='bbox 63 4481 83 4537; x_wconf 90' lang='lat'>¹)</span> <span class='ocrx_word' id='word_1_286' title='bbox 96 4480 164 4538; x_wconf 82' lang='lat' dir='ltr'>lsejae</span> <span class='ocrx_word' id='word_1_287' title='bbox 180 4484 221 4536; x_wconf 84' lang='grc'>62,</span> <span class='ocrx_word' id='word_1_288' title='bbox 239 4483 261 4526; x_wconf 90' lang='grc'>6.</span> 
     </span>
    </p>
   </div>
   <div class='ocr_carea' id='block_1_8' title="bbox 65 4555 431 4690">
    <p class='ocr_par' dir='ltr' id='par_1_9' title="bbox 65 4555 431 4690">
     <span class='ocr_line' id='line_1_37' title="bbox 65 4555 239 4616; baseline 0.006 -11"><span class='ocrx_word' id='word_1_289' title='bbox 65 4555 239 4616; x_wconf 45' lang='lat' dir='ltr'>&amp;mmm</span> 
     </span>
     <span class='ocr_line' id='line_1_38' title="bbox 93 4642 431 4690; baseline 0.012 -4"><span class='ocrx_word' id='word_1_290' title='bbox 93 4642 182 4690; x_wconf 69' lang='lat' dir='ltr'>dentes.</span> <span class='ocrx_word' id='word_1_291' title='bbox 193 4645 262 4690; x_wconf 81' lang='lat' dir='ltr'>Abth.</span> <span class='ocrx_word' id='word_1_292' title='bbox 273 4647 298 4690; x_wconf 90' lang='lat' dir='ltr'>lt.</span> <span class='ocrx_word' id='word_1_293' title='bbox 312 4645 350 4690; x_wconf 79' lang='lat' dir='ltr'>Bd.</span> <span class='ocrx_word' id='word_1_294' title='bbox 363 4645 431 4690; x_wconf 78' lang='lat' dir='ltr'>XXV.</span> 
     </span>
    </p>
   </div>
   <div class='ocr_carea' id='block_1_9' title="bbox 0 0 1562 5124">
    <p class='ocr_par' dir='ltr' id='par_1_10' title="bbox 0 0 1562 5124">
     <span class='ocr_line' id='line_1_39' title="bbox 0 0 1562 5124; baseline 0 2"><span class='ocrx_word' id='word_1_295' title='bbox 0 0 1562 5124; x_wconf 95' lang='lat' dir='ltr'> </span> 
     </span>
    </p>
   </div>
  </div>
 </body>
</html>
