3116 5124
27 1123 29 1142 l

27 1149 29 1168 l

27 1477 29 1574 l

1179 283 1256 356 139

71 470 217 546 paternam
225 461 397 525 curabimus
405 451 793 526 sollicitudinemexhiber‘e.
802 456 1257 540 lllonemusigitursereuitatem

69 571 351 636 tuametiuDomiuo
366 570 567 643 cohortamur,
583 577 740 655 quatenus,
754 570 960 654 omuipeuitus
973 588 1092 632 merore
1110 565 1258 650 deposito,

69 680 197 764 effugatis
218 681 351 744 tristicie
378 680 528 753 tenebris,
557 681 670 744 exultes
686 677 723 744 'in
738 680 866 745 Domino
883 679 961 743 etin
977 698 1012 742 eo
1031 676 1249 741 consolacionis

72 790 191 873 recipias
208 789 403 862 medicinam,
420 789 471 873 qui
487 809 541 873 pro
557 790 713 872 temporali
730 789 914 873 spiritualem
931 787 985 851 tibi
997 791 1112 870 patrem
1128 787 1257 868 prouidit

70 906 96 965 et
116 903 145 963 iu
165 898 272 963 matris
297 897 380 962 obitu
401 905 527 962 matrem
549 899 710 962 ecclesiam
726 904 862 962 materna
879 897 1079 961 sollicitudine
1095 902 1146 961 tue
1162 895 1256 960 indoli

27 1029 28 1060 1
70 1007 231 1091 deputavit,
261 1014 296 1070 ut
319 1008 417 1071 lactus
438 1007 628 1090 postmodum
651 1008 697 1071 vir
719 1014 749 1071 et
766 1007 798 1094 ε)
815 1007 903 1090 regni
920 1006 1001 1071 ‘solio
1025 1005 1168 1070 solidatus
1188 1025 1254 1069 eam

70 1117 183 1200 amplius
198 1116 369 1188 venereris,
396 1135 452 1198 per
479 1136 567 1200 quam
592 1117 637 1178 sic
660 1121 690 1178 te
713 1116 890 1198 cognoveris
915 1114 1085 1178 exaltatum.
1117 1110 1251 1179 Nuucios

69 1233 155 1290 eutem
180 1232 251 1289 tuos
282 1225 439 1288 serenitati
465 1230 516 1288 tue
542 1227 720 1307 propensius
738 1224 1002 1294 commendamus,
1025 1243 1101 1306 quos
1117 1222 1256 1304 magnili-

71 1336 163 1399 cencie
178 1342 230 1399 tue
248 1333 355 1396 fideles
372 1338 402 1396 31
418 1333 448 1395 iu
465 1334 634 1397 commissis
652 1333 710 1396 sihi
727 1334 862 1416 negociis
880 1331 1023 1395 sollicitos
1040 1337 1251 1413 protestamur,

69 1451 196 1526 rogantes
225 1448 379 1526 quatenus
407 1440 529 1504 eosdem
562 1441 670 1505 intuitu
703 1442 836 1524 benigno
872 1439 1019 1524 respicias
1049 1448 1079 1504 ct
1105 1440 1245 1505 honores.

148 1607 341 1676 Erganzungen
356 1622 403 1658 aus
417 1570 697 1658 ¹lluillard-Brelrollos
717 1605 733 1668 l,
750 1603 773 1657 1.
787 1604 829 1658 27.
846 1603 878 1673 α)
899 1603 1068 1657 innocentius
1088 1603 1254 1658 3131113113-

27 1677 29 1748 l
74 1697 118 1750 1133
130 1699 177 1750 313.
200 1729 230 1738 —
253 1695 290 1768 β)
314 1702 340 1749 31
359 1696 470 1750 receuti.
486 1725 517 1734 -
532 1695 563 1765 p)
578 1713 626 1766 per
644 1696 757 1750 dilectos
772 1697 840 1750 lilios
860 1699 1011 1764 magistrum
1031 1697 1062 1750 G.
1078 1694 1257 1765 (B.)subdia-

27 1767 29 1842 i
76 1805 151 1840 corum
164 1791 287 1842 nostrum
302 1790 332 1842 et
344 1787 372 1840 L.
386 1787 510 1850 iudicem,
524 1787 630 1840 nuutios
645 1793 714 1848 tuos,
729 1788 798 1841 uiros
812 1787 923 1858 peritos.
938 1787 1064 1857 providos
1078 1791 1104 1840 et
1115 1787 1257 1841 discretos.

80 1905 105 1917 -
114 1875 139 1943 1)
152 1877 322 1933 Constantia,
337 1909 371 1918 —
382 1878 409 1948 ε)
422 1878 459 1931 iu.

635 2143 695 2214 18.

485 2282 695 2404 1331131133
712 2323 836 2385 lustrle.

83 2479 170 2550 Grepor
187 2480 231 2532 IX.
255 2481 410 2535 trdstetdr'e
428 2472 1018 2553 113110911111331333330313113131131131
1037 2482 1088 2536 den
1110 2483 1166 2536 Tod
1184 2479 1257 2537 ihrer

84 2567 191 2622 Gemella
210 2571 332 2642 leopold
355 2573 393 2625 VI.
412 2573 469 2626 31111
487 2570 635 2644 ocrapriclrt
657 2571 700 2626 die
718 2573 776 2625 dom
803 2571 987 2626 Verctorlenen
1009 2573 1153 2628 lemicaeac
1174 2575 1258 2628 Gaura

373 2663 426 2734 auf
436 2663 477 2717 sie
490 2664 546 2716 acad
558 2662 635 2718 ihren
649 2661 720 2718 Solen
733 2682 764 2718 cu
778 2663 945 2734 ddertropeu.

156 2809 299 2864 llautlraler
323 2809 395 2862 Fasti
415 2799 625 2880 Campililieuses
648 2809 680 2874 ll,
701 2809 763 2864 111.

152 2935 236 3016 Quod
262 2937 359 3020 potati
382 2936 493 2999 doloris
523 2937 721 3000 amaritudine
744 2936 908 3001 amaricate
931 2936 989 3000 filie
1013 2945 1114 3002 nostre
1144 2956 1254 3000 conso·

27 3117 28 3122 ¹
79 3038 186 3107 laciouis
202 3046 344 3110 haustum
360 3045 552 3129 proponimus
568 3047 804 3128 propinandum,
822 3046 981 3110 sinceritas
1000 3045 1093 3110 elficit
1107 3045 1255 3118 karitatis,

27 3165 29 3220 l
78 3169 124 3231 que
139 3154 175 3215 nil
191 3154 353 3220 humanum
370 3176 388 3218 a
404 3176 437 3218 se
454 3162 573 3238 reputat
589 3154 734 3227 alienum,
752 3174 810 3238 que
827 3157 872 3218 sic
889 3155 970 3218 omui
988 3155 1100 3221 dolenti
1116 3155 1256 3220 condolet

27 3291 29 3312 ·
80 3266 103 3322 ct
130 3266 304 3347 compatitur
334 3264 482 3347 pacienti,
515 3270 548 3328 ut
579 3285 638 3328 non
669 3264 767 3329 miuus
798 3265 829 3328 iu
860 3265 982 3337 alienis,
1014 3283 1103 3347 quam
1134 3266 1165 3328 in
1193 3266 1255 3328 suis

27 3419 28 3422 ,
80 3373 210 3452 augustiis
232 3374 379 3440 anxietur.
410 3375 489 3438 Sane
519 3373 621 3437 audito
645 3394 740 3456 nuper
756 3372 837 3437 obitu
856 3373 1007 3456 magnifici
1024 3373 1108 3437 ducis
1124 3375 1254 3446 austrie,

27 3479 29 3556 Ῐ
80 3476 176 3545 1111131
192 3482 230 3570 1),
239 3483 456 3566 uoupotuimus
464 3482 793 3563 graviternouturbari,
805 3484 856 3566 qui
865 3503 945 3556 eum,
956 3488 1097 3566 tanquam
1107 3483 1254 3547 Christia-

82 3585 219 3655 uissimum
245 3591 430 3675 principem,
458 3590 490 3654 in
504 3590 650 3654 minorum
679 3591 778 3655 ollicio
808 3592 1018 3664 constitutum,
1046 3592 1170 3675 speciali
1187 3592 1254 3656 dili-

84 3706 173 3777 gentes
189 3701 310 3773 atlectu,
326 3701 424 3786 ipsum
440 3719 513 3784 erga
529 3722 584 3765 uos
602 3707 633 3765 et
648 3702 810 3765 Romanam
827 3702 987 3766 ecclesiam
1004 3722 1063 3767 non
1079 3708 1140 3766 1313
1162 3723 1254 3786 argu·

27 3821 29 3848 l
82 3809 173 3878 meotis
184 3810 389 3893 probabilibus
400 3829 488 3900 quam
501 3811 709 3894 experimentis
727 3811 916 3898 evidentibus
929 3811 1047 3875 fidelem
1063 3813 1252 3895 probavimus

27 3989 28 4000 2
82 3933 110 3976 ac
125 3917 266 3984 devotum.
306 3920 404 4002 Quare
421 3901 533 4000 13313111
551 3921 587 3982 de
605 3920 699 4002 ipsius
717 3920 895 4002 gerebamus
912 3921 1087 3985 sinceritate
1103 3921 1253 3993 tiduciam,

27 4061 28 4082 r
83 4030 109 4086 u
126 4026 153 4090 in
172 4031 304 4112 negociis
326 4003 409 4122 pacis
434 4017 566 4093 eiusdem
595 4031 860 4114 acquiesceremus
884 4031 1017 4094 consiliis
1042 4037 1071 4094 et
1095 4031 1253 4094 desideriis

27 4149 28 4226 J
83 4131 250 4213 foveremus,
278 4145 450 4224 reputantes
474 4137 531 4200 sihi
560 4139 667 4201 merito
690 4137 794 4201 deberi
818 4139 947 4223 quitquit
971 4139 1069 4202 eidem
1092 4160 1251 4223 possemus

27 4255 29 4288 r
83 4237 186 4309 honoris
213 4256 242 4313 et
262 4249 364 4332 gracie
392 4247 540 4331 inpertiri.
581 4248 650 4312 Tibi
685 4268 803 4333 quoque
832 4255 974 4332 tanquam
996 4249 1054 4312 tilio
1077 4251 1200 4333 speciali
1223 4260 1253 4316 et

27 4385 29 4410 l

87 4412 386 4434 ψ

27 4519 29 4560 Ῐ
118 4533 137 4594 ¹)
151 4540 238 4605 llrrzog
250 4545 403 4604 Leopold'Vl.
417 4544 528 4590 3111113111
541 4545 581 4590 28.
593 4545 639 4592 1311
653 4547 721 4593 1230.
734 4547 758 4592 S.
770 4546 860 4592 ltriller
871 4525 928 4610 aeg,
940 4561 963 4605 p.
977 4546 1031 4594 tta.
