3116 5124
1161 356 1208 428 8l

53 526 163 608 racionis
179 534 207 592 et
222 526 356 599 kalende,
373 529 515 610 precipue
533 529 563 590 in
579 527 792 610 temporalibus
814 535 845 590 et
865 528 1073 610 personalibus
1095 530 1215 612 privile—

51 638 104 716 giis,
119 638 181 718 qula
198 637 224 698 in
241 637 304 700 aliis
320 639 387 718 plus
405 643 523 718 oportet
539 638 618 720 poni,
636 643 669 702 ut
683 638 851 720 predictum
868 646 922 704 est.

121 745 171 808 llsl
196 754 292 809 autem
320 763 451 825 arenga,
467 745 506 831 a)
523 749 555 808 ut
582 746 749 828 predictum
778 753 824 810 est
851 746 1118 817 lacunariorum,
1145 753 1215 829 apta

49 860 72 915 et
84 868 194 916 consors
210 853 368 916 verborum
383 853 499 935 posieio
517 854 698 918 auctoritate
714 855 830 938 aliqua,
858 855 887 916 si
903 855 1042 920 dictatori
1058 855 1215 936 placuerit,

48 960 147 1024 laeena,
164 957 224 1043 Qus
240 962 282 1026 ita
297 963 429 1044 premitti
446 963 539 1026 debet
552 969 585 1026 et·
598 959 734 1028 obtlaere
750 965 848 1028 locum
865 981 962 1036 sunm,
977 970 1011 1028 ut
1031 985 1048 1027 a
1071 968 1215 1048 separis

48 1071 151 1132 meria
164 1089 221 1134 noa
237 1071 390 1154 discrepet
405 1083 461 1134 nae
479 1073 516 1154 l)
531 1073 702 1145 discordet,
731 1074 821 1136 immo
843 1088 898 1155 per
920 1072 1018 1137 omnia
1041 1072 1098 1136 sibi
1114 1081 1216 1154 param

49 1177 121 1242 mins
134 1197 251 1243 sensam
272 1181 348 1243 eius.
365 1182 484 1262 treuga
499 1176 541 1268 a)
553 1197 626 1262 ergo
643 1182 797 1246 curialiter
812 1183 957 1264 premissa
974 1181 1104 1264 portetur
1125 1191 1217 1244 eausa

49 1285 165 1349 bmstaii
178 1283 225 1351 rel
238 1289 388 1371 privilegii
404 1289 484 1370 quod
501 1289 645 1361 donnatmt
673 1289 757 1352 vorbi
778 1287 900 1370 gracia:
923 1285 957 1354 sl
972 1289 1070 1372 aliqua
1086 1287 1217 1352 ccclesia

48 1396 187 1476 apostoliea
209 1397 275 1460 sedi
291 1397 362 1480 plus
376 1413 445 1459 esee
468 1376 627 1460 consuerit
646 1397 754 1460 wala
774 1399 807 1461 et
827 1397 964 1462 dominns
991 1416 1067 1479 papa
1095 1403 1218 1480 proptor

51 1500 95 1566 loe
119 1503 209 1566 eidem
226 1505 290 1566 vult
311 1505 450 1568 comanae
472 1504 602 1588 aliquam
628 1506 867 1586 prerogativam,
895 1505 1026 1588 expedit,
1046 1512 1079 1568 ut
1100 1506 1132 1567 irn
1151 1505 1217 1586 ipsso

21 1653 22 1660 κ
49 1611 179 1694 privilegio
187 1612 360 1677 devocionis
370 1612 435 1676 eius
443 1613 730 1677 faeialmeueionem
739 1614 787 1701 0).
804 1613 949 1678 Similiter
960 1614 986 1675 si
1001 1612 1218 1696 imperatoraut
1324 1607 1327 1614 ’

50 1720 289 1783 rarllomanorum
317 1721 363 1783 rel
379 1721 456 1784 alter
472 1722 615 1803 princepe
635 1718 673 1784 ob
696 1722 856 1786 seruolum
878 1723 936 1788 sibl
957 1725 1070 1786 lactum
1099 1722 1218 1805 aliquod

52 1827 86 1888 dat
111 1829 310 1910 privilegium,
341 1827 372 1890 in
405 1828 471 1910 ipso
499 1828 656 1910 privilegio
688 1830 823 1893 eiusdem
855 1830 975 1893 servicii
1006 1849 1120 1892 memor
1151 1830 1216 1893 erit.

52 1934 133 2000 Postea
159 1936 302 2000 beneficii.
323 1955 377 2000 seu
398 1937 504 2018 graue
533 1937 693 2002 concessio
720 1939 811 2002 debet
836 1939 927 2022 poni,
948 1957 1062 2002 aanera
1084 1939 1218 2002 dusdem

53 2041 199 2108 donacionis
222 2045 270 2108 vel
296 2044 470 2108 eollaeiouis
493 2045 727 2128 protestaciorne,
751 2045 783 2109 ia
812 2067 872 2130 qua
900 2067 972 2112 sane
996 2047 1218 2129 protestaeimre

50 2149 118 2230 sigilli
137 2153 248 2217 mentio
265 2151 335 2224 fiet;
354 2158 385 2217 et
399 2152 458 2215 hoc
474 2153 505 2214 in
520 2154 674 2236 perpetuis
691 2154 864 2236 privilegiis.

21 2333 22 2338 ἵ
117 2262 146 2324 lu
166 2261 324 2344 papalibus
347 2281 421 2342 ergo
443 2261 608 2343 privilegiis
626 2262 884 2345 qualibuscunque
906 2263 986 2326 bulle
1002 2265 1121 2338 mencio
1144 2283 1219 2326 aun·

47 2385 115 2447 qnam
135 2369 199 2442 liet,
228 2369 301 2452 quia
323 2369 461 2433 standum
484 2376 532 2433 est
552 2371 768 2454 prescripcioui
786 2363 980 2434 cardinalium
997 2371 1038 2458 d)
1056 2377 1086 2434 et
1108 2370 1220 2435 sullieit

48 2477 109 2557 quod
132 2478 208 2541 bulla
236 2477 327 2542 fidem
350 2478 442 2542 saciat
464 2478 612 2542 oculatam
627 2475 676 2566 e]
693 2509 737 2528 -ψ
761 2479 794 2544 Si
822 2479 1008 2561 privilegium
1031 2480 1220 2562 imperatoris

48 2583 212 2664 sigibaudum
234 2590 284 2649 est
305 2584 385 2648 bulla
400 2605 510 2658 aurea,
531 2587 576 2649 sie
593 2585 725 2652 dicetur:
753 2569 962 2669 „propropter
983 2608 1109 2670 presens
1124 2587 1218 2670 privis

21 2661 23 2706 Ι
46 2689 183 2781 legionis)
199 2694 398 2766 bullenum,
414 2693 530 2776 typario
548 2700 650 2759 nostre
662 2695 829 2760 maiestatis
839 2695 977 2778 impressa
992 2696 1132 2760 iussimus
1146 2717 1220 2762 som
1273 2761 1280 2773 ,

46 2803 159 2866 uada&
183 2804 218 2870 si
234 2823 296 2866 nou
312 2807 359 2866 est
373 2801 454 2866 bulla
470 2821 573 2876 aurea,
599 2803 709 2868 dicitur
725 2803 916 2886 simpliciter:
936 2825 1080 2887 „presens
1096 2805 1219 2886 privile-

46 2910 108 2987 p'um
122 2911 217 2994 sigillo
235 2916 339 2974 nostre
355 2910 521 2975 maiestatis
536 2911 664 2976 fecimus
681 2912 880 2976 eormnunniri“.

115 3021 183 3084 llam
199 3024 237 3102 r)
255 3018 418 3082 videndum
434 3025 483 3082 est
497 3018 535 3081 de
550 3019 638 3102 pennis
654 3025 924 3102 transgressorum,
941 3025 999 3104 que
1015 3022 1087 3086 lieet
1109 3043 1170 3086 non
1191 3024 1221 3088 in

22 3131 23 3134 ’
52 3128 161 3193 nnnnibus
176 3128 357 3212 privilegiis,
373 3133 474 3191 emen
490 3127 520 3192 iu
536 3128 637 3192 multis
652 3129 751 3192 locum
767 3128 889 3193 lrabeat.

22 3247 24 3258 “
116 3238 146 3300 lnn
165 3235 336 3320 privilegiis
357 3236 452 3318 igitur
472 3236 648 3319 papalibus,
674 3237 745 3320 qnia
768 3237 933 3320 spiritualia
956 3243 1044 3312 sunt,
1058 3239 1221 3322 spiritualis

50 3359 106 3421 pena
120 3345 211 3409 debet
235 3344 326 3428 poni,
354 3350 385 3407 et
406 3343 477 3408 inde
492 3363 548 3426 per
564 3345 664 3410 omnia
684 3363 749 3407 mos
765 3345 955 3413 tardubiato
971 3347 1002 3410 irn
1018 3347 1148 3410 eisdem:
1175 3349 1220 3422 „si

48 3452 98 3532 quis
115 3453 206 3536 igitur
220 3475 298 3520 ausu
313 3454 484 3534 temerario
496 3459 601 3518 contra
622 3453 700 3518 banc
722 3455 930 3518 concessionis
952 3461 1055 3520 nostre
1081 3457 1220 3538 paginam

47 3563 126 3624 uenire
147 3561 385 3646 presumpserit,
412 3561 655 3644 indignacionem
685 3563 898 3645 omnipotentis
921 3563 978 3626 Dei
1006 3570 1038 3626 et
1065 3563 1222 3628 beatorum

48 3665 109 3732 Petri
124 3678 154 3737 et
166 3672 250 3736 Pauli
268 3670 471 3754 apostolorum
494 3669 559 3733 eius
582 3676 672 3752 atque
693 3677 827 3735 noemam
843 3691 878 3732 se
893 3671 1012 3736 noverit
1024 3671 1220 3736 iaeumisse“.

48 3772 237 3861 lapriuilegriis
254 3784 355 3842 auteur
369 3779 582 3861 imperatorum
598 3797 635 3842 ae
658 3797 763 3860 regam
784 3779 1001 3854 Romanorum,
1023 3781 1093 3864 quia
1115 3781 1223 3846 daatm

49 3903 121 3967 super
139 3887 353 3971 temporalibus
376 3892 406 3951 et
423 3887 552 3952 terrenis
576 3887 870 3968 transgressoribus,
898 3887 1119 3973 subsequenter
1145 3909 1222 3974 penna

50 3997 198 4078 temporalis
215 4004 249 4062 ct
267 3996 430 4060 materialis
447 3995 538 4060 debet
552 3995 624 4077 poni
640 3994 698 4059 hoc
715 3995 819 4060 modo:
830 4041 835 4058 ,
847 3997 918 4080 „qui
935 4003 1039 4062 eontra
1055 4000 1221 4082 prescripta

49 4105 131 4181 gracie
152 4126 188 4169 ac
205 4104 412 4170 concessionis
439 4110 542 4170 nostre
570 4104 704 4186 graciam
731 4105 835 4168 venire
853 4107 1084 4190 presumpserit,
1103 4115 1222 4172 casum

49 4207 122 4276 libras
137 4215 246 4278 eurise
263 4215 500 4298 compositurum
514 4203 601 4283 sciat,
618 4211 811 4282 medietatem
827 4211 968 4276 uidelicet
984 4233 1103 4310 camene
1121 4222 1222 4280 nostre

123 4377 156 4444 s)
166 4391 265 4446 aragon
276 4371 311 4438 V;
326 4375 395 4429 felnlt
407 4375 462 4427 iaz
476 4375 529 4428 and
543 4389 571 4427 es
585 4375 619 4428 ist
633 4375 692 4428 elna
702 4373 796 4427 ledele*
805 4373 885 4427 tatur
896 4375 1030 4442 gallisana.
1043 4405 1072 4416 -·
1088 4378 1120 4446 b)
1137 4385 1181 4432 aot
1194 4379 1222 4433 Z.

51 4461 76 4525 ‘l
91 4467 240 4520 monam
254 4462 284 4520 l.
306 4487 340 4506 a·
359 4465 400 4531 a)
415 4463 521 4518 tardum
538 4461 581 4518 lar
599 4465 676 4518 eard..
691 4463 720 4518 l.
747 4485 775 4503 -
801 4465 832 4531 s)
847 4464 977 4519 multam
991 4463 1021 4520 V.
1041 4497 1074 4506 -
1093 4461 1125 4538 f)
1140 4471 1223 4538 prlrl-

52 4552 100 4620 legii
112 4549 137 4610 ld.
151 4581 181 4596 a·-
194 4556 230 4629 9)
245 4569 311 4611 ono
325 4557 351 4609 Z.

104 4657 190 4702 Furnlrs.
203 4661 269 4708 Ahlln.
283 4659 307 4702 ll.
324 4659 362 4701 llil.
377 4657 443 4701 XXV.
991 4648 1008 4698 6
