3112 5118
319 315 393 384 170

313 485 416 549 urbem
447 482 565 553 turbat,
604 500 698 562 regna
731 483 865 544 concutit
898 487 929 546 et
956 482 1133 545 universalis
1169 479 1301 544 ecclesie
1330 479 1399 542 sive
1429 479 1499 542 orbis

313 594 433 657 molitur
449 589 596 654 excidium
613 609 649 653 ac
666 589 897 653 orthodoxorum
919 591 1125 652 exterminium
1147 589 1337 671 populorum,
1361 594 1408 660 ut,
1433 586 1502 650 cultu

315 701 478 781 exstirpato
507 699 623 768 divino,
655 699 721 778 ipsc
749 697 832 760 solus
859 696 947 760 velud
975 697 1129 778 singulare
1162 696 1365 760 desolacionis
1389 694 1502 777 ydolum

313 808 455 871 adoretur
481 807 518 892 ¹).
551 805 632 885 Ergo
654 822 708 885 pro
731 804 898 867 admirabili
921 805 1043 868 celestis
1066 805 1169 886 gracie
1193 803 1343 867 beneficio
1371 803 1405 865 in
1427 803 1503 866 vobis

312 917 368 978 toti
380 914 490 976 mundo
504 913 610 976 collato
624 917 654 974 et
665 913 785 993 proviso
798 912 939 975 divinitus
952 913 990 974 ad
1004 912 1223 975 relevaeiouem
1239 917 1337 975 status
1354 910 1503 993 provincie

314 1023 351 1085 N.
386 1022 494 1102 dignas
525 1020 645 1101 gracias
677 1038 769 1100 agere
806 1020 942 1100 largitori
979 1040 1040 1082 non
1072 1019 1220 1084 sufficitur
1255 1019 1360 1100 lingua
1403 1018 1504 1080 carnis.

312 1129 439 1193 decedit
455 1126 602 1210 siquidem
619 1126 705 1189 nobis
722 1127 760 1189 ad
777 1128 927 1190 cumulum
949 1127 1142 1208 gaudiorum,
1170 1127 1251 1211 quod
1272 1127 1362 1190 vobis
1380 1127 1505 1189 diduam

314 1237 446 1320 graciam
463 1236 556 1299 solam
572 1234 744 1297 allluentem
759 1233 919 1298 humilibus
942 1235 1043 1298 taliter
1063 1236 1247 1308 vendicatis,
1277 1234 1360 1318 quod
1383 1233 1504 1298 victorie

312 1345 450 1426 palmam,
474 1362 563 1425 quam
579 1342 617 1404 de
633 1341 771 1405 hostibus
787 1342 943 1413 retulistis,
960 1344 1024 1405 Deo
1042 1365 1102 1406 non
1117 1342 1202 1406 vobis
1220 1342 1396 1414 ascribitis,
1418 1339 1503 1423 proli·

312 1458 410 1516 tentes
434 1470 499 1513 eam
516 1471 575 1514 non
597 1470 633 1511 ex
655 1449 764 1512 robore
788 1449 917 1513 humane
945 1451 1081 1522 virtutis,
1109 1451 1165 1513 sed
1193 1450 1231 1512 de
1258 1450 1439 1532 incorrupte
1456 1449 1504 1512 Dei

314 1557 470 1641 genitricis
498 1557 664 1639 patrocinio
691 1558 937 1645 processisses).
970 1558 1097 1640 Propter
1124 1557 1205 1640 quod
1232 1577 1287 1639 pro
1313 1563 1402 1619 certo
1428 1556 1503 1618 vohis

315 1672 362 1728 est
394 1664 590 1747 sperandum,
628 1662 707 1747 quod
737 1664 793 1726 Dei
831 1664 970 1728 auxilium
1000 1683 1181 1747 progressus
1213 1669 1334 1727 vestros
1366 1662 1506 1746 prosequi

314 1794 373 1836 non
396 1772 538 1844 desistat,
568 1772 680 1843 donec,
710 1772 818 1855 adepto
842 1772 879 1835 de
901 1773 989 1836 hoste
1014 1772 1182 1854 triumpho,
1212 1771 1287 1835 lines
1310 1777 1438 1835 vestros
1458 1790 1507 1852 pax

317 1881 447 1944 iocunda
477 1880 631 1961 possideat
659 1886 689 1944 et
715 1880 800 1943 vobis
833 1880 1048 1944 exultacionem
1080 1879 1111 1943 in
1138 1880 1265 1942 Domino
1300 1879 1506 1942 subministret

317 1991 355 2052 de
371 1987 513 2052 ineflabili
531 1988 748 2072 quodammodo
764 2009 887 2052 munere
904 1990 1007 2070 gracie
1031 1989 1189 2071 specialis,
1217 1994 1249 2051 ut
1264 1989 1297 2050 in
1312 1988 1411 2051 rebus
1428 1988 1505 2051 belli-

314 2097 358 2159 cis
382 2097 555 2159 ostenderet
582 2116 635 2158 vos
664 2096 701 2158 ab
729 2097 859 2179 antiquis
888 2116 948 2158 non
976 2096 1180 2177 degenerasse
1208 2097 1402 2178 parentibus.
1438 2097 1505 2178 Quin

311 2205 371 2268 imo
392 2205 527 2286 ipsorum
548 2203 701 2267 hereditas
724 2225 779 2286 per
801 2210 988 2266 constantem
1008 2209 1108 2267 vestre
1132 2204 1299 2286 prudencie
1327 2205 1505 2287 probitatem

313 2315 344 2377 in
371 2311 503 2374 brachiis
532 2312 641 2375 vestris
670 2313 761 2394 elegit
787 2318 848 2375 tam
876 2311 1021 2393 grandem
1049 2333 1103 2374 sue
1130 2314 1299 2377 maiestatis
1329 2333 1456 2396 operam
1479 2312 1505 2375 in

311 2422 466 2492 virtutem,
484 2425 516 2483 ut
536 2421 601 2482 laus
624 2425 724 2483 vestra
746 2421 777 2481 in
793 2439 844 2483 ore
862 2421 990 2482 omnium
1007 2427 1129 2483 resonet
1145 2419 1257 2504 ubique
1273 2424 1307 2484 in
1322 2423 1506 2486 bencdictio-

312 2737 315 2740 ’
347 2742 370 2800 ¹)
389 2741 471 2788 Dieser
487 2743 610 2788 Ausdruct
634 2745 703 2789 hehrt
719 2746 743 2788 in
761 2744 835 2790 eiuem
851 2746 983 2807 gleichislls
1000 2725 1084 2791 inder
1101 2748 1290 2805 Angelegenlreit
1308 2748 1414 2792 Parms's
1430 2748 1518 2824 erlsrs·⁸

376 2837 447 2867 senen
464 2825 610 2880 pipstlicheu
628 2826 771 2881 semeliae,
788 2829 859 2871 uates
877 2829 929 2872 liol.
941 2828 981 2882 78,
999 2841 1037 2873 no.
1052 2828 1081 2873 16
1098 2829 1193 2875 wieder.
1213 2830 1237 2872 ln
1250 2831 1327 2874 cineus
1341 2830 1390 2874 den
1402 2831 1456 2886 Sicg
1466 2829 1502 2873 der

376 2906 497 2949 Parmesen
507 2907 739 2972 verherrliohendeu,
750 2908 933 2966 gleichzeitigen
944 2909 1059 2954 Gedichte
1071 2909 1145 2954 heisst
1157 2923 1183 2954 es
1193 2923 1239 2956 uon
1252 2909 1401 2956 Friedrich's
1413 2911 1505 2955 Gotzsu·

376 2985 453 3030 dieust
469 2988 512 3045 (M.
530 2989 555 3033 (i.
575 2989 615 3032 SS.
637 2989 675 3041 18,
693 2989 739 3032 795
755 2989 793 3034 ed.
811 2985 910 3048 recep

660 3086 726 3131 Fecit
742 3090 767 3131 et
782 3089 933 3144 symulscrum
952 3088 1022 3146 igneo
1038 3089 1150 3134 conflatu.

659 3167 714 3212 Cum
730 3170 841 3222 recessit,
859 3168 951 3228 lugiens
968 3171 1030 3214 ultra
1046 3171 1100 3215 Turi
1117 3171 1211 3224 flumen,

654 3247 746 3292 Dimisit
764 3249 930 3303 symulscrum‚
947 3251 1009 3306 quod
1027 3251 1123 3296 colebat
1140 3264 1235 3304 numen,

655 3327 723 3383 Quod
741 3341 786 3373 uec
803 3330 899 3374 claudos
917 3331 988 3388 erigit
1005 3343 1049 3376 nec
1066 3333 1106 3378 dat
1122 3333 1185 3377 cocis
1203 3335 1293 3387 lumen,

656 3409 727 3453 Cuius
744 3410 832 3454 cultum
850 3389 963 3467 reprobat
981 3413 1084 3458 diuinum
1103 3415 1221 3460 volumen.

343 3503 365 3562 ²)
385 3507 426 3550 Die
453 3509 575 3553 Parmeseu
601 3508 725 3553 schricben
750 3510 772 3553 iu
798 3511 870 3554 ihrem
897 3513 1089 3571 Sicgcsberichte
1113 3526 1142 3558 an
1165 3514 1204 3558 die
1220 3514 1358 3559 Meilinder
1380 3515 1427 3559 und
1449 3514 1501 3558 obus

379 3587 474 3631 zweiiel
492 3588 514 3632 in
532 3588 655 3632 libulicher
671 3589 748 3632 Weiss
766 3603 792 3634 an
811 3592 856 3634 deu
874 3592 958 3647 Pspst:
981 3593 1072 3638 Laudes
1090 3594 1246 3639 retribuimus
1264 3596 1317 3640 Deo
1337 3596 1401 3652 patri
1418 3593 1504 3650 filioque

383 3679 426 3709 suo
447 3668 506 3713 dom.
532 3669 615 3713 nostro
632 3670 688 3714 lesu
706 3669 800 3715 Christo
823 3674 846 3714 ct
869 3672 962 3728 spiritui
987 3675 1079 3727 sancto,
1097 3676 1162 3720 trino
1179 3677 1231 3720 Deo
1250 3678 1276 3720 et
1294 3677 1336 3720 uui
1356 3674 1469 3722 maiestati
1484 3675 1504 3717 et

373 3746 458 3802 virgini
482 3749 602 3806 gloriose,
621 3762 665 3806 que
683 3763 729 3793 non
747 3753 844 3807 propter
863 3756 997 3798 nostrorum
1015 3755 1161 3814 exigencism
1180 3758 1329 3812 meritorum,
1349 3759 1393 3802 sed
1412 3757 1506 3814 propter

374 3839 437 3870 susm
463 3829 665 3873 clementissimam
689 3829 799 3886 pietatem
821 3832 941 3878 civitatem
965 3837 1069 3878 nostram
1088 3837 1197 3895 protegit
1215 3838 1239 3882 et
1256 3837 1370 3883 defendit
1388 3870 1394 3881 .
1410 3871 1435 3884 ..
1453 3838 1506 3882 sieut

379 3904 499 3952 manifeste
516 3909 674 3964 conspicimus
687 3909 709 3953 iu
721 3912 821 3956 victoris
832 3913 966 3970 triumphali
983 3927 1050 3971 quem
1067 3915 1104 3962 die
1121 3919 1212 3973 mertis,
1226 3918 1372 3964 duodecimo
1391 3917 1506 3964 Februarii

373 3987 488 4040 exeuntis,
514 3989 615 4034 contulit
640 3990 708 4035 nobis
726 3993 787 4036 Deus
813 4005 854 4036 sue
870 3996 993 4052 genitricis
1010 3997 1153 4043 iuterrsntm
1171 4001 1242 4045 Metu.
1263 4001 1330 4046 Paris
1356 4002 1395 4046 ed.
1414 4001 1503 4046 Londou

376 4067 444 4112 tcto.
463 4069 577 4114 Additum·
604 4083 626 4125 p.
646 4070 698 4115 164.
725 4073 788 4117 duob
813 4074 836 4117 in
862 4075 936 4121 eiuem
962 4078 1004 4123 der
1030 4080 1170 4124 erwihnteu
1193 4081 1359 4140 Siegeslisder
1391 4083 1463 4130 heisst
1482 4095 1503 4129 es

375 4149 390 4191 l.
410 4161 430 4192 e.
448 4163 472 4204 p.
489 4150 550 4194 ⁷93:

657 4249 730 4304 Virgo
747 4252 789 4294 Dei
807 4253 909 4308 genitrix
926 4254 1059 4312 graciarum
1077 4260 1148 4315 plena

656 4329 723 4372 Dedit
739 4330 819 4374 Psrruc
837 4333 946 4388 gloriam,
964 4335 1027 4379 hosti
1044 4337 1098 4383 duis
1116 4351 1186 4394 pena,

653 4407 738 4452 Laxata
756 4423 799 4466 pro
816 4411 905 4456 viribus
922 4415 949 4457 sd
967 4416 1044 4473 fugem
1062 4418 1161 4464 hebens.

374 4503 447 4546 Untcr
468 4503 510 4546 der
527 4503 603 4548 Fehuc
621 4505 662 4548 der
674 4506 786 4561 lungirau
797 4508 869 4553 Maria
887 4521 966 4554 waren
983 4513 1022 4558 dic
1039 4515 1163 4562 Psrmeseu
1182 4517 1205 4562 in
1225 4520 1273 4564 deu¹
1291 4522 1382 4579 llampi
1399 4535 1505 4583 gezoger.
