<?xml version="1.0" encoding="UTF-8"?>
<!DOCTYPE html PUBLIC "-//W3C//DTD XHTML 1.0 Transitional//EN"
    "http://www.w3.org/TR/xhtml1/DTD/xhtml1-transitional.dtd">
<html xmlns="http://www.w3.org/1999/xhtml" xml:lang="en" lang="en">
 <head>
  <title>
</title>
<meta http-equiv="Content-Type" content="text/html;charset=utf-8" />
  <meta name='ocr-system' content='tesseract 3.04.00' />
  <meta name='ocr-capabilities' content='ocr_page ocr_carea ocr_par ocr_line ocrx_word'/>
</head>
<body>
  <div class='ocr_page' id='page_1' title='image "./fontesrerumaust01kommgoog_0326.png"; bbox 0 0 3108 5118; ppageno 0'>
   <div class='ocr_carea' id='block_1_1' title="bbox 61 1153 1251 1414">
    <p class='ocr_par' dir='ltr' id='par_1_1' title="bbox 61 1153 1251 1414">
     <span class='ocr_line' id='line_1_1' title="bbox 61 1153 1251 1296; baseline 0.001 -30"><span class='ocrx_word' id='word_1_1' title='bbox 61 1181 100 1266; x_wconf 83' lang='lat' dir='ltr'><strong>C.</strong></span> <span class='ocrx_word' id='word_1_2' title='bbox 113 1153 310 1296; x_wconf 78' lang='lat' dir='ltr'>Incipiunt</span> <span class='ocrx_word' id='word_1_3' title='bbox 331 1178 446 1268; x_wconf 88' lang='lat' dir='ltr'><strong>litere</strong></span> <span class='ocrx_word' id='word_1_4' title='bbox 462 1176 757 1295; x_wconf 79' lang='lat' dir='ltr'><strong>privilegiorum</strong></span> <span class='ocrx_word' id='word_1_5' title='bbox 782 1185 824 1267; x_wconf 92' lang='lat' dir='ltr'><strong>et</strong></span> <span class='ocrx_word' id='word_1_6' title='bbox 846 1176 1146 1294; x_wconf 87' lang='lat' dir='ltr'><strong>exempcionum</strong></span> <span class='ocrx_word' id='word_1_7' title='bbox 1167 1177 1251 1267; x_wconf 90' lang='lat' dir='ltr'><strong>sive</strong></span> 
     </span>
     <span class='ocr_line' id='line_1_2' title="bbox 535 1324 774 1414; baseline -0.008 -2"><span class='ocrx_word' id='word_1_8' title='bbox 535 1324 774 1414; x_wconf 89' lang='lat' dir='ltr'><strong>libertatum.</strong></span> 
     </span>
    </p>
   </div>
   <div class='ocr_carea' id='block_1_2' title="bbox 632 1671 666 1743">
    <p class='ocr_par' dir='ltr' id='par_1_2' title="bbox 632 1671 666 1743">
     <span class='ocr_line' id='line_1_3' title="bbox 632 1671 666 1743; baseline -0.029 0"><span class='ocrx_word' id='word_1_9' title='bbox 632 1671 666 1743; x_wconf 89' lang='lat' dir='ltr'><strong>l.</strong></span> 
     </span>
    </p>
   </div>
   <div class='ocr_carea' id='block_1_3' title="bbox 252 1859 1061 1946">
    <p class='ocr_par' dir='ltr' id='par_1_3' title="bbox 252 1859 1061 1946">
     <span class='ocr_line' id='line_1_4' title="bbox 252 1859 1061 1946; baseline 0 -22"><span class='ocrx_word' id='word_1_10' title='bbox 252 1861 411 1944; x_wconf 82' lang='lat' dir='ltr'><strong>lmperlelc</strong></span> <span class='ocrx_word' id='word_1_11' title='bbox 426 1860 615 1946; x_wconf 83' lang='lat' dir='ltr'><strong>prlrlleglunr</strong></span> <span class='ocrx_word' id='word_1_12' title='bbox 632 1878 721 1944; x_wconf 83' lang='lat' dir='ltr'><strong>super</strong></span> <span class='ocrx_word' id='word_1_13' title='bbox 737 1860 833 1925; x_wconf 77' lang='lat' dir='ltr'><strong>lorino</strong></span> <span class='ocrx_word' id='word_1_14' title='bbox 850 1859 1061 1944; x_wconf 76' lang='lat' dir='ltr'><strong>exemptionis.</strong></span> 
     </span>
    </p>
   </div>
   <div class='ocr_carea' id='block_1_4' title="bbox 156 2018 1161 2093">
    <p class='ocr_par' dir='ltr' id='par_1_4' title="bbox 156 2018 1161 2093">
     <span class='ocr_line' id='line_1_5' title="bbox 156 2018 1161 2093; baseline 0 -17"><span class='ocrx_word' id='word_1_15' title='bbox 156 2021 207 2077; x_wconf 78' lang='lat' dir='ltr'><strong>uin</strong></span> <span class='ocrx_word' id='word_1_16' title='bbox 221 2021 313 2093; x_wconf 76' lang='lat' dir='ltr'><strong>Kdm&#39;p</strong></span> <span class='ocrx_word' id='word_1_17' title='bbox 324 2021 436 2078; x_wconf 69' lang='lat' dir='ltr'><strong>eximin</strong></span> <span class='ocrx_word' id='word_1_18' title='bbox 448 2020 526 2076; x_wconf 76' lang='lat' dir='ltr'><strong>elaea</strong></span> <span class='ocrx_word' id='word_1_19' title='bbox 539 2022 629 2078; x_wconf 83' lang='lat' dir='ltr'><strong>oeiacr</strong></span> <span class='ocrx_word' id='word_1_20' title='bbox 642 2021 742 2080; x_wconf 75' lang='lat' dir='ltr'><strong>Dicaea</strong></span> <span class='ocrx_word' id='word_1_21' title='bbox 754 2038 804 2076; x_wconf 84' lang='lat' dir='ltr'><strong>von</strong></span> <span class='ocrx_word' id='word_1_22' title='bbox 817 2018 1024 2076; x_wconf 82' lang='lat' dir='ltr'><strong>verecbicdenen</strong></span> <span class='ocrx_word' id='word_1_23' title='bbox 1038 2021 1161 2076; x_wconf 81' lang='lat' dir='ltr'><strong>Steuern.</strong></span> 
     </span>
    </p>
   </div>
   <div class='ocr_carea' id='block_1_5' title="bbox 63 2164 1263 4117">
    <p class='ocr_par' dir='ltr' id='par_1_5' title="bbox 63 2164 1263 3998">
     <span class='ocr_line' id='line_1_6' title="bbox 147 2164 1257 2252; baseline -0.004 -22"><span class='ocrx_word' id='word_1_24' title='bbox 147 2166 214 2232; x_wconf 84' lang='lat' dir='ltr'><strong>Etsi</strong></span> <span class='ocrx_word' id='word_1_25' title='bbox 251 2167 290 2232; x_wconf 92' lang='lat' dir='ltr'><strong>ad</strong></span> <span class='ocrx_word' id='word_1_26' title='bbox 324 2165 428 2232; x_wconf 83' lang='lat' dir='ltr'><strong>fideles</strong></span> <span class='ocrx_word' id='word_1_27' title='bbox 456 2167 608 2252; x_wconf 90' lang='lat' dir='ltr'><strong>quoslibet</strong></span> <span class='ocrx_word' id='word_1_28' title='bbox 623 2165 877 2233; x_wconf 73' lang='lat' dir='ltr'><strong>munificentiam</strong></span> <span class='ocrx_word' id='word_1_29' title='bbox 910 2174 1043 2232; x_wconf 89' lang='lat' dir='ltr'><strong>nostram</strong></span> <span class='ocrx_word' id='word_1_30' title='bbox 1074 2164 1257 2250; x_wconf 79' lang='lat' dir='ltr'>porrigimus</span> 
     </span>
     <span class='ocr_line' id='line_1_7' title="bbox 63 2275 1259 2362; baseline 0.001 -22"><span class='ocrx_word' id='word_1_31' title='bbox 63 2275 240 2358; x_wconf 89' lang='lat' dir='ltr'><strong>graciosam,</strong></span> <span class='ocrx_word' id='word_1_32' title='bbox 257 2277 295 2342; x_wconf 91' lang='lat' dir='ltr'><strong>ad</strong></span> <span class='ocrx_word' id='word_1_33' title='bbox 311 2277 378 2342; x_wconf 92' lang='lat' dir='ltr'><strong>illos</strong></span> <span class='ocrx_word' id='word_1_34' title='bbox 393 2279 539 2361; x_wconf 78' lang='lat' dir='ltr'><strong>precipue</strong></span> <span class='ocrx_word' id='word_1_35' title='bbox 555 2277 779 2362; x_wconf 77' lang='lat' dir='ltr'><strong>prerogativam</strong></span> <span class='ocrx_word' id='word_1_36' title='bbox 802 2277 999 2362; x_wconf 72' lang='lat' dir='ltr'><strong>benignitatis</strong></span> <span class='ocrx_word' id='word_1_37' title='bbox 1025 2276 1211 2342; x_wconf 81' lang='lat' dir='ltr'><strong>extendimus</strong></span> <span class='ocrx_word' id='word_1_38' title='bbox 1228 2281 1259 2341; x_wconf 94' lang='lat' dir='ltr'><strong>et</strong></span> 
     </span>
     <span class='ocr_line' id='line_1_8' title="bbox 63 2381 1258 2471; baseline 0.002 -25"><span class='ocrx_word' id='word_1_39' title='bbox 63 2381 270 2453; x_wconf 78' lang='lat' dir='ltr'><strong>liberalitatem</strong></span> <span class='ocrx_word' id='word_1_40' title='bbox 296 2389 391 2452; x_wconf 89' lang='lat' dir='ltr'><strong>nostri</strong></span> <span class='ocrx_word' id='word_1_41' title='bbox 419 2390 529 2452; x_wconf 85' lang='lat' dir='ltr'><strong>favoris</strong></span> <span class='ocrx_word' id='word_1_42' title='bbox 558 2387 739 2471; x_wconf 83' lang='lat' dir='ltr'><strong>porrigimus</strong></span> <span class='ocrx_word' id='word_1_43' title='bbox 768 2387 964 2458; x_wconf 85' lang='lat' dir='ltr'><strong>debitricem,</strong></span> <span class='ocrx_word' id='word_1_44' title='bbox 992 2386 1042 2471; x_wconf 88' lang='lat' dir='ltr'><strong>qui</strong></span> <span class='ocrx_word' id='word_1_45' title='bbox 1071 2387 1154 2450; x_wconf 87' lang='lat' dir='ltr'><strong>circa</strong></span> <span class='ocrx_word' id='word_1_46' title='bbox 1180 2386 1258 2449; x_wconf 93' lang='lat' dir='ltr'><strong>latus</strong></span> 
     </span>
     <span class='ocr_line' id='line_1_9' title="bbox 64 2494 1257 2581; baseline 0.001 -25"><span class='ocrx_word' id='word_1_47' title='bbox 64 2499 191 2558; x_wconf 88' lang='lat' dir='ltr'><strong>nostrum</strong></span> <span class='ocrx_word' id='word_1_48' title='bbox 214 2495 339 2560; x_wconf 92' lang='lat' dir='ltr'><strong>diurnos</strong></span> <span class='ocrx_word' id='word_1_49' title='bbox 362 2495 482 2560; x_wconf 88' lang='lat' dir='ltr'><strong>labores</strong></span> <span class='ocrx_word' id='word_1_50' title='bbox 505 2497 676 2580; x_wconf 90' lang='lat' dir='ltr'><strong>suscipiunt</strong></span> <span class='ocrx_word' id='word_1_51' title='bbox 698 2502 728 2561; x_wconf 91' lang='lat' dir='ltr'><strong>et</strong></span> <span class='ocrx_word' id='word_1_52' title='bbox 749 2502 891 2581; x_wconf 85' lang='lat' dir='ltr'><strong>perpetes</strong></span> <span class='ocrx_word' id='word_1_53' title='bbox 914 2497 945 2560; x_wconf 89' lang='lat' dir='ltr'><strong>in</strong></span> <span class='ocrx_word' id='word_1_54' title='bbox 967 2495 1079 2560; x_wconf 86' lang='lat' dir='ltr'><strong>nostris</strong></span> <span class='ocrx_word' id='word_1_55' title='bbox 1104 2494 1257 2579; x_wconf 88' lang='lat' dir='ltr'><strong>obsequiis</strong></span> 
     </span>
     <span class='ocr_line' id='line_1_10' title="bbox 64 2601 1261 2691; baseline 0.002 -27"><span class='ocrx_word' id='word_1_56' title='bbox 64 2603 199 2669; x_wconf 80' lang='lat' dir='ltr'><strong>excubias</strong></span> <span class='ocrx_word' id='word_1_57' title='bbox 215 2604 399 2688; x_wconf 89' lang='lat' dir='ltr'><strong>protrahunt</strong></span> <span class='ocrx_word' id='word_1_58' title='bbox 416 2611 447 2670; x_wconf 90' lang='lat' dir='ltr'><strong>et</strong></span> <span class='ocrx_word' id='word_1_59' title='bbox 463 2606 648 2689; x_wconf 86' lang='lat' dir='ltr'><strong>expendunt,</strong></span> <span class='ocrx_word' id='word_1_60' title='bbox 664 2612 708 2678; x_wconf 91' lang='lat' dir='ltr'><strong>ut,</strong></span> <span class='ocrx_word' id='word_1_61' title='bbox 725 2606 804 2670; x_wconf 89' lang='lat' dir='ltr'><strong>sicut</strong></span> <span class='ocrx_word' id='word_1_62' title='bbox 820 2611 891 2669; x_wconf 89' lang='lat' dir='ltr'><strong>sunt</strong></span> <span class='ocrx_word' id='word_1_63' title='bbox 912 2605 1127 2691; x_wconf 84' lang='lat' dir='ltr'><strong>obsequiorum</strong></span> <span class='ocrx_word' id='word_1_64' title='bbox 1144 2601 1261 2669; x_wconf 90' lang='lat' dir='ltr'><strong>exhibi-</strong></span> 
     </span>
     <span class='ocr_line' id='line_1_11' title="bbox 63 2711 1259 2800; baseline 0.005 -26"><span class='ocrx_word' id='word_1_65' title='bbox 63 2711 142 2777; x_wconf 91' lang='lat' dir='ltr'><strong>cione</strong></span> <span class='ocrx_word' id='word_1_66' title='bbox 156 2714 309 2798; x_wconf 93' lang='lat' dir='ltr'><strong>precipui,</strong></span> <span class='ocrx_word' id='word_1_67' title='bbox 325 2716 382 2786; x_wconf 90' lang='lat' dir='ltr'><strong>sic,</strong></span> <span class='ocrx_word' id='word_1_68' title='bbox 399 2736 432 2778; x_wconf 91' lang='lat' dir='ltr'><strong>se</strong></span> <span class='ocrx_word' id='word_1_69' title='bbox 449 2716 617 2798; x_wconf 87' lang='lat' dir='ltr'><strong>gaudentes</strong></span> <span class='ocrx_word' id='word_1_70' title='bbox 631 2717 734 2799; x_wconf 89' lang='lat' dir='ltr'><strong>gracie</strong></span> <span class='ocrx_word' id='word_1_71' title='bbox 746 2715 903 2799; x_wconf 80' lang='lat' dir='ltr'><strong>priuilegio</strong></span> <span class='ocrx_word' id='word_1_72' title='bbox 917 2715 1069 2800; x_wconf 89' lang='lat' dir='ltr'><strong>specialis,</strong></span> <span class='ocrx_word' id='word_1_73' title='bbox 1083 2715 1259 2798; x_wconf 86' lang='lat' dir='ltr'><strong>personales</strong></span> 
     </span>
     <span class='ocr_line' id='line_1_12' title="bbox 63 2819 1258 2908; baseline 0.003 -26"><span class='ocrx_word' id='word_1_74' title='bbox 63 2819 174 2886; x_wconf 87' lang='lat' dir='ltr'><strong>labores</strong></span> <span class='ocrx_word' id='word_1_75' title='bbox 190 2823 342 2906; x_wconf 90' lang='lat' dir='ltr'><strong>placidius</strong></span> <span class='ocrx_word' id='word_1_76' title='bbox 359 2823 488 2889; x_wconf 90' lang='lat' dir='ltr'><strong>subeant</strong></span> <span class='ocrx_word' id='word_1_77' title='bbox 506 2830 542 2897; x_wconf 73' lang='lat' dir='ltr'><strong>⁴ot</strong></span> <span class='ocrx_word' id='word_1_78' title='bbox 566 2825 768 2889; x_wconf 90' lang='lat' dir='ltr'><strong>succedencia</strong></span> <span class='ocrx_word' id='word_1_79' title='bbox 791 2825 926 2908; x_wconf 86' lang='lat' dir='ltr'><strong>pondera</strong></span> <span class='ocrx_word' id='word_1_80' title='bbox 943 2826 1073 2888; x_wconf 90' lang='lat' dir='ltr'><strong>swavius</strong></span> <span class='ocrx_word' id='word_1_81' title='bbox 1089 2824 1258 2907; x_wconf 88' lang='lat' dir='ltr'><strong>paciantur.</strong></span> 
     </span>
     <span class='ocr_line' id='line_1_13' title="bbox 65 2926 1257 3018; baseline 0.003 -25"><span class='ocrx_word' id='word_1_82' title='bbox 65 2926 248 3015; x_wconf 81' lang='lat' dir='ltr'><strong>Quapropter</strong></span> <span class='ocrx_word' id='word_1_83' title='bbox 264 2930 305 3018; x_wconf 86' lang='lat' dir='ltr'><strong>a)</strong></span> <span class='ocrx_word' id='word_1_84' title='bbox 321 2935 453 3016; x_wconf 88' lang='lat' dir='ltr'><strong>presenti</strong></span> <span class='ocrx_word' id='word_1_85' title='bbox 469 2933 626 3016; x_wconf 83' lang='lat' dir='ltr'><strong>privilegio</strong></span> <span class='ocrx_word' id='word_1_86' title='bbox 644 2939 745 2998; x_wconf 90' lang='lat' dir='ltr'><strong>notum</strong></span> <span class='ocrx_word' id='word_1_87' title='bbox 762 2935 889 2998; x_wconf 83' lang='lat' dir='ltr'><strong>facimus</strong></span> <span class='ocrx_word' id='word_1_88' title='bbox 907 2933 1075 3003; x_wconf 85' lang='lat' dir='ltr'><strong>universis,</strong></span> <span class='ocrx_word' id='word_1_89' title='bbox 1093 2933 1173 3018; x_wconf 88' lang='lat' dir='ltr'><strong>quod</strong></span> <span class='ocrx_word' id='word_1_90' title='bbox 1191 2951 1257 3005; x_wconf 90' lang='lat' dir='ltr'><strong>nos,</strong></span> 
     </span>
     <span class='ocr_line' id='line_1_14' title="bbox 67 3039 1259 3127; baseline 0.003 -25"><span class='ocrx_word' id='word_1_91' title='bbox 67 3042 251 3106; x_wconf 88' lang='lat' dir='ltr'><strong>attendentes</strong></span> <span class='ocrx_word' id='word_1_92' title='bbox 274 3039 344 3104; x_wconf 86' lang='lat' dir='ltr'><strong>fidei</strong></span> <span class='ocrx_word' id='word_1_93' title='bbox 366 3048 397 3105; x_wconf 88' lang='lat' dir='ltr'><strong>et</strong></span> <span class='ocrx_word' id='word_1_94' title='bbox 419 3041 594 3106; x_wconf 82' lang='lat' dir='ltr'><strong>devocionis</strong></span> <span class='ocrx_word' id='word_1_95' title='bbox 623 3042 742 3108; x_wconf 89' lang='lat' dir='ltr'><strong>sincere</strong></span> <span class='ocrx_word' id='word_1_96' title='bbox 768 3042 990 3115; x_wconf 89' lang='lat' dir='ltr'><strong>constanciam,</strong></span> <span class='ocrx_word' id='word_1_97' title='bbox 1018 3061 1108 3127; x_wconf 86' lang='lat' dir='ltr'><strong>quam</strong></span> <span class='ocrx_word' id='word_1_98' title='bbox 1129 3042 1166 3107; x_wconf 91' lang='lat' dir='ltr'><strong>N.</strong></span> <span class='ocrx_word' id='word_1_99' title='bbox 1186 3061 1259 3125; x_wconf 90' lang='lat' dir='ltr'><strong>erga</strong></span> 
     </span>
     <span class='ocr_line' id='line_1_15' title="bbox 67 3150 1260 3234; baseline 0.003 -23"><span class='ocrx_word' id='word_1_100' title='bbox 67 3150 273 3215; x_wconf 81' lang='lat' dir='ltr'><strong>excellenciam</strong></span> <span class='ocrx_word' id='word_1_101' title='bbox 286 3155 418 3214; x_wconf 88' lang='lat' dir='ltr'><strong>nostram</strong></span> <span class='ocrx_word' id='word_1_102' title='bbox 432 3151 526 3232; x_wconf 90' lang='lat' dir='ltr'><strong>geris,</strong></span> <span class='ocrx_word' id='word_1_103' title='bbox 540 3151 770 3216; x_wconf 87' lang='lat' dir='ltr'><strong>considerantes</strong></span> <span class='ocrx_word' id='word_1_104' title='bbox 783 3151 882 3216; x_wconf 89' lang='lat' dir='ltr'><strong>eciam</strong></span> <span class='ocrx_word' id='word_1_105' title='bbox 895 3151 968 3215; x_wconf 92' lang='lat' dir='ltr'><strong>satis</strong></span> <span class='ocrx_word' id='word_1_106' title='bbox 981 3157 1068 3234; x_wconf 91' lang='lat' dir='ltr'><strong>grata</strong></span> <span class='ocrx_word' id='word_1_107' title='bbox 1086 3157 1116 3216; x_wconf 92' lang='lat' dir='ltr'><strong>et</strong></span> <span class='ocrx_word' id='word_1_108' title='bbox 1132 3158 1260 3234; x_wconf 86' lang='lat' dir='ltr'><strong>accepta</strong></span> 
     </span>
     <span class='ocr_line' id='line_1_16' title="bbox 68 3258 1260 3344; baseline 0.003 -25"><span class='ocrx_word' id='word_1_109' title='bbox 68 3259 200 3332; x_wconf 79' lang='lat' dir='ltr'><strong>servicia,</strong></span> <span class='ocrx_word' id='word_1_110' title='bbox 217 3279 278 3344; x_wconf 88' lang='lat' dir='ltr'><strong>que</strong></span> <span class='ocrx_word' id='word_1_111' title='bbox 291 3258 360 3323; x_wconf 88' lang='lat' dir='ltr'><strong>divo</strong></span> <span class='ocrx_word' id='word_1_112' title='bbox 372 3265 512 3341; x_wconf 90' lang='lat' dir='ltr'><strong>augusto,</strong></span> <span class='ocrx_word' id='word_1_113' title='bbox 529 3261 658 3342; x_wconf 90' lang='lat' dir='ltr'><strong>genitori</strong></span> <span class='ocrx_word' id='word_1_114' title='bbox 672 3268 787 3333; x_wconf 91' lang='lat' dir='ltr'><strong>nostro,</strong></span> <span class='ocrx_word' id='word_1_115' title='bbox 805 3266 835 3324; x_wconf 91' lang='lat' dir='ltr'><strong>et</strong></span> <span class='ocrx_word' id='word_1_116' title='bbox 847 3267 918 3343; x_wconf 89' lang='lat' dir='ltr'><strong>post</strong></span> <span class='ocrx_word' id='word_1_117' title='bbox 930 3261 995 3324; x_wconf 93' lang='lat' dir='ltr'><strong>eius</strong></span> <span class='ocrx_word' id='word_1_118' title='bbox 1012 3260 1126 3326; x_wconf 90' lang='lat' dir='ltr'><strong>obitum</strong></span> <span class='ocrx_word' id='word_1_119' title='bbox 1139 3259 1260 3325; x_wconf 90' lang='lat' dir='ltr'><strong>culmini</strong></span> 
     </span>
     <span class='ocr_line' id='line_1_17' title="bbox 67 3365 1261 3456; baseline 0.002 -26"><span class='ocrx_word' id='word_1_120' title='bbox 67 3373 161 3433; x_wconf 86' lang='lat' dir='ltr'><strong>nostro</strong></span> <span class='ocrx_word' id='word_1_121' title='bbox 182 3367 314 3433; x_wconf 79' lang='lat' dir='ltr'><strong>fideliter</strong></span> <span class='ocrx_word' id='word_1_122' title='bbox 337 3365 509 3433; x_wconf 88' lang='lat' dir='ltr'><strong>exhibueris</strong></span> <span class='ocrx_word' id='word_1_123' title='bbox 532 3374 568 3453; x_wconf 87' lang='lat' dir='ltr'><strong>b)</strong></span> <span class='ocrx_word' id='word_1_124' title='bbox 592 3369 737 3434; x_wconf 87' lang='lat' dir='ltr'><strong>hactenus</strong></span> <span class='ocrx_word' id='word_1_125' title='bbox 760 3368 799 3456; x_wconf 86' lang='lat' dir='ltr'><strong>c)</strong></span> <span class='ocrx_word' id='word_1_126' title='bbox 821 3370 912 3434; x_wconf 89' lang='lat' dir='ltr'><strong>etad</strong></span> <span class='ocrx_word' id='word_1_127' title='bbox 934 3390 1060 3453; x_wconf 91' lang='lat' dir='ltr'><strong>presens</strong></span> <span class='ocrx_word' id='word_1_128' title='bbox 1085 3369 1207 3434; x_wconf 89' lang='lat' dir='ltr'><strong>exhibes</strong></span> <span class='ocrx_word' id='word_1_129' title='bbox 1231 3374 1261 3434; x_wconf 95' lang='lat' dir='ltr'><strong>et</strong></span> 
     </span>
     <span class='ocr_line' id='line_1_18' title="bbox 68 3476 1260 3562; baseline 0.003 -24"><span class='ocrx_word' id='word_1_130' title='bbox 68 3476 95 3540; x_wconf 91' lang='lat' dir='ltr'><strong>in</strong></span> <span class='ocrx_word' id='word_1_131' title='bbox 110 3485 197 3542; x_wconf 90' lang='lat' dir='ltr'><strong>antea</strong></span> <span class='ocrx_word' id='word_1_132' title='bbox 212 3476 332 3543; x_wconf 91' lang='lat' dir='ltr'><strong>diucius</strong></span> <span class='ocrx_word' id='word_1_133' title='bbox 349 3477 464 3562; x_wconf 90' lang='lat' dir='ltr'><strong>poteris</strong></span> <span class='ocrx_word' id='word_1_134' title='bbox 489 3478 649 3552; x_wconf 91' lang='lat' dir='ltr'><strong>exhibere,</strong></span> <span class='ocrx_word' id='word_1_135' title='bbox 677 3485 708 3544; x_wconf 92' lang='lat' dir='ltr'><strong>te</strong></span> <span class='ocrx_word' id='word_1_136' title='bbox 731 3479 829 3562; x_wconf 91' lang='lat' dir='ltr'><strong>ipsum</strong></span> <span class='ocrx_word' id='word_1_137' title='bbox 852 3485 883 3545; x_wconf 91' lang='lat' dir='ltr'><strong>et</strong></span> <span class='ocrx_word' id='word_1_138' title='bbox 897 3479 1027 3542; x_wconf 90' lang='lat' dir='ltr'><strong>heredes</strong></span> <span class='ocrx_word' id='word_1_139' title='bbox 1046 3486 1112 3544; x_wconf 91' lang='lat' dir='ltr'><strong>tuos</strong></span> <span class='ocrx_word' id='word_1_140' title='bbox 1130 3498 1260 3544; x_wconf 81' lang='lat' dir='ltr'><strong>exnunc</strong></span> 
     </span>
     <span class='ocr_line' id='line_1_19' title="bbox 68 3584 1260 3672; baseline 0.003 -25"><span class='ocrx_word' id='word_1_141' title='bbox 68 3584 102 3648; x_wconf 90' lang='lat' dir='ltr'><strong>ad</strong></span> <span class='ocrx_word' id='word_1_142' title='bbox 118 3586 182 3650; x_wconf 92' lang='lat' dir='ltr'><strong>dies</strong></span> <span class='ocrx_word' id='word_1_143' title='bbox 200 3591 319 3651; x_wconf 87' lang='lat' dir='ltr'><strong>vestros</strong></span> <span class='ocrx_word' id='word_1_144' title='bbox 336 3587 373 3652; x_wconf 89' lang='lat' dir='ltr'><strong>ab</strong></span> <span class='ocrx_word' id='word_1_145' title='bbox 391 3587 530 3652; x_wconf 93' lang='lat' dir='ltr'><strong>omnibus</strong></span> <span class='ocrx_word' id='word_1_146' title='bbox 547 3588 683 3652; x_wconf 88' lang='lat' dir='ltr'><strong>collectis</strong></span> <span class='ocrx_word' id='word_1_147' title='bbox 700 3588 840 3672; x_wconf 90' lang='lat' dir='ltr'><strong>publicis,</strong></span> <span class='ocrx_word' id='word_1_148' title='bbox 858 3588 1076 3661; x_wconf 83' lang='lat' dir='ltr'><strong>exactionibus,</strong></span> <span class='ocrx_word' id='word_1_149' title='bbox 1094 3586 1189 3651; x_wconf 89' lang='lat' dir='ltr'><strong>daeiis</strong></span> <span class='ocrx_word' id='word_1_150' title='bbox 1207 3608 1260 3651; x_wconf 90' lang='lat' dir='ltr'><strong>seu</strong></span> 
     </span>
     <span class='ocr_line' id='line_1_20' title="bbox 67 3696 1263 3783; baseline 0.003 -27"><span class='ocrx_word' id='word_1_151' title='bbox 67 3696 170 3760; x_wconf 87' lang='lat' dir='ltr'><strong>mutuis</strong></span> <span class='ocrx_word' id='word_1_152' title='bbox 186 3696 381 3780; x_wconf 86' lang='lat' dir='ltr'><strong>generalibus</strong></span> <span class='ocrx_word' id='word_1_153' title='bbox 395 3703 425 3761; x_wconf 93' lang='lat' dir='ltr'><strong>et</strong></span> <span class='ocrx_word' id='word_1_154' title='bbox 439 3697 633 3780; x_wconf 90' lang='lat' dir='ltr'><strong>specialibus,</strong></span> <span class='ocrx_word' id='word_1_155' title='bbox 650 3697 774 3762; x_wconf 89' lang='lat' dir='ltr'><strong>racione</strong></span> <span class='ocrx_word' id='word_1_156' title='bbox 791 3697 947 3771; x_wconf 92' lang='lat' dir='ltr'><strong>bonorum,</strong></span> <span class='ocrx_word' id='word_1_157' title='bbox 961 3719 1020 3783; x_wconf 89' lang='lat' dir='ltr'><strong>que</strong></span> <span class='ocrx_word' id='word_1_158' title='bbox 1034 3718 1112 3763; x_wconf 88' lang='lat' dir='ltr'><strong>uune</strong></span> <span class='ocrx_word' id='word_1_159' title='bbox 1129 3704 1215 3761; x_wconf 88' lang='lat' dir='ltr'><strong>tenes</strong></span> <span class='ocrx_word' id='word_1_160' title='bbox 1232 3703 1263 3760; x_wconf 92' lang='lat' dir='ltr'><strong>et</strong></span> 
     </span>
     <span class='ocr_line' id='line_1_21' title="bbox 65 3804 1261 3892; baseline 0.003 -27"><span class='ocrx_word' id='word_1_161' title='bbox 65 3804 199 3883; x_wconf 88' lang='lat' dir='ltr'><strong>possides</strong></span> <span class='ocrx_word' id='word_1_162' title='bbox 215 3805 264 3870; x_wconf 86' lang='lat' dir='ltr'><strong>vel</strong></span> <span class='ocrx_word' id='word_1_163' title='bbox 281 3825 339 3890; x_wconf 92' lang='lat' dir='ltr'><strong>que</strong></span> <span class='ocrx_word' id='word_1_164' title='bbox 356 3805 436 3870; x_wconf 88' lang='lat' dir='ltr'><strong>iusto</strong></span> <span class='ocrx_word' id='word_1_165' title='bbox 454 3805 548 3889; x_wconf 81' lang='lat' dir='ltr'><strong>tytulo</strong></span> <span class='ocrx_word' id='word_1_166' title='bbox 565 3807 725 3892; x_wconf 88' lang='lat' dir='ltr'><strong>acquirere</strong></span> <span class='ocrx_word' id='word_1_167' title='bbox 742 3807 856 3889; x_wconf 89' lang='lat' dir='ltr'><strong>poteris</strong></span> <span class='ocrx_word' id='word_1_168' title='bbox 872 3807 904 3870; x_wconf 91' lang='lat' dir='ltr'><strong>in</strong></span> <span class='ocrx_word' id='word_1_169' title='bbox 921 3808 1065 3879; x_wconf 86' lang='lat' dir='ltr'><strong>futurum,</strong></span> <span class='ocrx_word' id='word_1_170' title='bbox 1082 3808 1119 3871; x_wconf 90' lang='lat' dir='ltr'><strong>dc</strong></span> <span class='ocrx_word' id='word_1_171' title='bbox 1136 3806 1261 3889; x_wconf 88' lang='lat' dir='ltr'><strong>speciali</strong></span> 
     </span>
     <span class='ocr_line' id='line_1_22' title="bbox 67 3913 1094 3998; baseline 0.005 -22"><span class='ocrx_word' id='word_1_172' title='bbox 67 3913 162 3990; x_wconf 78' lang='lat' dir='ltr'><strong>gracia</strong></span> <span class='ocrx_word' id='word_1_173' title='bbox 179 3919 210 3978; x_wconf 93' lang='lat' dir='ltr'><strong>et</strong></span> <span class='ocrx_word' id='word_1_174' title='bbox 228 3934 263 3976; x_wconf 88' lang='lat' dir='ltr'><strong>ex</strong></span> <span class='ocrx_word' id='word_1_175' title='bbox 280 3921 363 3980; x_wconf 80' lang='lat' dir='ltr'><strong>certa</strong></span> <span class='ocrx_word' id='word_1_176' title='bbox 380 3915 575 3980; x_wconf 87' lang='lat' dir='ltr'><strong>consciencia</strong></span> <span class='ocrx_word' id='word_1_177' title='bbox 593 3922 741 3998; x_wconf 89' lang='lat' dir='ltr'><strong>perpetuo</strong></span> <span class='ocrx_word' id='word_1_178' title='bbox 759 3916 895 3980; x_wconf 88' lang='lat' dir='ltr'><strong>duximus</strong></span> <span class='ocrx_word' id='word_1_179' title='bbox 912 3917 1094 3981; x_wconf 87' lang='lat' dir='ltr'><strong>eximendos.</strong></span> 
     </span>
    </p>

    <p class='ocr_par' dir='ltr' id='par_1_6' title="bbox 151 4023 1258 4117">
     <span class='ocr_line' id='line_1_23' title="bbox 151 4023 1258 4117; baseline 0.002 -31"><span class='ocrx_word' id='word_1_180' title='bbox 151 4023 261 4089; x_wconf 86' lang='lat' dir='ltr'><strong>Datum</strong></span> <span class='ocrx_word' id='word_1_181' title='bbox 275 4025 479 4090; x_wconf 85' lang='lat' dir='ltr'><strong>annollomini</strong></span> <span class='ocrx_word' id='word_1_182' title='bbox 493 4030 551 4089; x_wconf 89' lang='lat' dir='ltr'><strong>etc.</strong></span> <span class='ocrx_word' id='word_1_183' title='bbox 566 4025 785 4117; x_wconf 75' lang='lat' dir='ltr'><strong>Kalendislulii</strong></span> <span class='ocrx_word' id='word_1_184' title='bbox 794 4031 843 4109; x_wconf 84' lang='lat' dir='ltr'><strong>d),</strong></span> <span class='ocrx_word' id='word_1_185' title='bbox 853 4027 938 4109; x_wconf 88' lang='lat' dir='ltr'><strong>regni</strong></span> <span class='ocrx_word' id='word_1_186' title='bbox 952 4028 1046 4091; x_wconf 89' lang='lat' dir='ltr'><strong>nostri</strong></span> <span class='ocrx_word' id='word_1_187' title='bbox 1060 4047 1138 4116; x_wconf 84' lang='lat' dir='ltr'><strong>anno</strong></span> <span class='ocrx_word' id='word_1_188' title='bbox 1145 4025 1258 4110; x_wconf 84' lang='lat' dir='ltr'><strong>quinto.</strong></span> 
     </span>
    </p>
   </div>
   <div class='ocr_carea' id='block_1_6' title="bbox 153 4219 1260 4294">
    <p class='ocr_par' dir='ltr' id='par_1_7' title="bbox 153 4219 1260 4294">
     <span class='ocr_line' id='line_1_24' title="bbox 153 4219 1260 4294; baseline 0 -18"><span class='ocrx_word' id='word_1_189' title='bbox 153 4222 187 4289; x_wconf 84' lang='lat' dir='ltr'><strong>a)</strong></span> <span class='ocrx_word' id='word_1_190' title='bbox 202 4221 241 4278; x_wconf 82' lang='lat' dir='ltr'><strong>Ea</strong></span> <span class='ocrx_word' id='word_1_191' title='bbox 256 4223 370 4294; x_wconf 86' lang='lat' dir='ltr'><strong>propter</strong></span> <span class='ocrx_word' id='word_1_192' title='bbox 382 4223 410 4276; x_wconf 86' lang='lat' dir='ltr'><strong>Z.</strong></span> <span class='ocrx_word' id='word_1_193' title='bbox 429 4251 462 4262; x_wconf 91' lang='lat'><em>-</em></span> <span class='ocrx_word' id='word_1_194' title='bbox 473 4221 505 4291; x_wconf 81' lang='lat' dir='ltr'><strong>b)</strong></span> <span class='ocrx_word' id='word_1_195' title='bbox 518 4222 672 4279; x_wconf 85' lang='lat' dir='ltr'><strong>adhibueris</strong></span> <span class='ocrx_word' id='word_1_196' title='bbox 686 4223 712 4278; x_wconf 86' lang='lat' dir='ltr'><strong>Z.</strong></span> <span class='ocrx_word' id='word_1_197' title='bbox 726 4253 759 4264; x_wconf 91' lang='lat'>-</span> <span class='ocrx_word' id='word_1_198' title='bbox 770 4223 801 4288; x_wconf 84' lang='lat' dir='ltr'><strong>c)</strong></span> <span class='ocrx_word' id='word_1_199' title='bbox 817 4223 929 4279; x_wconf 84' lang='lat' dir='ltr'><strong>actenus</strong></span> <span class='ocrx_word' id='word_1_200' title='bbox 943 4225 969 4278; x_wconf 87' lang='lat' dir='ltr'><strong>Z.</strong></span> <span class='ocrx_word' id='word_1_201' title='bbox 985 4219 1013 4264; x_wconf 82' lang='grc'><strong>-’-</strong></span> <span class='ocrx_word' id='word_1_202' title='bbox 1027 4221 1066 4292; x_wconf 79' lang='lat' dir='ltr'><strong>d)</strong></span> <span class='ocrx_word' id='word_1_203' title='bbox 1076 4221 1138 4278; x_wconf 80' lang='lat' dir='ltr'><strong>tulii</strong></span> <span class='ocrx_word' id='word_1_204' title='bbox 1153 4223 1220 4280; x_wconf 85' lang='lat' dir='ltr'><strong>fehlt</strong></span> <span class='ocrx_word' id='word_1_205' title='bbox 1233 4225 1260 4278; x_wconf 86' lang='lat' dir='ltr'><strong>Z.</strong></span> 
     </span>
    </p>
   </div>
   <div class='ocr_carea' id='block_1_7' title="bbox 0 0 1572 5118">
    <p class='ocr_par' dir='ltr' id='par_1_8' title="bbox 0 0 1572 5118">
     <span class='ocr_line' id='line_1_25' title="bbox 0 0 1572 5118; baseline 0 0"><span class='ocrx_word' id='word_1_206' title='bbox 0 0 1572 5118; x_wconf 95' lang='lat' dir='ltr'><strong> </strong></span> 
     </span>
    </p>
   </div>
  </div>
 </body>
</html>
