3112 5118
643 556 705 626 21.

413 714 615 777 ‘homanorum
639 733 692 777 rex
717 713 747 777 ll.
772 715 909 795 principi.

65 872 111 924 din
128 869 282 926 romiscber
295 869 384 943 Kdna'y
405 870 541 942 empfieblt
561 874 645 926 ciuem
659 873 781 935 Paratae,
805 871 847 926 ein
866 872 986 942 adelipes
1001 873 1133 934 Frdulein,
1157 876 1207 928 das
1230 892 1262 927 er

66 959 313 1034 dimeebeeltnqlicb
325 959 421 1022 rithmi,
440 960 580 1032 mo'gliedat
591 961 654 1016 bald
665 980 697 1014 zu
715 960 862 1023 beirotben,
873 962 920 1016 ,da
932 961 986 1016 iem
998 972 1071 1017 sonat
1083 962 1125 1018 ein
1138 963 1262 1017 Ardere

507 1052 704 1106 zuoorlsommen
716 1050 836 1106 mdebte.'

150 1194 237 1257 Inter
261 1199 364 1258 cetera
391 1213 517 1279 quorum
545 1213 617 1257 cura
645 1213 699 1256 nos
728 1194 827 1274 angit,
855 1195 904 1257 illa
930 1196 1073 1277 precipue
1101 1195 1261 1259 meditacio

66 1305 193 1381 occupat
209 1305 342 1363 mentem
358 1310 507 1372 nostram,
532 1306 564 1364 ut
588 1301 688 1363 domui
710 1307 778 1371 tue,
806 1321 894 1384 quarn
910 1302 972 1364 suis
988 1303 1121 1384 respexit
1136 1302 1261 1382 largitas

66 1407 162 1469 divina
179 1408 368 1480 muneribus,
384 1429 439 1491 per
453 1409 583 1470 humane
601 1407 831 1470 deliberacionis
855 1396 1011 1472 consilium
1034 1410 1078 1472 sic
1101 1409 1263 1472 salubriter

65 1514 253 1596 disponatur,
271 1517 351 1598 quod
368 1517 398 1578 in
414 1522 577 1598 posterum,
590 1536 646 1598 per
657 1514 939 1602 multiplicacionem
957 1516 1069 1579 sobolis
1086 1522 1262 1599 propagata,

64 1622 223 1703 impleatur
254 1623 446 1687 iocunditatis
468 1624 602 1706 gaudio,
635 1643 691 1708 quo
724 1624 935 1706 progenitores
970 1624 1102 1686 exultant
1132 1623 1163 1685 in
1194 1623 1263 1686 filiis

64 1729 200 1802 liliorum,
218 1737 251 1794 et
267 1732 347 1794 sicut
362 1732 431 1796 uitis
455 1732 587 1796 secunda
603 1752 712 1795 vernos
729 1732 878 1813 producat
894 1731 1042 1802 surculos,
1066 1731 1115 1814 qui
1132 1732 1263 1814 undique

62 1838 91 1899 in
107 1839 223 1901 electas
242 1859 318 1901 nove
338 1840 513 1922 propaginis
530 1839 668 1921 palmites
686 1840 870 1903 adolescant.

155 1947 241 2010 Sane
257 1947 397 2028 quoniam
414 1968 449 2010 ex
472 1947 618 2030 plantario
642 1947 791 2030 primitive
817 1946 942 2028 originis
965 1947 1078 2028 patrias
1102 1947 1262 2028 qualitates

65 2054 214 2117 contrahit
231 2054 310 2137 quod
327 2055 497 2117 succrescit
517 2061 547 2117 et
565 2055 776 2135 generacionis
790 2054 982 2116 seminarium
995 2055 1033 2117 ad
1046 2055 1110 2116 eius
1124 2055 1265 2136 procedit

67 2161 303 2233 similitudmem,
313 2182 348 2224 ex
357 2161 767 2248 quonoscituraJprodiisse
775 2183 784 2233 ;
801 2161 840 2224 ad
852 2161 1076 2226 edificacionem
1085 2163 1188 2226 domus
1201 2168 1264 2233 tue,

64 2269 99 2331 ad
115 2268 244 2350 stirpem
259 2269 400 2332 videlicet
415 2270 457 2331 tui
475 2269 618 2350 germinis
635 2269 682 2331 rel
699 2269 820 2349 generis
838 2269 1000 2332 nativitatis
1017 2269 1122 2333 floride
1135 2270 1261 2350 virgulis

65 2377 301 2449 fecundandam,
331 2377 411 2439 clara
433 2382 502 2439 sunt
526 2377 677 2440 connubia
691 2377 889 2459 requirenda,
918 2377 1079 2461 exquibus
1097 2377 1262 2441 derivanda

66 2484 221 2548 successio
239 2484 360 2565 fulgidis
376 2485 504 2566 prodeat
519 2490 624 2548 nature
641 2485 743 2566 tytulis
760 2483 912 2566 insignita.
945 2485 1039 2547 Huius
1061 2485 1153 2566 igitur
1170 2505 1262 2548 causa

67 2593 109 2654 rei
125 2593 247 2674 singula
263 2612 318 2674 per
342 2591 501 2674 circuitum
522 2593 683 2656 lustramus
706 2592 808 2655 mundi
831 2593 974 2674 clymata,
1003 2593 1263 2675 circumspicimus

32 2744 37 2758 .
64 2701 218 2782 regiones,
236 2701 339 2765 domos
357 2700 515 2764 illustrium
533 2706 563 2763 et
579 2719 746 2781 generosas
768 2699 925 2782 prosapias
950 2701 1153 2788 scrutabiliter
1176 2702 1263 2784 inda-

71 2828 188 2888 gamus,
214 2808 241 2872 si
258 2808 393 2872 cominus
415 2808 462 2870 uel
486 2828 542 2890 per
557 2809 667 2871 lamam
683 2807 770 2870 nobis
787 2813 927 2872 occurrat
960 2827 1087 2891 quenam
1109 2809 1149 2872 sit
1173 2809 1264 2890 digna

66 2917 117 2980 tibi
133 2915 393 2980 matrimonialiter
409 2916 565 2997 coniugari
582 2915 682 2997 sitque
698 2915 729 2978 in
745 2915 899 2997 perhenne
916 2915 996 2978 thori
1013 2915 1158 2980 solacium
1182 2921 1213 2979 et
1230 2917 1261 2978 in

66 3025 285 3104 procuracione
302 3045 377 3088 nove
395 3023 507 3086 sobolis
525 3043 584 3087 una
600 3043 683 3095 earo,
700 3023 778 3086 etin
794 3023 1018 3105 gubernacione
1034 3024 1078 3086 rei
1095 3023 1263 3088 domestice

68 3133 243 3197 coadiutrix.
278 3133 339 3198 Sed
357 3151 536 3216 quocunque
553 3151 607 3194 nos
625 3131 811 3201 divertimus,
828 3131 866 3193 ad
882 3131 1003 3194 unicum
1019 3152 1139 3215 semper
1162 3132 1264 3196 eonsi-

67 3239 134 3302 lium
166 3240 351 3304 deliberacio
383 3239 509 3321 prorida
540 3258 596 3300 nos
623 3238 758 3310 reducit,
791 3244 823 3300 ut
849 3239 956 3300 nobilis
991 3239 1102 3303 t'emina
1130 3241 1166 3302 N.
1196 3239 1263 3301 talis

68 3348 236 3430 applicetur
250 3353 301 3411 tuo
317 3347 404 3410 lateri
421 3366 475 3428 per
490 3346 670 3410 matrimonii
688 3351 919 3434 sacramentum,
941 3367 996 3429 per
1012 3348 1139 3410 honeste
1157 3347 1263 3429 copule

68 3455 263 3519 ministerium
280 3459 312 3517 et
332 3455 489 3536 spirituum
511 3453 653 3516 unionem
675 3452 707 3514 in'
728 3452 786 3514 fide
811 3453 948 3534 puritatis
966 3461 996 3516 et
1013 3473 1066 3537 spe
1084 3454 1264 3536 nupcialium

67 3565 257 3643 premiorum.
290 3564 322 3626 ln
349 3563 408 3626 alia
435 3562 599 3644 siquidem,
628 3561 654 3622 si
683 3582 741 3645 qua
770 3562 909 3642 eligenda
931 3562 1067 3632 videtur,
1095 3563 1121 3624 si
1143 3565 1263 3645 speeies

68 3673 167 3738 rutilat
195 3672 324 3734 forsitan
351 3671 474 3752 generis
497 3670 591 3733 decus
619 3670 722 3740 deest,
752 3669 777 3732 si
800 3653 914 3735 natales
938 3670 1070 3752 polleant
1092 3671 1188 3733 sorma
1205 3690 1264 3733 nou

67 3781 213 3862 splendet,
230 3785 280 3842 aut
295 3800 395 3842 mores
412 3800 472 3844 non
489 3781 613 3850 clarent,
630 3784 682 3842 aut
697 3779 816 3841 fortuna
828 3762 981 3860 'pinguior
997 3798 1057 3840 non
1073 3765 1195 3842 arridet.
1230 3780 1264 3842 ln

69 3886 124 3949 hac
139 3905 213 3949 vero
230 3887 312 3950 Deus
330 3887 485 3949 concessit
508 3891 616 3949 cuncta
640 3905 765 3948 munera
789 3885 974 3966 graciarum,
1004 3886 1112 3968 quibus
1136 3885 1264 3948 honeste

69 3994 124 4056 rite
141 3994 327 4076 composicio
343 3994 516 4062 redimitur,
537 3993 646 4074 flagrat
663 3993 778 4074 opinio,
801 4000 905 4056 natura
930 3994 1057 4064 ditatur,
1082 3998 1114 4055 ut
1131 3993 1194 4055 eius
1210 4012 1265 4073 per

70 4123 131 4164 eam
147 4103 273 4184 sanguis
290 4101 388 4164 valeat
404 4102 554 4172 adornari,
572 4101 596 4162 si
615 4102 652 4163 ad
670 4101 745 4162 illius
763 4101 878 4181 t'astigii
892 4101 1083 4164 consorcium
1096 4099 1261 4163 tolleretur.

68 4209 154 4270 Plane
172 4207 311 4270 certatim
324 4207 505 4271 conveniunt
518 4208 548 4269 in
561 4227 596 4270 ea
609 4207 754 4288 claritudo
768 4207 920 4288 prosapie,
935 4205 1042 4269 diliusa
1054 4227 1109 4288 per
1122 4207 1264 4269 nobilium

70 4317 286 4395 generacioncs
311 4335 398 4396 quam
423 4316 582 4396 plurimas,
612 4315 719 4396 quibus
745 4315 801 4377 hec
818 4315 875 4377 cui
900 4315 1036 4395 nupserit
1059 4321 1264 4396 apponentur:

157 4478 190 4544 a)
207 4476 326 4528 nascitur
339 4476 368 4528 V.
