3116 5124
320 333 395 406 114

315 518 474 593 perurget,
499 517 531 577 ut
555 515 712 588 ecclesiis,
740 516 884 599 pastorali
912 515 1059 598 regimine
1088 515 1259 588 destitutis,
1287 514 1485 598 circumspecto

315 620 475 703 diligencie
506 628 608 686 nostre
641 624 757 697 studio,
791 625 924 708 provisio
952 625 1108 688 fructuosa
1135 624 1293 708 proveniat
1320 631 1351 688 et
1371 625 1488 699 salubris,
1532 626 1533 629 ’

258 761 260 765 -
315 729 419 812 eisque
435 731 512 794 tales
529 732 639 795 nostris
655 733 840 816 temporibus
863 732 1057 817 preficiantur
1071 734 1103 796 in
1119 738 1275 817 pastores,
1298 733 1349 818 qui
1370 733 1452 798 velint
1465 741 1489 799 et
1543 819 1545 826 ,

314 839 431 903 valeant
447 837 523 923 ipsis
539 841 569 903 in
586 847 666 920 statu
682 843 840 926 tranquillo
859 848 889 907 et
904 861 1052 926 prospero
1069 843 1248 925 gubernare.
1284 844 1365 908 Sane
1380 847 1489 906 vacante
1532 843 1545 889 5

315 947 388 1010 sede
406 948 536 1010 ecclesie
553 949 756 1016 tardunensis
771 971 826 1034 per
842 951 1001 1015 decessum
1018 950 1116 1014 felicis
1133 951 1359 1016 recordacionis
1377 950 1491 1035 episcopi

314 1055 373 1118 loei
390 1056 536 1129 eiusdem,
554 1056 665 1120 ibidem
678 1060 912 1147 fueruntonue
927 1059 1102 1132 electiones,
1116 1079 1175 1122 una
1191 1059 1334 1125 videlicet
1351 1061 1387 1124 de
1403 1060 1492 1123 dilecto
1541 1101 1543 1105 .

316 1164 374 1230 lilio
408 1167 524 1233 Tboma
552 1167 667 1233 decano
696 1176 727 1234 et
755 1169 811 1233 alia
840 1170 877 1233 de
899 1171 1063 1242 Jobonne,
1093 1170 1242 1254 quondam
1264 1169 1362 1254 ipsius
1384 1170 1492 1234 ecclesie

316 1277 498 1361 primicerio,
527 1277 557 1341 in
586 1278 737 1344 discordia
767 1279 927 1345 celebrate.
960 1279 1067 1354 Unde,
1095 1299 1187 1344 causa
1216 1301 1273 1365 que
1296 1281 1376 1345 inter
1391 1279 1493 1346 eosdem
1542 1273 1545 1278 ⁸

318 1389 430 1451 eleetos
470 1387 631 1450 occasione
669 1389 873 1470 predictarum
910 1389 1090 1455 electionum
1128 1389 1304 1453 vertebatur
1340 1390 1380 1453 ad
1410 1389 1494 1454 sedem

201 1525 275 1564 mnes
287 1525 305 1566 a
317 1496 513 1580 apostolicam
540 1496 687 1579 legittime
716 1499 866 1570 devoluta,
901 1519 955 1564 nos
983 1499 1014 1562 in
1042 1519 1078 1563 ea
1102 1499 1243 1563 dilectum
1265 1497 1359 1562 lilium
1382 1505 1495 1576 nostrum
1543 1577 1545 1579 g

316 1606 502 1678 Judaeum,
535 1611 640 1670 sancte
663 1607 757 1670 lllarie
789 1607 954 1690 dyaconem
971 1607 1178 1680 Cardinalem,
1210 1607 1350 1671 dedimus
1381 1607 1495 1690 partibus

319 1715 484 1779 auditorem
501 1715 551 1801 d),
575 1733 675 1778 coram
690 1736 756 1799 .quo
780 1715 918 1799 predicta
935 1735 1026 1780 causa
1043 1716 1211 1798 pendente,
1240 1715 1397 1798 predictus
1411 1715 1496 1800 prini-

319 1825 418 1888 cerius
447 1827 552 1887 nature
582 1824 715 1890 debitum
738 1825 865 1890 exsolvit
887 1831 919 1889 et
933 1825 1055 1890 tandem
1072 1825 1171 1889 dictus
1190 1825 1325 1890 decanus
1342 1825 1406 1898 ius,
1431 1825 1494 1908 quod

320 1932 378 1996 sibi
409 1930 601 2014 competebat
633 1955 668 1996 ev
701 1933 848 1998 electione
877 1933 995 2017 pridem
1022 1933 1186 2006 celebrata,
1222 1927 1321 2016 ip'sum
1351 1939 1450 2019 sponte
1475 1934 1498 1996 in

224 2093 226 2099 .
320 2042 430 2107 nostris
448 2042 583 2105 manibus
600 2043 773 2126 resignavit.
807 2045 871 2107 Nos
889 2063 981 2126 ergo,
1011 2043 1061 2128 qui
1084 2065 1120 2106 en
1142 2043 1214 2126 iugo
1237 2046 1406 2126 apostolice
1422 2043 1498 2108 servi·
1544 2113 1545 2116 ,

278 2205 279 2208 η
319 2151 391 2216 tutis
430 2151 578 2213 universis
619 2151 758 2214 ecelesiis
797 2151 828 2214 in
866 2152 927 2214 suis
967 2151 1256 2235 opportunitatibus,
1294 2161 1387 2236 prout
1416 2159 1499 2218 nostra

319 2259 504 2344 possibilitas
520 2258 643 2341 patitur,
661 2259 821 2323 subvenire
838 2260 972 2323 volumus
998 2266 1028 2324 et
1049 2266 1197 2334 tenemur,
1219 2262 1412 2326 attendentes
1428 2260 1499 2346 quod,
1543 2283 1544 2288 ¹

320 2371 345 2434 si
363 2370 492 2433 ecclesie
510 2368 589 2431 dicte
605 2369 737 2458 provisio
755 2355 942 2441 differretur,
971 2370 1070 2434 multis
1088 2371 1186 2434 subici
1208 2378 1316 2454 posset
1332 2372 1464 2455 perieulis
1478 2375 1499 2432 et
1544 2374 1545 2405 ³

320 2482 470 2565 pressuris
488 2480 526 2565 c)
551 2486 581 2543 et
605 2481 708 2562 gravia
731 2479 833 2549 subire
856 2479 887 2543 in
909 2481 1126 2565 temporalibus
1143 2485 1174 2544 et
1190 2481 1399 2563 spiritualibus
1427 2479 1499 2544 detn'·

321 2597 431 2664 menta,
448 2590 583 2653 volentes
607 2589 733 2672 proinde
750 2589 848 2652 eidem
872 2589 1002 2653 ecclesie
1021 2590 1060 2654 de
1076 2595 1198 2674 pastore
1215 2591 1334 2673 ydoneo
1351 2591 1497 2675 providere,
1542 2581 1545 2672 J

322 2701 352 2764 in
369 2700 509 2763 dilectum
526 2697 617 2762 lilium
634 2705 769 2763 nostrum
785 2699 834 2771 N.‚
852 2699 979 2762 electum
996 2699 1214 2764 Virdunensem
1230 2700 1283 2786 d),
1300 2706 1375 2764 tune
1391 2699 1498 2783 capella·
1542 2723 1544 2771 3

322 2831 392 2874 num
415 2813 566 2880 nostrum,
595 2809 690 2873 virum
712 2809 817 2891 utique
840 2828 955 2872 morum
976 2809 1135 2872 honestate
1153 2808 1368 2890 conspicuum,
1396 2807 1496 2874 oonsilio
1544 2841 1545 2864 1

322 2918 477 3003 providum
490 2922 521 2980 et
533 2917 563 2980 iu
577 2917 713 2981 omnibus
732 2917 861 3001 denique
875 2918 1137 3000 circumspectum,
1154 2918 1468 3002 acceptumqucnobis
1478 2921 1499 2978 el

323 3028 464 3092 iratribus
481 3030 592 3090 nostris
610 3048 663 3089 sue
680 3027 787 3091 merito
809 3027 983 3110 probitatis,
1016 3027 1124 3090 mentis
1141 3033 1245 3091 nostre
1262 3029 1370 3092 oeulos
1387 3028 1498 3092 duximus

323 3137 513 3220 dirigendos,
526 3175 528 3183 ·
543 3156 670 3219 eumque
688 3137 725 3199 de
742 3138 867 3201 fratrum
892 3137 1054 3199 eorundem
1076 3137 1200 3200 oonsilio
1218 3138 1317 3201 eidem
1336 3135 1459 3202 ecclesie
1472 3133 1499 3195 de

323 3245 488 3328 apostolice
503 3243 690 3327 plenitudine
707 3245 867 3326 potestatis
884 3245 913 3307 in
931 3245 1106 3328 episcopum
1122 3245 1296 3327 preficimus
1317 3246 1356 3333 e]
1374 3253 1403 3311 et
1416 3250 1500 3330 pasto·

324 3377 403 3427 rem,
436 3358 594 3438 sperantes
627 3353 707 3436 quod
746 3353 841 3436 ipsius
874 3351 1147 3436 circumspectione
1179 3355 1323 3419 laudabili
1359 3363 1389 3420 et
1417 3351 1499 3438 provi·

324 3465 425 3530 dentia
464 3465 685 3547 circumspecta
728 3464 858 3538 ecclesia
899 3464 1036 3545 predicta
1075 3471 1137 3528 tam
1178 3466 1396 3548 temporalibus
1429 3480 1499 3547 quam

324 3573 527 3657 spiritualibus
555 3571 702 3655 proficere
731 3572 843 3636 debeat
870 3573 1073 3637 incrementis.
1108 3565 1300 3658 Quapropter
1324 3575 1498 3640 serenitatem

323 3682 438 3765 regiam
475 3700 617 3763 rogamus
658 3686 688 3744 et
724 3681 880 3744 hortamur
919 3687 1049 3754 attente,
1094 3687 1241 3767 quatenus
1285 3685 1386 3749 electo
1420 3681 1499 3746 eidem

323 3790 438 3874 regalia
454 3791 638 3863 concedens,
655 3791 737 3853 eirca
752 3790 849 3873 ipsum
866 3795 916 3854 tue
939 3790 1135 3874 benignitatis
1158 3793 1292 3874 graciam
1310 3795 1356 3857 sic
1374 3789 1499 3858 effundas,

329 3906 363 3964 ut
387 3899 453 3984 ipse
470 3899 560 3964 fultus
589 3900 701 3963 favoris
729 3899 773 3962 tui
786 3899 825 3986 f)
842 3899 975 3982 presidio
998 3899 1028 3962 iu
1052 3901 1232 3965 execucione
1255 3902 1416 3984 pastoralis
1431 3896 1502 3964 oflicii

324 4010 420 4094 possit
436 4010 576 4081 assidue,
603 4010 668 4072 Deo
684 4007 832 4091 propicio,
854 4010 1030 4090 prosperari
1052 4015 1082 4074 et
1103 4017 1135 4074 tu
1158 4011 1265 4074 exinde
1292 4011 1398 4093 gracie
1419 4005 1499 4072 divine

325 4122 469 4204 premium
491 4124 522 4182 et
542 4117 706 4201 apostolice
729 4116 810 4180 sedis
825 4114 1062 4181 benivolenciam
1084 4120 1320 4202 captarevaleas
1337 4119 1498 4204 ampliorem.

414 4360 447 4425 o)
468 4357 574 4413 ‘fuerint
588 4355 616 4408 V.
632 4385 664 4395 -
679 4354 711 4420 b)
726 4352 871 4407 adiutorem
884 4354 910 4406 Z.
924 4383 960 4392 -
973 4353 1005 4422 c)
1027 4356 1054 4407 et
1072 4349 1207 4426 pressuris
1225 4356 1296 4410 fehlt
1312 4357 1341 4410 Z.
1362 4382 1392 4394 -
1407 4352 1439 4422 d)
1452 4343 1499 4404 Vir·

326 4452 432 4505 densum
450 4450 479 4504 V.
493 4451 534 4490 '-
548 4449 579 4518 e)
592 4445 755 4518 prefecimus
768 4446 797 4498 ll.
813 4475 843 4482 -
858 4443 890 4516 f)
905 4447 949 4498 tue
964 4444 991 4497 Z.
