3112 5118
1169 311 1240 383 171

64 488 140 552 nibus
162 489 362 570 sempiternis,
385 495 415 552 et
438 490 613 553 devotorum
636 489 816 554 universitas
839 489 876 552 de
898 508 987 552 manu
1015 491 1116 550 vestre
1145 483 1245 548 divine

62 594 244 658 liberaeionis
260 596 432 678 percipiens
449 596 589 660 auxilium
611 598 758 668 salutare,
787 595 876 659 fidem
899 598 1029 658 vestram
1045 591 1246 657 inviolabilem

62 706 231 784 propensius
263 703 496 766 recommendet.
542 703 700 775 Ceterum,
732 704 804 766 licet
835 701 1047 765 exhortacione
1079 721 1138 762 non
1170 717 1245 780 opus

63 831 123 873 esse
139 811 268 874 sciamus
286 810 336 875 uhi
352 811 476 893 propria
498 811 564 874 laus
586 831 640 875 vos
664 810 810 874 clarificat
832 811 1024 880 meritorum,
1052 809 1122 892 quia
1144 812 1246 870 tamen

63 918 135 980 zelus
175 924 277 981 noster
311 938 414 990 suum,
455 938 513 1001 quo
553 918 591 981 ad
629 918 835 982 hortacionem
879 916 997 980 virtutis
1042 920 1143 978 vestre
1191 932 1245 976 vos

65 1007 203 1097 stimulet,
227 1026 329 1089 calcar
349 1024 457 1095 habet,
485 1025 710 1089 universitatem
725 1031 857 1088 vestram
878 1042 1019 1106 rogamus
1041 1027 1072 1085 et
1093 1022 1247 1084 hortamur

63 1137 185 1204 attente,
214 1138 364 1216 quatenus
380 1131 564 1213 -provide
592 1132 834 1214 perpendentes,
861 1131 941 1213 quod
968 1151 1029 1194 non
1055 1131 1152 1193 minor
1178 1129 1244 1192 laus

61 1244 102 1302 est
116 1240 294 1322 acquisitam
311 1259 433 1302 servare
449 1238 592 1321 gloriam,
610 1259 698 1322 quam
715 1239 853 1322 quesisse
875 1275 920 1287 -
943 1239 974 1301 in
997 1239 1113 1302 cautela
1137 1236 1363 1299 simoniae..

60 1352 86 1410 et
100 1348 234 1411 custodia
257 1347 387 1412 civitatis
410 1346 456 1410 sie
478 1344 625 1411 studeatis
648 1347 775 1411 sollicite
797 1347 923 1428 vigilare
944 1345 1153 1410 incurialitatis
1170 1363 1247 1426 quo-

62 1455 209 1519 dammodo
242 1455 438 1527 securitate,
464 1476 502 1519 ne
539 1455 681 1519 videlicet
717 1474 772 1537 per
808 1460 939 1518 vestram
974 1453 1122 1517 incuriam
1160 1453 1246 1515 locus

60 1563 181 1626 nocendi
208 1563 365 1627 fraudibus
381 1569 484 1645 pateat
505 1562 627 1626 inimici.
660 1563 793 1626 Romana
816 1563 964 1645 siquidem
987 1561 1129 1630 ecclesia,
1150 1563 1248 1623 mater

61 1675 163 1742 vestra,
181 1691 239 1755 que
256 1691 310 1735 vos
325 1671 428 1753 posuit
442 1671 531 1733 velud
547 1669 666 1751 insigne
684 1670 871 1752 signaculum
886 1671 917 1733 in
934 1688 1099 1740 corsuum,
1117 1672 1147 1730 et
1163 1665 1249 1729 cuius

62 1775 171 1841 viscera
193 1778 313 1860 gladius
340 1777 559 1859 compassionis
588 1775 684 1858 affigit
700 1778 731 1840 in
746 1777 937 1858 passionibus
965 1776 1091 1842 filiorum
1114 1779 1249 1838 statuens

61 1886 186 1949 scrobis
202 1886 234 1948 in
252 1886 389 1949 omnibus
405 1885 600 1950 favorabilem
616 1890 647 1946 et
661 1884 841 1966 benignam,
863 1885 974 1950 vestris
996 1881 1250 1967 oportunitatibus

58 2011 110 2055 non
121 1993 217 2057 deerit
230 1999 262 2056 et
275 1993 428 2058 civitatem
442 1998 574 2057 vestram
589 1993 736 2056 honorum
749 1992 851 2074 tytulis
866 1997 896 2055 et
911 1991 1125 2056 beneficiorum
1140 2008 1250 2071 prove-

58 2097 123 2162 here
144 2121 203 2164 non
220 2099 359 2182 negliget
373 2100 582 2172 incrementis,
599 2100 630 2162 in
645 2100 704 2164 hiis
720 2100 876 2182 precipue,
892 2119 950 2182 que
967 2100 1006 2163 ad
1021 2105 1122 2164 vestre
1139 2098 1249 2162 tuicio-

59 2206 98 2269 nis
113 2213 143 2271 et
159 2207 351 2272 defensionis
367 2207 507 2272 auxilium
523 2208 633 2272 viderit
649 2207 791 2292 expedire
812 2206 850 2293 ¹).

594 2481 602 2495 ’
630 2523 693 2596 oe.

325 2701 401 2780 lopo
416 2701 479 2780 regi
495 2700 603 2780 Syclllc
620 2717 711 2784 snper
726 2699 845 2763 delectu
861 2718 988 2764 annone.

556 2856 635 2912 1227.
645 2858 755 2914 Januar.

62 3001 184 3056 Honorino
190 3001 241 3056 ΙΙΙ.
248 3001 321 3057 dioec
327 3001 379 3055 deo
385 3000 484 3054 Kaiocr
492 3001 684 3056 Menecrate
689 3002 777 3074 Kdno‘p
789 3018 839 3055 von
847 3000 967 3063 Siciliae,
982 3000 1050 3055 nach
1063 3003 1121 3056 dem
1131 3001 1253 3073 Beiopiel

78 3091 163 3146 ceiner
181 3093 344 3164 Vorqdnqen
358 3091 423 3144 Rom
435 3090 564 3146 reddrend
574 3091 624 3144 der
635 3091 820 3162 Hunperenotd
832 3091 879 3145 mit
894 3091 1020 3146 Gemeide
1031 3109 1062 3145 zu
1076 3109 1227 3164 vereorpen.

143 3217 274 3280 Celestis
291 3215 416 3279 altitudo
441 3217 576 3288 consilii,
600 3217 661 3280 alta
678 3223 708 3280 et
724 3215 868 3280 ineflabili
890 3217 1085 3300 providencia
1104 3219 1251 3281 universa

63 3321 241 3410 disponens,
272 3345 373 3389 rerum
404 3325 628 3388 vicissitudines
661 3346 722 3388 non
753 3327 818 3389 sine
853 3326 1086 3408 dispensacione
1120 3327 1253 3390 racionis

64 3428 200 3503 alternat,
231 3451 312 3494 nunc
330 3436 456 3513 egentes
474 3429 649 3517 habundare
666 3432 799 3504 iaciens,
827 3452 906 3496 nune
923 3432 1131 3497 habundantes
1149 3451 1253 3513 egere,

64 3544 93 3600 ut
120 3538 252 3601 humana
284 3539 423 3601 condicio
453 3558 510 3620 per
542 3539 755 3602 alteracionem
791 3539 961 3603 huiusmodi
1000 3546 1030 3602 et
1067 3540 1114 3604 sui
1157 3544 1253 3603 status

62 3643 287 3710 instabilitatem
315 3652 482 3728 cognoscat
509 3652 540 3709 et
567 3647 744 3710 alterutrum
760 3648 802 3734 a)
827 3647 884 3710 sibi
913 3648 1104 3730 compaciens
1132 3648 1256 3730 impleat

64 3752 158 3834 legem
175 3754 301 3826 Christi,
320 3774 378 3837 qua
400 3753 551 3835 proximos
569 3754 712 3836 jubemur
734 3755 861 3836 diligere
879 3763 910 3820 et
926 3756 1002 3818 alter
1023 3755 1147 3819 alterius
1164 3775 1255 3818 onera

67 3860 254 3944 subportare.
298 3862 380 3924 Eece
412 3863 521 3923 famem
552 3881 680 3924 vocasse
711 3863 832 3925 videtur
853 3863 998 3925 Dominus
1031 3882 1123 3945 super
1149 3863 1256 3926 urbem

66 3973 94 4030 et
108 3970 138 4031 in
155 3991 191 4033 ea
208 3968 428 4032 firmamentum
444 3969 482 4052 b)
498 3969 583 4051 panis
606 3970 740 4050 graviter
767 3971 944 4034 contrivisse
973 3969 1011 4055 c)
1035 3967 1078 4056 8),
1106 3970 1254 4033 nonnullis

154 4095 188 4163 a)
204 4095 277 4148 alter
292 4094 370 4148 altori
384 4094 560 4163 compacienti
574 4093 733 4150 subveniens
750 4096 860 4166 impleat
873 4094 951 4150 lluill.
965 4092 1043 4149 Brdh.
1058 4125 1090 4134 -
1105 4094 1137 4164 d)
1150 4095 1255 4149 fomen-

67 4185 116 4236 tum
130 4185 210 4240 idem.
229 4213 257 4223 —
273 4184 305 4252 e)
321 4184 475 4240 decrevisse
491 4181 569 4240 idem.

68 4303 391 4316 ——-——-————n--

92 4365 114 4423 ί)
133 4368 213 4425 vergi.
237 4368 348 4420 baumer,
374 4366 558 4416 floheneteulen,
582 4369 604 4414 3.
622 4367 722 4427 Auilage
738 4368 763 4422 i,
790 4368 835 4413 115
857 4368 904 4413 ond
929 4365 959 4412 im
985 4365 1122 4424 Folgecdeu
1147 4367 1197 4412 Fol·
1215 4365 1255 4421 03,

124 4461 163 4496 no.
181 4451 198 4494 8
214 4449 261 4494 und
278 4449 328 4494 rol.
347 4448 387 4502 68,
405 4461 445 4498 no.
458 4448 496 4494 16.

95 4524 118 4584 ²)
136 4530 212 4575 Psalm
232 4528 288 4583 104,
302 4529 339 4576 td.
