3108 5118
1172 373 1246 444 291

50 549 176 612 eosdem
193 550 232 614 ad
247 563 355 634 pacem
372 555 402 613 et
418 549 581 614 concordie
598 551 737 614 unionem
760 550 912 612 torrenter
933 549 1077 612 inducere
1094 548 1249 631 satagatis.

8 675 11 680 ·
50 656 102 720 Sic
132 658 236 728 enim,
266 658 358 722 salvis
381 659 426 746 o)
449 658 537 723 vohis
560 663 590 721 et
612 659 751 722 domibus
773 658 901 728 vestris,
929 659 1040 741 poterit
1061 657 1152 720 velud
1173 657 1254 740 ignis

48 766 159 829 ricinis
178 767 349 849 parietibus
367 767 522 852 applicari.
552 769 665 832 Domus
699 768 794 839 enim,
812 768 844 830 in
862 767 1115 849 conflagracionis
1147 765 1247 828 medio

48 875 228 947 constituta,
245 876 303 940 etsi
316 897 375 939 non
388 869 575 942 consumitur
588 877 628 964 b)
640 877 791 948 incendio,
805 875 972 940 infirmatur
983 879 1084 940 tamen
1097 875 1252 940 exhaustis

49 984 266 1068 compaginum
289 984 403 1048 viribus
426 985 464 1048 ad
486 986 613 1048 ruinam.
647 987 800 1069 Rogamus
822 985 916 1068 igitur
932 989 962 1048 et
978 985 1129 1048 attencius
1146 984 1253 1047 exhor-

47 1098 160 1166 tamur,
179 1100 330 1178 quatenus
342 1115 409 1158 mox
421 1095 611 1180 prosilientes
619 1097 656 1178 c)
674 1096 840 1160 exterminii
856 1100 958 1179 partes
973 1099 1058 1158 tante
1075 1095 1207 1158 scissura
1214 1097 1252 1177 d)

49 1203 228 1267 discrimina
246 1203 394 1269 studeatis
409 1204 513 1268 innate
529 1204 695 1290 prudencie
711 1205 916 1270 moderamine
932 1222 1075 1289 reparare
1091 1201 1138 1287 e).

146 1381 233 1438 Geuni
246 1382 273 1448 3,
288 1383 331 1437 ll.
345 1382 411 1436 flod.
425 1387 478 1438 etc.
500 1382 608 1438 Civibus
629 1383 800 1453 Maguntinis.
821 1383 922 1438 Stobbe
941 1381 996 1436 272
1010 1384 1066 1438 Rex
1079 1387 1132 1438 cte.
1146 1381 1255 1438 Civibus

52 1474 182 1544 Magistro
199 1471 288 1545 (sict)
303 1505 338 1513 -
352 1463 423 1530 iiber
443 1473 485 1530 die
500 1473 627 1528 Unruhen
646 1475 672 1529 in
688 1474 773 1530 llairm
792 1474 879 1544 vergl.
893 1472 936 1526 die
950 1471 1019 1528 Note
1033 1491 1091 1528 zum
1104 1473 1254 1547 folgenden

52 1565 149 1622 Briefe.

630 1867 693 1940 78.

415 2049 610 2112 Romanorum
626 2067 679 2112 rex
696 2041 890 2131 ll.'capttulo.

617 2206 696 2262 1279.

53 2354 137 2425 Koaig
149 2353 260 2424 bardolf
273 2353 425 2425 cerepriclzt
442 2356 500 2437 dem
519 2355 611 2409 Decon
630 2357 687 2410 und
706 2354 811 2428 Capitol
830 2355 880 2409 der
897 2353 1016 2410 Mainzer
1034 2352 1147 2416 Kirclse,
1170 2351 1255 2408 iterem

58 2445 189 2500 Wunaelre
211 2450 329 2516 peractas,
351 2445 401 2516 fair
423 2447 564 2501 dnumnde
586 2446 758 2520 Beseitipuap
780 2448 830 2501 der
852 2446 892 2504 cie
915 2445 1120 2502 dedrttclrenden
1143 2445 1254 2516 Kriepa·

516 2537 637 2593 narnien
650 2557 682 2592 zu
694 2555 798 2610 sorpen.

140 2681 226 2736 Gerb.
242 2681 268 2745 3,
281 2682 326 2736 20.

140 2827 394 2892 Tribulacionum
411 2836 441 2892 et
455 2829 660 2892 calamitatum
678 2830 816 2893 crudeles
833 2829 1007 2912 angustias,
1032 2827 1143 2912 quibus
1166 2827 1254 2890 belli-

52 2957 103 3000 cus
127 2937 263 3022 impetus
286 2937 361 3002 fines
383 2943 501 3002 vestros
526 2939 670 3002 invadere
693 2939 889 3009 formidatur,
917 2944 1001 3001 tanto
1027 2935 1254 3021 compassiviori

52 3045 191 3110 nimirum
209 3047 455 3111 commiseramur
473 3047 595 3118 affectu,
619 3054 731 3130 quanto
750 3069 785 3110 ex
801 3047 860 3111 hiis
876 3043 1093 3132 perniciosiora
1110 3045 1255 3108 sentimus

52 3154 228 3218 discrimina
250 3155 407 3239 pullulare.
441 3154 568 3240 Propter
595 3156 675 3238 quod
697 3155 884 3220 ferventibus
907 3156 1015 3219 vestris
1043 3154 1256 3218 allectionibus

51 3285 102 3329 seu
125 3264 342 3328 allectionibus
366 3265 505 3336 excitati,
530 3266 568 3329 ad
593 3266 703 3330 stabile
725 3265 838 3329 bonum
861 3265 1023 3329 concordie
1045 3270 1076 3328 et
1092 3265 1131 3328 ad
1148 3266 1256 3328 exstir-

51 3375 150 3458 panda
180 3374 316 3436 totaliter
332 3375 467 3456 germina
497 3373 681 3438 simultatum
704 3374 834 3437 libenter
855 3375 1037 3437 intendimus
1062 3371 1203 3437 efficaces
1225 3379 1255 3437 et

53 3483 176 3546 sedulas
210 3483 402 3566 interponere
430 3487 533 3566 partes
562 3488 693 3554 nostras,
724 3490 814 3567 prout
847 3487 970 3546 auctore
997 3482 1123 3546 Domino
1156 3481 1256 3566 operis

52 3591 212 3655 evidencia
230 3611 283 3654 vus
297 3589 337 3676 f)
354 3590 486 3654 docebit.

144 3752 182 3818 a)
200 3751 273 3806 salus
287 3753 306 3805 Z
323 3752 375 3807 und
390 3753 419 3807 V.
436 3783 470 3792 -
486 3753 518 3823 b)
536 3756 705 3807 consumatur
715 3754 742 3806 Z.
759 3783 795 3792 -
811 3755 843 3822 e)
856 3753 992 3810 inmedias
1005 3755 1087 3812 Gerb.
1108 3786 1136 3794 -
1156 3755 1191 3828 d)
1203 3755 1257 3814 cis-

54 3859 114 3898 sure
132 3845 163 3898 v.
187 3873 221 3882 —
243 3843 274 3912 e)
296 3843 412 3898 Gerbert
431 3845 482 3898 und
502 3843 585 3899 Conni
602 3844 687 3898 haben
705 3845 775 3899 noch
791 3845 941 3916 folgenden
960 3846 1037 3902 Sata:
1057 3847 1091 3901 nt
1110 3863 1174 3904 ecce
1188 3847 1259 3902 infra

52 3935 168 3990 triduum
199 3936 263 4006 post
285 3950 420 3988 recessum
444 3935 530 3989 nuncii
558 3935 643 3989 vostri
663 3936 696 3988 de
724 3939 814 3990 nostra
833 3937 1004 4006 praesencia,
1033 3939 1148 3993 nobilem
1171 3938 1257 3992 virum

51 4025 81 4080 G.
105 4027 234 4080 comitem
256 4029 369 4096 propter
390 4027 442 4079 boc
464 4026 498 4081 ad
520 4031 634 4079 vostram
657 4027 843 4097 praesenciam
866 4027 1003 4082 destinare
1025 4030 1207 4100 proponimus,
1228 4035 1257 4084 ut

50 4116 130 4188 ipsius
158 4121 326 4187 cooperante
349 4117 471 4178 consilio,
496 4133 547 4188 per
571 4133 621 4171 vos
647 4116 734 4172 stricti
761 4133 838 4172 enses
865 4117 898 4170 de
925 4119 1112 4175 altercanoium
1138 4120 1258 4176 manibus

55 4208 202 4280 rapiantur.
221 4237 250 4247 -
264 4207 296 4279 f)
311 4224 360 4260 nos
374 4208 401 4260 Z.

148 4358 252 4413 Stobbe
265 4356 319 4410 aab
333 4357 388 4411 Rex
407 4364 458 4411 etc.
478 4359 585 4412 Decano
606 4361 633 4412 et
652 4358 770 4428 capitulo
789 4357 906 4428 Magunt.
933 4359 969 4412 Es
988 4357 1047 4411 sind
1067 4358 1124 4414 also
1144 4358 1258 4432 liriegs·

51 4449 191 4510 unruben,
217 4447 261 4501 die
285 4448 334 4501 das
357 4447 474 4502 illainzer
496 4447 664 4502 Erzbiatbum
686 4448 860 4503 heimsnehen
883 4447 951 4510 und,
975 4447 1025 4502 wie
1050 4448 1165 4506 Gerbcrt
1188 4451 1256 4511 wohl

54 4539 100 4591 mit
121 4540 208 4592 Recbt
220 4537 356 4606 annimmt,
371 4537 406 4592 ist
424 4537 474 4590 der
489 4537 569 4610 lirieg
582 4538 632 4591 des
648 4537 818 4592 lirubiscbofs
832 4537 948 4592 Werner
961 4555 1010 4592 von
1023 4539 1107 4593 ldainu
1130 4541 1177 4594 mit
1197 4541 1255 4596 dem

55 4627 156 4684 Grafen
178 4627 302 4684 lleiurich
321 4645 374 4682 rou
395 4627 538 4700 spanheim
558 4629 683 4701 gemeint.
704 4617 777 4686 siber
796 4629 888 4684 diesen
908 4630 994 4700 vergi.
1014 4631 1092 4703 llopp
1113 4629 1137 4691 i,
1157 4632 1213 4686 376
1232 4633 1257 4689 r.

980 4719 1037 4776 19*
