3112 5118
1148 350 1224 420 2011

55 517 145 581 literas
173 519 341 592 offerimus,
369 521 474 582 vulnus
504 527 641 602 apertum
662 521 860 584 medicamine
886 521 987 584 debite
1010 520 1226 602 persuasionis

51 625 240 704 aggredimur,
257 632 287 689 11
304 647 372 689 cum
393 627 448 690 tibi
471 647 526 708 per
548 627 776 690 amaritudinem
803 629 935 690 luctuum
961 628 1107 690 haetenus
1137 627 1228 690 satis-

53 733 168 804 feceris,
196 753 251 814 per
280 734 505 815 deposicionem
537 734 706 815 lugubrium
735 735 875 798 satisfieri
893 739 923 796 et
942 735 1028 798 nobis
1057 735 1228 816 gratissime

49 839 230 918 postulamus.
265 841 383 904 Scimus
412 841 507 913 enim,
536 825 616 923 quod
645 843 778 923 quamvis
808 841 882 904 dura
909 842 1105 923 requirimus,
1129 847 1230 904 tamen

49 944 190 1024 possibilia
203 947 383 1026 flagitamus.
398 948 508 1009 Amano
525 946 617 1027 igitur
628 946 787 1028 plorabunt
799 964 894 1028 nsque
907 947 945 1009 ad
957 966 1114 1028 vesperam
1125 947 1230 1010 tlorem

50 1051 155 1114 scilicet
168 1053 328 1116 occiduum
341 1058 410 1116 ante
423 1061 540 1134 tempus
560 1054 677 1126 estatis,
695 1074 836 1116 occasum
849 1055 920 1117 solis
933 1061 1002 1118 ante
1019 1055 1183 1126 meridiem,
1202 1059 1232 1116 11

50 1158 135 1220 noctis
159 1161 319 1242 caliginem
342 1167 411 1224 anto
434 1162 513 1224 diem
535 1161 667 1242 plorabis
685 1161 725 1244 a)
748 1169 778 1224 et
800 1183 854 1244 per
873 1181 1062 1244 consequens
1083 1149 1250 1232 iuvenem,¹

49 1267 168 1332 nondum
191 1269 281 1350 plene
306 1269 461 1350 puberem,
480 1270 563 1350 prius
582 1270 792 1350 intempestive
811 1271 915 1333 mortis
935 1270 1065 1333 subiisse
1077 1269 1230 1339 iudicium,

49 1392 127 1453 quam
145 1376 311 1438 senectutis
328 1374 471 1438 indicium
495 1377 542 1437 vel
559 1375 597 1460 b]
610 1375 732 1438 inicium
745 1376 894 1458 attigisse,
906 1376 1025 1439 turbato
1042 1375 1230 1440 mortalitatis
1240 1392 1283 1431 su.
1294 1391 1346 1429 are.

50 1479 160 1550 ordine,
184 1499 244 1561 quo
260 1488 347 1562 pater
362 1502 417 1562 pro
434 1481 509 1554 filio,
537 1481 628 1544 offers
645 1483 800 1554 lacrimas,
829 1501 904 1564 quas
920 1502 974 1563 pro
990 1487 1021 1545 11
1037 1481 1114 1545 filius
1130 1502 1232 1546 reser-

48 1585 128 1648 vabat
145 1586 191 1670 1).
225 1589 290 1650 Nos
308 1588 386 1650 enim
402 1589 433 1650 in
449 1594 510 1651 tam
526 1589 627 1652 subito
644 1588 695 1650 lilii
712 1589 756 1652 tui
774 1609 846 1653 casu
864 1588 1082 1670 compassionis
1106 1593 1232 1671 paterne

49 1694 194 1757 consorcio
212 1717 273 1758 non
290 1716 437 1767 caremus,
453 1695 579 1758 maxime
597 1697 672 1778 quia'
683 1697 811 1759 eundem
827 1717 845 1759 a
861 1701 891 1759 te
908 1697 1082 1760 naturaliter
1098 1696 1234 1778 genitum

48 1802 145 1885 uixque
162 1803 262 1865 adhuc
280 1804 424 1867 maternis
437 1803 579 1867 uberibus
597 1803 779 1868 ablactatum
791 1805 822 1866 in
834 1803 910 1867 ulnis
924 1810 1026 1867 nostre
1040 1805 1234 1868 educacionis

48 1911 223 1992 accepimus,
243 1918 273 1975 et
290 1912 359 1994 quia
376 1912 602 1994 susceptibilem
614 1913 712 1994 ipsum
726 1912 886 1994 discipline
900 1913 1078 1984 invenimus,
1091 1915 1234 1978 virtutum

47 2017 150 2098 inipso
166 2019 339 2081 rudimenta
356 2020 546 2091 contulimus,
564 2024 712 2101 quatenus
730 2018 789 2082 sibi
805 2020 998 2102 conspicuus,
1021 2021 1087 2083 aliis
1104 2022 1185 2084 utilis
1203 2025 1235 2082 11

47 2123 125 2187 nobis
143 2127 290 2189 existeret
304 2129 488 2190 fructuosus
506 2129 593 2191 Nunc
610 2133 709 2191 autem
727 2148 795 2191 cum
812 2128 854 2212 d]
871 2129 908 2190 de
925 2129 1115 2210 plantacione
1132 2133 1235 2190 nostra
1331 2108 1334 2112 ⁵

47 2231 221 2296 vindendam
241 2238 500 2315 computaremus,
529 2234 739 2316 generacionis
761 2235 890 2296 humane
907 2236 1052 2297 novacula
1067 2237 1128 2296 vite
1144 2234 1236 2296 telam

45 2339 72 2402 in
101 2341 241 2412 homine,
274 2360 361 2423 quam
393 2343 523 2405 nondum
551 2343 641 2424 plene
668 2344 804 2424 perfecte
835 2349 987 2414 texuerat,
1025 2342 1235 2426 intempestive

47 2446 209 2512 dinoscitur
238 2449 416 2529 procidisse.
450 2450 531 2511 Iuste
558 2448 650 2529 igitur
678 2449 779 2511 dolere
806 2455 836 2512 te
859 2451 1011 2521 novimus,
1041 2470 1077 2511 eo
1103 2449 1183 2531 quod
1206 2449 1237 2513 in

47 2557 103 2619 nati
124 2557 167 2621 tui
191 2559 302 2620 funere
330 2578 449 2640 pomum
471 2557 532 2620 vite
555 2562 662 2620 natura
680 2557 832 2640 decerpsit
848 2559 952 2640 spacio
969 2561 1113 2640 temporis
1131 2559 1236 2621 imma-

45 2669 147 2728 turum.
183 2666 252 2730 Sed
269 2667 417 2729 consolari
440 2672 471 2729 11
487 2668 622 2729 volumus
640 2687 675 2728 eo
693 2667 773 2748 quod
789 2667 860 2729 illud
876 2673 945 2730 ante
968 2672 1086 2750 tempus
1104 2667 1238 2730 debitum

45 2772 182 2835 virtutum
207 2772 441 2853 erogacionibus
465 2774 584 2856 accepit
605 2779 793 2838 maturatum.
826 2775 907 2837 Iuste
929 2781 959 2838 11
982 2775 1085 2838 dolere
1102 2775 1236 2837 nouimus

46 2899 78 2941 eo
94 2881 175 2962 quod
191 2881 351 2942 morientis
367 2879 419 2941 filii
436 2880 580 2942 clauseris
605 2882 725 2953 oculos,
754 2882 904 2944 consolari
926 2886 956 2943 te
980 2882 1132 2952 volumus,
1157 2881 1237 2963 quod

45 3007 100 3048 non
125 2989 207 3050 inter
231 2987 337 3050 molles
361 2988 484 3051 delicias
508 2993 539 3050 et
560 2987 676 3050 debiles
699 3007 787 3050 curas
811 2989 957 3052 defecerit
972 2988 1157 3068 languidus,
1183 2987 1237 3049 scd

42 3094 119 3158 inter
146 3095 374 3177 occupaciones
407 3100 526 3157 nostras
560 3094 685 3158 bellicas
714 3095 860 3158 defecerit
888 3100 1026 3158 strenuus
1070 3099 1101 3156 11
1131 3093 1238 3156 vixerit

44 3203 201 3280 gloriosus.
239 3202 301 3263 Nos
318 3200 411 3281 igitur
427 3202 529 3282 gracie
546 3207 649 3264 nostre
667 3202 774 3273 zelum,
792 3220 880 3282 quem
896 3202 935 3264 ad
950 3201 1041 3264 filium
1065 3201 1238 3263 defunctum

42 3311 257 3389 produximuS,
286 3312 368 3370 tanto
390 3308 538 3371 libencius
562 3316 593 3371 11
615 3309 766 3390 copiosius
789 3308 827 3369 ad
848 3313 964 3388 patrem
991 3308 1238 3390 propagabimus,

43 3427 149 3501 quanto
165 3424 275 3482 nostre
289 3417 458 3480 serenitatis
471 3417 611 3481 affectum
624 3418 759 3480 eiusdem
776 3417 948 3480 continuata
960 3415 1104 3498 obsequia
1117 3415 1237 3478 uberius

42 3535 228 3593 meruerunt.

129 3729 205 3781 Pctr.
224 3721 426 3784 (1111111111.
449 3722 621 3776 abuolcbend
644 3721 698 3774 und
720 3721 915 3775 ausfllbrlicher
936 3721 983 3774 mit
1006 3721 1054 3774 der
1067 3709 1238 3774 Uberuobrilt

44 3814 139 3868 Comiti
154 3815 330 3876 deerrarum,
343 3813 503 3866 consolando
518 3829 577 3866 eum
591 3812 625 3864 de
638 3820 723 3864 morte
737 3811 784 3864 filii
799 3813 838 3864 sui
852 3811 973 3865 cadentis
986 3811 1012 3864 in
1028 3812 1106 3865 bello.

131 3995 167 4062 a)
182 3991 306 4062 plorabis
320 4006 360 4042 am
374 3990 466 4044 Raude
477 3991 507 4043 V.
524 4021 553 4032 ·-
570 3989 600 4060 b)
615 3989 738 4044 indicium
752 3992 793 4044 vel
807 4007 846 4043 am
859 3989 951 4044 Rande
965 3990 996 4044 V.
1010 4020 1043 4028 —
1058 3990 1090 4057 c)
1110 3989 1145 4042 So
1165 4005 1236 4041 rnuss

41 4099 96 4137 man
111 4083 185 4137 wohl
201 4083 278 4135 lesen
292 4082 336 4132 ltir
349 4079 403 4132 filio
417 4081 574 4134 reservabas
589 4079 618 4132 V.
635 4108 663 4119 -
680 4081 715 4146 d)
730 4095 790 4131 cum
804 4095 845 4132 am
858 4078 949 4132 Rande
962 4078 991 4131 V.
1187 4070 1193 4083 ‘

405 4255 421 4284 N

72 4617 173 4660 Fontes.
186 4610 257 4654 1111111.
270 4611 297 4652 11.
311 4609 350 4651 1111.
363 4609 426 4650 XXV.
