3096 5128
859 689 894 759 3.

271 867 349 948 Papa
361 869 501 951 episcope
515 867 738 932 constanciensi
752 865 1080 948 reprehendendum,
1095 861 1406 944 quoddbumdlnum
1420 879 1469 925 ne·

270 977 369 1055 potem
380 976 519 1038 ltrlderlci
529 975 726 1056 imperatoris,
743 976 775 1037 lu
791 993 874 1038 suom
888 975 1014 1038 tutelam
1025 972 1139 1054 recepit
1152 975 1182 1034 et
1194 972 1272 1053 qued
1286 973 1387 1054 ipsum
1402 988 1469 1051 prs·

271 1086 356 1145 curet
383 1083 453 1162 eligi
480 1083 511 1145 ln
538 1101 634 1162 regem
657 1083 864 1161 Romanorum,
894 1081 1076 1163 probibent·
1098 1081 1187 1143 etlam
1205 1081 1233 1142 el
1255 1081 1309 1142 sub
1332 1080 1470 1159 grauibus

271 1190 373 1270 penis,
388 1192 467 1273 quod
482 1192 621 1274 deinceps
637 1209 703 1255 cum
718 1192 756 1254 nd
772 1191 927 1272 Imperium
943 1208 1003 1252 uon
1025 1190 1197 1270 promereat
1217 1192 1248 1251 et
1270 1188 1395 1251 mandat
1416 1187 1471 1250 sibl

332 1298 410 1379 quod
426 1317 491 1361 eum
505 1299 647 1379 tupedlat
663 1300 742 1361 omui
757 1300 843 1362 medo
859 1316 917 1380 qus
933 1300 1034 1382 potest
1049 1298 1105 1360 sub
1120 1297 1206 1378 penis
1223 1297 1415 1379 supradictis.

705 1457 784 1510 1262.
797 1456 856 1510 luni
872 1454 898 1508 3.
911 1455 1029 1511 viterbii.

154 1599 261 1641 ΜΗ·
362 1601 471 1664 Potens
495 1605 542 1666 est
564 1607 594 1665 et
615 1603 770 1684 cognitum
791 1601 846 1665 toti
871 1599 953 1672 orbi,
977 1600 1105 1684 qualiter
1122 1599 1272 1683 quondam
1293 1596 1470 1661 Fridericus

270 1708 432 1790 imperator
449 1708 574 1792 eiusque
589 1709 799 1792 progenitores
823 1713 853 1772 et
874 1709 988 1791 posteri
1013 1728 1085 1790 erga
1107 1711 1233 1771 matrem
1249 1706 1416 1771 ecclesiam
1433 1727 1465 1768 sc

269 1815 421 1898 gesserint
442 1821 472 1880 et
493 1818 612 1901 qualem
634 1816 663 1880 ei
683 1816 917 1880 retribucionem
945 1816 983 1879 de
1003 1815 1160 1880 benefieiis
1185 1815 1224 1879 ab
1248 1835 1285 1878 ea
1306 1815 1465 1896 perceptis

269 1922 480 2005 impenderint,
503 1924 642 2008 quoniam
665 1924 718 1996 hii,
746 1925 872 1988 aliorum
887 1929 1114 2007 persecutorum
1130 1923 1313 1988 excedentes
1329 1923 1467 2005 tyrsum·

270 2030 349 2102 dem,
365 2030 554 2113 gravioribus
571 2053 637 2098 eam
653 2032 820 2096 affecerunt
841 2031 957 2096 iniuriis
975 2036 1005 2095 et
1021 2030 1269 2115 oppressionibus
1286 2030 1463 2094 durioribus

270 2138 439 2203 afflixerunt
455 2146 495 2212 et,
511 2141 594 2206 velut
607 2140 798 2205 intendentes
814 2143 846 2203 in
862 2141 1068 2204 exterminium
1085 2141 1160 2211 eius,
1176 2139 1338 2203 tendentes
1354 2140 1468 2203 furoris

271 2266 374 2312 arcum
391 2254 421 2311 et
436 2249 564 2313 feritatis
580 2248 713 2332 gladium
729 2255 884 2322 acuentes,
907 2250 981 2312 diris
1002 2268 1069 2312 eam
1090 2247 1273 2314 tribulavero
1289 2247 1421 2330 flagellis
1439 2253 1470 2311 et

270 2377 367 2442 usque
383 2356 422 2419 ad
437 2358 581 2421 interiora
595 2357 753 2440 profundis
769 2357 858 2421 illatis
874 2356 1049 2421 vulneribus
1066 2356 1249 2420 sauciarunt
1267 2356 1345 2419 Nam
1361 2357 1392 2418 in
1409 2354 1468 2419 hoc

270 2484 363 2547 pravo
386 2483 498 2546 genere
518 2471 638 2548 patrum
659 2465 691 2527 in
713 2464 789 2530 tilios
812 2485 880 2530 cum
902 2466 1049 2547 sanguine
1073 2465 1208 2528 derivata
1222 2445 1362 2536 malicia,
1391 2463 1471 2528 sicut

271 2573 370 2635 earnis
396 2573 636 2656 propagacionc,
665 2573 710 2637 sic
737 2575 908 2638 imitacione
936 2592 1059 2657 operum
1087 2575 1149 2636 nati
1177 2572 1411 2636 successoribus
1426 2571 1471 2658 o)

270 2686 486 2745 successerunt
500 2681 697 2766 genitoribus.
721 2683 840 2765 Exque
857 2682 969 2765 liquide
984 2682 1133 2765 per'pendi
1150 2686 1180 2745 et
1197 2680 1297 2744 conici
1312 2685 1426 2764 potest,
1445 2681 1472 2744 si
1546 2741 1547 2760 ξ

271 2809 308 2852 ex
322 2788 389 2871 ipso
405 2789 503 2874 alique
519 2790 706 2872 posteritatis
722 2790 849 2874 reliquie
866 2794 1086 2862 remanserunt,
1103 2790 1175 2874 quid
1191 2789 1376 2873 sperandum
1388 2790 1429 2852 sit
1442 2789 1472 2852 in

269 2896 402 2960 futurum
424 2897 463 2961 de
483 2898 558 2969 illis,
580 2898 690 2982 quidve
706 2899 737 2962 in
752 2903 907 2982 posterum
923 2899 1150 2981 expectandum.
1183 2899 1252 2965 Vita
1280 2917 1412 2982 namque
1441 2901 1473 2962 et

270 3010 358 3088 gesta
379 3006 630 3089 predecessorum
651 3028 793 3091 perversa
815 3007 1003 3090 iniquitatem
1025 3007 1225 3090 prenunciant
1241 3025 1468 3079 successorum,

270 3133 327 3177 nec
343 3111 495 3178 horribilis
513 3135 616 3178 eorum
631 3117 774 3178 memoria
790 3115 953 3200 quidquam
974 3116 1046 3180 boni
1071 3117 1108 3180 de
1131 3117 1264 3199 ipsorum
1286 3117 1470 3200 posteritate
1544 3179 1546 3212 p

271 3222 396 3285 credere
412 3224 459 3287 vel
475 3243 600 3307 sperare
615 3224 776 3307 permittit,
800 3225 871 3307 quia
893 3224 930 3287 de
954 3224 1077 3288 colubro
1100 3224 1256 3307 egreditur
1270 3223 1416 3306 regulus,
1441 3227 1472 3286 et

270 3330 361 3394 arbor
381 3331 458 3396 mala
480 3334 583 3396 noxios
612 3334 728 3397 fructus
751 3335 877 3416 profert,
900 3353 1086 3416 pravumque
1108 3332 1288 3416 principium
1313 3351 1468 3417 nunquam

269 3439 428 3522 pollicetur
454 3440 563 3507 bouum
591 3441 689 3505 linem.
725 3443 764 3505 Et
790 3440 859 3504 ideo
888 3442 925 3505 de
949 3442 1060 3505 Chunr.
1089 3461 1195 3524 puero,
1219 3446 1288 3504 nato
1314 3441 1466 3523 quondam

271 3547 434 3622 Chunradi‚
450 3550 598 3614 Fridcrici
613 3550 675 3624 tilii,
699 3556 746 3614 est
766 3549 991 3633 precavendum
1008 3550 1137 3621 omnino,
1161 3570 1198 3612 ne
1220 3549 1280 3612 ullo
1297 3548 1389 3612 modo
1406 3566 1464 3611 nec

271 3658 331 3722 ullo
353 3677 484 3740 unquam
506 3665 642 3742 tempore
663 3660 701 3723 ad
723 3661 848 3725 Romani
865 3663 983 3724 culmen
998 3659 1116 3742 imperii
1132 3656 1327 3727 sublimetur,
1352 3654 1470 3739 quiain

271 3769 338 3850 ipso
354 3767 459 3850 procul
477 3767 566 3832 dubio
583 3787 637 3851 pro
655 3769 801 3846 advocato
818 3771 913 3855 ipsius
931 3768 1062 3834 ecclesie
1077 3766 1280 3848 impugnator,
1298 3771 1329 3828 et
1346 3785 1403 3848 pro
1419 3764 1472 3828 de-

272 3879 393 3942 fcnscre
410 3882 579 3942 assumetur
596 3878 727 3942 otl'ensor
741 3877 880 3962 publicus
898 3885 929 3942 et
944 3878 1091 3942 turbator.

362 3987 473 4053 Verum
490 3987 631 4070 quoniam
646 3987 864 4059 intelleximus,
887 3988 968 4071 quod
984 3992 1016 4051 tu
1031 4004 1157 4069 puerum
1174 3983 1289 4065 ipsum,
1314 3984 1398 4067 quod
1415 4005 1472 4048 non

273 4100 375 4164 decuit
391 4099 506 4182 absque
521 4097 650 4162 licencia
666 4096 748 4160 sedis
765 4095 940 4179 apostolice,
964 4096 1020 4159 sub
1037 4101 1091 4158 tua
1106 4094 1201 4158 tutela
1225 4101 1256 4159 ct
1277 4096 1470 4180 protectione

272 4231 327 4294 pro
343 4215 394 4273 tuc
411 4228 567 4272 assumens
590 4206 674 4270 libito
690 4203 869 4276 voluntatis,
897 4205 1015 4287 magnis
1038 4203 1147 4266 studiis
1169 4204 1301 4288 totisque
1323 4223 1472 4287 procuras
1543 4251 1544 4270 ,

272 4319 443 4390 laboribus,
472 4324 505 4381 nt
527 4316 608 4380 idem
630 4335 706 4400 puer
727 4316 766 4379 ad
789 4314 923 4378 eiusdem
945 4311 1063 4395 apicem
1086 4311 1203 4394 imperii
1227 4311 1359 4396 eligatur
1382 4319 1414 4378 et
1430 4313 1470 4398 b)

272 4428 366 4513 ipsius
389 4426 524 4493 obtineat
539 4424 757 4509 principatum:
779 4424 854 4494 Nos,
872 4421 1071 4486 consideratis
1088 4426 1138 4485 tue
1155 4421 1277 4505 antique
1294 4418 1471 4486 devocionis

370 4592 404 4660 a)
424 4591 625 4645 successoribus
639 4586 804 4658 riberssdssig,
817 4587 884 4642 teblt
896 4585 995 4641 Marini.
1006 4615 1041 4624 -
1053 4583 1086 4652 b)
1102 4587 1130 4638 ct
1142 4589 1168 4638 ct
1180 4585 1210 4640 V.
