3108 5118
1167 245 1243 314 263

50 417 192 498 penditur
200 418 385 490 coniectura,
402 419 482 501 quod
500 421 596 483 tocius
614 419 695 482 orbis
714 419 841 482 ambitus
856 417 1073 501 quodammodo
1090 417 1197 498 spiritu
1205 416 1245 501 a)

50 505 364 606 vegetatur'imperii,
388 531 420 588 ut
443 547 479 588 eo
496 528 660 607 languente
676 528 838 606 langueat,
862 525 987 608 ipsoque
1004 525 1114 586 letetur
1129 524 1246 586 felicius

49 640 260 715 prosperante,
270 636 553 721 cunnenquolnn
567 635 598 696 in
606 634 822 716 temporalibus
829 633 1081 714 tenebraspopuli
1090 633 1247 704 christiani

49 742 177 806 Romani
193 744 309 824 sceptri
324 743 423 824 fulgor
439 745 601 816 illuminet,
629 744 683 806 sed
701 748 731 806 et
747 743 803 824 ipsi
820 742 890 805 fidei
905 741 1056 804 katholico
1073 741 1248 804 fulcimenta

49 869 107 912 non
123 849 203 912 levia
220 850 438 914 subministret.
471 852 576 920 Porro,
595 851 707 914 sedatis
726 851 765 913 ad
781 870 908 931 presens
925 850 955 911 in
971 869 1066 929 regno
1084 848 1246 910 Germanic

44 955 159 1019 bellice
190 957 379 1038 tempestatis
410 956 604 1028 horroribus,
636 958 745 1040 quibus
777 957 857 1018 idem
885 977 1012 1037 regnum
1040 957 1099 1018 iam
1130 954 1248 1036 pridem

50 1063 147 1126 extitit
170 1064 201 1126 in
216 1064 395 1127 calamitate
411 1065 539 1145 pristina
554 1065 740 1137 tribulatum,
766 1083 840 1126 ecee
857 1065 1061 1141 convertimur
1078 1063 1116 1126 ad
1132 1063 1248 1125 Ytalioe

50 1173 210 1236 simultatis
234 1172 379 1236 solvenda
402 1173 574 1236 discrimina
603 1173 720 1236 eteius
743 1178 867 1254 rupture
891 1171 1056 1235 domestice
1079 1171 1247 1252 reipublice

51 1280 224 1344 turbatricis
253 1281 397 1343 zizaniam
424 1282 544 1363 penitus
574 1283 796 1363 extirpandam,
826 1287 859 1343 ut
892 1280 984 1362 gladii
1019 1280 1189 1343 conflentur
1216 1281 1247 1342 in

50 1408 186 1452 vomeres
200 1395 231 1451 et
243 1391 274 1451 in
286 1391 382 1454 falces
398 1392 504 1452 lancee
520 1395 736 1452 convertantur
747 1388 785 1476 1),
802 1388 962 1471 tranquille
978 1389 1063 1468 pacis
1087 1389 1248 1450 amenitate

51 1496 86 1558 dc
104 1501 209 1559 cetero
227 1497 399 1559 reflorente.
427 1497 504 1559 Hinc
522 1497 666 1579 estquod
684 1496 908 1558 ambassatores
926 1499 1046 1557 nostros
1060 1495 1096 1556 N.
1116 1499 1146 1556 et
1158 1494 1194 1556 H.
1209 1494 1247 1579 p)

52 1604 234 1667 exhibitores
256 1604 464 1684 presencium,
492 1604 572 1666 viros
602 1603 705 1686 utique
732 1609 794 1665 tam
819 1603 1032 1684 generositatis
1061 1601 1249 1682 ingenuitate

51 1712 246 1794 spectabiles,
269 1731 358 1794 quam
380 1711 527 1773 honorum
551 1717 581 1773 et
604 1729 720 1773 morum
748 1711 942 1792 prerogativa
965 1710 1165 1790 conspicuos,
1194 1727 1251 1771 nec

52 1839 108 1881 non
125 1825 157 1881 et
173 1818 235 1881 fide
259 1824 289 1881 et
312 1819 584 1900 circumspectione
609 1818 785 1899 presignes,
816 1818 854 1882 ad
876 1821 980 1899 partes
997 1817 1093 1879 Ytalic
1112 1816 1249 1878 duximus

51 1925 282 2007 premittendos,
300 1931 334 1988 ut
351 1932 421 1989 ante
438 1927 549 1988 faeiem
566 1933 701 1989 nostram
723 1927 802 2008 viam
825 1926 977 1988 strennuis
1002 1924 1251 2006 dispositionibus
1295 1973 1296 1977 ,

50 2040 262 2114 preparantes,
280 2034 317 2096 de
335 2039 438 2096 nostro
455 2035 537 2109 felici
555 2039 586 2095 et
601 2035 710 2096 festivo
729 2035 859 2097 adventu
878 2033 971 2096 corda
988 2037 1089 2110 restra
1105 2030 1252 2094 letificent
1355 2035 1356 2038 ’

50 2147 80 2203 ct
95 2141 131 2204 de
148 2143 263 2204 nostris
280 2143 440 2206 fortunatis
459 2143 602 2224 auspiciis
619 2163 673 2205 vos
689 2142 855 2206 fecundent
868 2142 912 2227 δ).
925 2141 986 2205 Vos
1004 2141 1108 2220 igitur,
1125 2139 1156 2202 in
1174 2159 1249 2223 quos

51 2252 189 2332 proavita
219 2252 403 2315 strennuitas
431 2253 510 2315 vires
541 2258 572 2316 et
599 2251 700 2314 viriles
730 2252 845 2314 animos
867 2249 1094 2332 propagacione
1116 2247 1252 2329 gratuita

51 2358 206 2428 derivarit,
230 2360 375 2440 exurgite‚
397 2379 571 2443 quesumus,
594 2363 624 2422 et
647 2359 756 2439 erigite
779 2363 896 2420 mentes
922 2362 1039 2420 vestras
1058 2356 1096 2418 ad
1113 2361 1251 2418 oontem-

51 2464 191 2547 plandam
216 2467 335 2548 imperii
357 2469 490 2548 speeiem
514 2471 544 2528 et
567 2467 721 2538 decorem,
743 2485 808 2537 ros,
829 2467 963 2548 inquam,
981 2465 1116 2527 eiusdem
1133 2463 1251 2545 imperii

51 2575 191 2654 graciosa
225 2575 379 2655 possessio
408 2579 542 2638 vestrum
565 2574 722 2655 agnoscite
745 2593 970 2656 possessorem,
1009 2576 1042 2634 ut
1068 2592 1123 2633 rex
1149 2576 1251 2634 vester

52 2681 219 2746 rebellibus
234 2682 434 2746 formidabilis
451 2688 482 2746 et
497 2682 584 2746 robis
602 2682 744 2745 adveniat
759 2688 934 2744 mansuetus
953 2679 994 2768 e).
1012 2681 1079 2742 Dat.

141 2843 175 2912 α)
197 2845 236 2896 lm
256 2841 352 2897 Obron.
366 2843 502 2896 Francisei
516 2843 624 2915 Pippini
638 2843 680 2897 bai
692 2843 855 2897 Muratori
871 2842 1024 2912 Scriptores
1038 2842 1063 2902 9,
1077 2839 1131 2892 720
1148 2841 1174 2892 if.
1196 2841 1251 2894 und

56 2934 95 2986 bei
120 2935 347 3002 Sonkenbcrg
369 2933 478 3003 imperii
501 2935 541 2986 ius
565 2933 592 2986 in
616 2934 707 2988 Genua
729 2951 757 3004 p.
783 2932 837 2986 236
864 2931 947 2986 findet
969 2931 1027 2984 sich
1051 2929 1249 2992 (ricbrannus,

51 3022 91 3076 die
102 3024 191 3079 dieser
204 3025 309 3078 Formel
323 3041 354 3076 zu
370 3023 478 3078 Grunde
491 3025 565 3094 liegt,
579 3025 626 3077 mit
640 3025 712 3098 einer
726 3023 884 3099 Einleitung,
899 3022 942 3076 die
958 3026 1037 3074 unten
1048 3022 1104 3074 Fol.
1118 3020 1153 3072 47
1168 3019 1193 3072 d.
1206 3036 1249 3071 no.

52 3112 84 3165 12
105 3115 145 3169 als
168 3115 321 3168 basondcre
339 3113 444 3167 Formel
468 3115 581 3166 auflritt.
606 3117 662 3167 Den
683 3114 900 3167 Schlussworten
915 3112 993 3180 jener
1006 3111 1158 3181 Einleitung
1179 3111 1250 3164 siout

51 3205 142 3258 hortus
155 3206 286 3259 aeblies'st
305 3205 363 3258 sich
376 3203 446 3266 dori,
467 3205 520 3258 und
539 3205 565 3258 in
584 3212 665 3257 etwas
684 3205 855 3256 rerdnderter
870 3205 945 3256 Form
968 3203 1037 3254 auch
1055 3202 1096 3254 bei
1116 3201 1251 3254 Bodmann

51 3292 387 3364 p.123,felgenderSata
405 3311 453 3348 aa:
479 3294 599 3359 Qualiter
620 3297 708 3348 autam
726 3293 889 3363 operationis
909 3291 995 3345 divine
1008 3289 1150 3358 mysterio,
1175 3280 1249 3342 cuius

50 3385 152 3437 occulta
164 3383 275 3444 iudicia,
288 3384 427 3438 admiranti
440 3371 675 3454 voee'prophetica
689 3384 851 3453 imputantur
864 3385 982 3453 abyssus,
996 3384 1026 3432 ut
1039 3379 1248 3433 conscendamus

51 3473 82 3526 ad
101 3475 244 3547 Impar-lale
258 3474 410 3544 fastigium,
432 3491 521 3527 snmus
540 3474 590 3526 iarn
603 3473 628 3526 in
641 3474 717 3544 regni
731 3474 799 3526 solio
819 3472 941 3534 solidati,
966 3470 997 3523 ad
1011 3472 1102 3524 vestre
1120 3469 1250 3522 universi·

50 3565 109 3616 tatis
133 3565 261 3617 noticiam
286 3563 335 3616 iam
358 3564 460 3632 pridem
486 3564 599 3616 celebris
621 3565 706 3616 famae
730 3561 873 3634 praeconio
896 3577 948 3615 neu
971 3558 1125 3633 ambigimus
1147 3573 1244 3628 perre-

57 3655 131 3707 nisse.
158 3657 181 3708 Α
208 3653 277 3707 bono
299 3655 345 3708 illo
368 3655 450 3724 igitur·
473 3653 661 3724 patrefamilias
685 3660 735 3707 cte.
763 3653 818 3706 Von
841 3653 898 3704 bier
920 3670 952 3704 an
976 3651 1010 3704 ist
1033 3651 1081 3703 der
1107 3651 1177 3703 Text
1201 3649 1248 3703 bei

47 3741 185 3798 'Bodmann
210 3742 270 3797 dem
293 3745 419 3812 unsrigen
442 3742 654 3814 gleichleutend,
678 3743 747 3796 auch
769 3741 821 3794 ibm
841 3741 930 3794 feblen
949 3739 1047 3792 Nomen
1070 3740 1123 3793 und
1146 3741 1249 3792 Datum.

51 3835 181 3907 -ffllla
197 3852 290 3904 nempe
314 3840 363 3888 ete.
386 3837 440 3889 und
464 3836 506 3888 die
528 3834 671 3903 folgenden
697 3834 762 3887 nwei
787 3834 866 3886 Sdtze
894 3833 933 3885 bis
964 3831 1249 3885 subministretfeblen

51 3927 74 3978 in
91 3926 139 3980 der
156 3925 300 3987 Urbunde,
325 3924 368 3979 die
386 3925 513 3994 librigens
533 3925 601 3979 auch
620 3929 696 3979 sonst
713 3924 799 3994 einige
817 3923 1038 3992 Abweiehungen
1057 3922 1091 3975 im
1106 3919 1248 3974 Ausdruek

51 4014 235 4084 hietat-a)
257 4015 362 4084 legatos
385 4019 492 4067 nostros
514 4014 661 4073 solemnes,
694 4013 921 4084 Rodulphum,
954 4011 1247 4067 euriaenostrae
1329 4003 1332 4008 '

137 4159 172 4228 a)
188 4156 325 4226 sapiencia
338 4155 482 4209 Bodmann.
498 4184 531 4195 -
545 4155 577 4224 d)
594 4173 645 4209 non
660 4154 729 4208 fehlt
742 4153 772 4208 V.

50 4327 374 4344 fi--ffl

75 4426 96 4487 ι)
114 4428 166 4487 naj.
179 4429 202 4482 a,
216 4427 239 4471 a.
