3114 5110
312 305 391 374 278

195 535 200 542 .
311 476 398 541 nohis
422 477 539 546 existit,
567 477 682 542 habere
707 478 848 542 velimus:
878 479 956 542 iuter
980 499 1034 541 nos
1058 479 1517 566 hanctamcne)et1nome-

309 589 407 650 ratum
423 604 526 666 regom
543 584 734 656 Castelle‚
751 586 801 669 qui
818 587 897 652 sorte
913 587 1109 668 quorundam,
1125 586 1327 656 verisimiliter
1343 589 1516 660 ordinans,

310 711 368 773 que
396 712 467 764 sua,
496 711 556 756 non
584 712 642 775 quc
667 693 802 765 raiatia
833 699 920 763 sunt,
949 693 1143 775 qnoreucium
1170 695 1427 775 persuasionibus
1458 716 1519 770 aa·

311 800 488 880 quiescens,
521 805 627 865 contra
655 820 709 864 nos
733 801 923 868 occasionem
947 800 1164 867 discordiarum
1186 801 1304 872 videtur
1336 805 1516 885 exquirere,

311 906 437 972 stabiliri
465 905 591 971 solidius
619 915 702 972 tanto
731 909 958 977 desiderancius
990 909 1176 991 appetimus,
1208 915 1318 992 quanto
1346 910 1517 980 intensiori

309 1014 368 1082 boe
383 1020 485 1082 vestra
500 1016 665 1097 paternitas
682 1016 857 1088 desiderare
884 1017 1002 1088 ridetur
1029 1016 1149 1086 atiectu.
1183 1017 1248 1085 Nec
1270 1023 1311 1104 b)
1339 1019 1518 1092 ducatus

314 1123 473 1194 Suesia,
505 1142 594 1205 quem
617 1123 765 1192 residem
792 1124 831 1190 ad
852 1145 886 1188 se
915 1144 951 1186 cx
979 1124 1174 1198 successione
1202 1130 1336 1196 materna
1363 1132 1518 1207 spretura

309 1230 421 1296 asserit
448 1231 493 1318 ¹),
531 1231 589 1313 ipsi
620 1233 700 1298 iuste
733 1233 947 1298 commocionis
979 1239 1085 1311 contra
1116 1254 1172 1299 nos
1203 1234 1359 1306 materiam
1391 1235 1516 1316 poterit

309 1341 488 1409 ministrare.
523 1340 595 1404 Cum
624 1339 702 1405 euim
730 1361 765 1402 ex
789 1341 941 1406 commissi
963 1341 1051 1406 uobis
1074 1343 1232 1423 regiminis
1254 1341 1357 1414 debito
1380 1344 1516 1414 afiorum
1554 1333 1556 1340 ’

309 1455 467 1511 teneamur
492 1448 617 1510 iniurias
645 1449 831 1530 propellere,
860 1450 1007 1531 monsedo
1036 1470 1095 1512 non
1119 1469 1256 1512 essemus
1280 1451 1379 1536 parati
1396 1471 1415 1514 a
1431 1452 1517 1526 tanti

308 1556 454 1655 principis
483 1555 599 1618 iniuriis
628 1555 801 1629 abstinere?
838 1557 872 1621 si
900 1557 1021 1639 quidem
1052 1558 1132 1620 idem
1160 1558 1287 1620 ducatus
1318 1559 1357 1621 od
1389 1580 1448 1630 nos
1484 1564 1516 1621 ct

309 1663 466 1744 imperium
483 1683 542 1725 non
565 1667 734 1752 spectaret,
762 1665 787 1728 si
811 1685 868 1727 non
890 1665 935 1728 rei
959 1664 1057 1734 aliene
1074 1665 1298 1744 conscienciam
1314 1664 1519 1754 haberemus⁴

309 1791 415 1846 revera
430 1771 490 1852 ipsi
512 1770 596 1852 regi,
625 1771 720 1834 eciam
742 1791 802 1838 non
823 1770 963 1852 instanti,
991 1773 1120 1846 eundern
1136 1773 1301 1851 liberaliter
1317 1772 1514 1852 offerremus.

311 1879 345 1942 si
370 1883 470 1941 tamen
490 1900 543 1942 rex
566 1880 740 1962 sepedictus
756 1881 788 1941 in
805 1881 912 1943 eodem
929 1880 1040 1944 ducatu
1054 1881 1101 1942 ius
1118 1881 1238 1963 aliquod
1255 1881 1314 1944 sibi
1332 1889 1518 1963 competere

309 1985 513 2048 uerisimiliter
538 1987 704 2067 putaverit,
734 1987 814 2070 quod
842 2007 900 2049 non
929 1987 1097 2059 eredimus,
1127 1993 1157 2050 et
1183 1989 1281 2069 parati
1306 1989 1420 2052 erimus
1444 1991 1519 2053 sine

213 2122 219 2144 ι
310 2093 485 2170 difficultate
517 2094 650 2180 qualibet
681 2094 821 2157 exhibere
854 2095 928 2168 sibi,
972 2095 1052 2179 quod
1093 2095 1166 2157 ordo
1197 2097 1331 2178 postulat
1362 2099 1514 2174 racionis.

310 2203 500 2285 Quapropter
515 2207 601 2283 pater
615 2204 781 2266 reverende
799 2223 907 2266 causas
922 2186 1123 2268 racionabiles
1147 2210 1177 2268 et
1199 2205 1374 2286 legittimus,
1399 2229 1515 2301 supra·
1545 2187 1550 2198 ⁸

309 2313 390 2374 dicto
404 2309 505 2373 abbati
523 2309 684 2391 expositas,
701 2312 869 2393 peripsum
887 2317 918 2374 et
929 2311 1024 2375 virum
1040 2312 1256 2383 honorabilem,
1274 2315 1398 2376 fratrem
1416 2315 1457 2379 N.
1471 2317 1516 2402 ε),

309 2419 409 2481 cordis
432 2417 528 2480 nostri
551 2420 764 2490 secretarium,
793 2417 978 2484 sufficienter
1000 2419 1038 2482 de
1061 2420 1289 2483 condicionibus
1316 2428 1347 2484 et
1374 2423 1514 2495 iuribus,

312 2525 401 2588 nobis
420 2526 532 2606 inipso
550 2525 660 2588 ducatu
684 2528 833 2601 Swovie
863 2527 1119 2610 competentibus,
1151 2529 1344 2601 informatos,
1375 2550 1445 2593 mox
1477 2535 1517 2595 ad

316 2633 512 2697 beatitudinis
536 2640 637 2698 vestre
658 2635 752 2716 pedes
776 2635 931 2717 dirigimus
953 2636 1126 2718 paternitati
1149 2643 1249 2700 vestre
1270 2638 1389 2719 planius
1413 2642 1519 2722 expri-

314 2741 448 2804 mendas.

887 2985 949 3055 67.

730 3142 894 3224 lmperator
909 3143 1089 3223 patriarcba.

823 3347 824 3350 i
852 3275 970 3366 clarae

316 3406 403 3512 Kdmb
415 3441 520 3510 liudolf
535 3441 643 3511 fordere
658 3444 715 3506 ,den
728 3441 905 3499 cabaretum
917 3443 1052 3528 boimond
1067 3461 1117 3500 von
1129 3445 1255 3515 Aquitejn
1273 3443 1339 3514 usos,
1360 3445 1416 3498 itm
1427 3464 1515 3517 pepon

318 3531 391 3588 aciae
419 3531 519 3586 Feindc
546 3531 677 3586 Beietcad
701 3551 734 3586 ao
761 3533 858 3588 lcieeeo
882 3533 937 3587 und
961 3530 1113 3603 verapricdt
1145 3532 1200 3587 ciem
1225 3533 1309 3604 &feto
1340 3534 1413 3588 uocis
1437 3535 1514 3601 aeine

811 3624 1018 3693 Ueterettttcunp.

408 3763 532 3846 Quantis
555 3765 751 3848 qualibusque
774 3765 1003 3831 tribulacionum
1020 3767 1134 3829 malleis
1152 3788 1190 3829 ex
1206 3767 1328 3832 delectu
1360 3767 1511 3848 imperiali

318 3873 393 3936 solio
414 3872 595 3955 presidentis
612 3873 723 3936 Christi
745 3873 873 3954 populus
896 3873 926 3935 in
943 3873 1175 3938 subculcacione
1192 3873 1404 3936 ecclesiastice
1420 3875 1512 3937 liber·

410 4035 442 4105 o)
457 4033 525 4087 hanc
538 4041 626 4088 tamen
639 4049 680 4086 am
693 4033 783 4091 Raude
799 4033 828 4086 V.
845 4062 875 4072 —
891 4034 922 4101 b)
937 4036 966 4086 ut
980 4032 1007 4087 V.

318 4212 642 4226 ι-ι--ι-ι-ψςο--α-υ-

346 4321 368 4380 ¹)
388 4324 412 4367 S.
426 4323 523 4379 oben-p.
538 4323 593 4375 113,
606 4323 669 4366 dnm.
686 4325 706 4366 l.

345 4403 367 4463 ²)
386 4403 487 4449 Gerbert
507 4403 553 4446 und
575 4403 688 4461 llerrgott
710 4402 853 4458 Genealogin
874 4401 897 4453 2,
917 4401 940 4452 2,
962 4397 1016 4452 tal,
1044 4398 1118 4444 haben
1145 4401 1169 4443 H.
1204 4401 1313 4462 Gemeiut
1335 4401 1367 4444 ist
1379 4403 1440 4446 cline
1454 4405 1511 4447 allen

384 4482 480 4528 chilel
492 4475 602 4527 Heinrich
617 4496 660 4526 von
674 4483 735 4538 lsoy,
749 4482 866 4526 uachmals
879 4480 976 4524 Bisehol'
986 4494 1029 4523 von
1044 4480 1118 4523 Basel.
