3112 5118
1184 340 1257 411 201

67 515 151 578 bonis
185 517 313 578 aliorum
344 515 435 577 vitam
468 516 629 588 duxerunt,
662 537 749 580 versu
780 505 848 578 vice
880 515 939 577 sibi
970 517 1039 596 post
1068 512 1148 576 bona
1177 513 1263 575 malis
1321 515 1322 518 ’

69 623 303 685 succedentibus
334 622 524 694 desolentur,
553 623 734 705 dignitates,
761 627 941 705 personatus
965 626 996 684 et
1010 619 1175 691 beneficia,
1204 637 1262 700 que

67 730 232 802 habebant,
256 729 321 792 aliis
337 731 368 793 in
384 730 550 793 devocione
572 731 805 813 persistentibus
841 729 1029 792 decrevimus
1045 727 1140 812 libere
1157 727 1263 789 coule-

67 839 173 902 rende.

158 999 216 1052 Der
228 997 303 1050 Briel
318 999 386 1050 liano
404 1013 453 1050 rou
468 998 573 1067 Gregor
592 997 635 1050 lli.
654 996 721 1050 oder
740 997 808 1050 auch
827 1013 877 1050 von
894 995 1024 1049 innocens
1043 992 1084 1046 IV.
1103 993 1263 1055 herrirbrsm

72 1087 115 1139 ich
142 1087 243 1156 glaube
268 1086 313 1138 ihu
338 1085 398 1140 dem
423 1086 570 1139 Letnteren·
591 1085 767 1141 nuaobreiben
793 1104 825 1139 eu
851 1091 964 1139 missen.
1003 1084 1096 1136 Kaisar
1128 1083 1264 1137 Friedrich

67 1175 342 1230 vororunetnemlieh
355 1191 442 1242 gagen
455 1175 528 1228 Euda
550 1173 634 1228 1247:
660 1174 731 1245 quod
753 1175 907 1244 quicunque
929 1173 1043 1227 clericus
1063 1174 1105 1228 vel
1118 1173 1264 1242 religiosus

68 1265 100 1317 ad
121 1266 223 1336 papale
240 1282 288 1319 seu
311 1265 416 1335 papalis
441 1265 525 1334 legati
548 1263 698 1318 mandatum
721 1264 828 1335 publice
851 1264 943 1317 forsan
966 1262 1103 1315 obmiserit
1126 1262 1264 1315 missarum

68 1356 199 1409 solemnia
213 1371 261 1406 seu
275 1355 324 1408 alia
339 1353 426 1408 divine
440 1354 530 1408 officia
544 1355 694 1418 celebrare,
715 1358 744 1406 et
758 1352 942 1407 ecclesiastiea
956 1357 1121 1405 sacramenta
1135 1351 1259 1404 fidelibus

68 1444 218 1514 propinare
239 1444 389 1514 negaverit,
414 1443 447 1496 de
467 1443 575 1497 civitate
594 1443 636 1496 vel
659 1445 733 1505 loco,
757 1445 832 1496 cuius
856 1443 941 1496 incola
962 1442 1123 1512 reperietur,
1147 1439 1257 1503 eiectus,

67 1535 123 1587 auis
150 1534 228 1587 bonis
254 1535 373 1587 omnibus
399 1533 627 1603 patrimonialibus
654 1537 681 1586 et
706 1533 912 1593 ecelesiasticis,
944 1535 973 1584 ut
1005 1547 1099 1600 penam
1124 1530 1158 1582 de
1184 1532 1261 1582 tauta

66 1624 222 1677 temeritate
236 1623 332 1675 tulisse
347 1640 376 1676 se
391 1622 495 1684 doleat,
518 1623 657 1692 spolietur.
684 1621 919 1674 Huill.-Brdholles
932 1620 958 1680 a,
972 1621 1033 1674 581.
1048 1621 1163 1673 Roumer
1175 1617 1202 1680 4,
1217 1619 1261 1670 311.

65 1712 136 1780 (dul
146 1712 240 1766 diesen
253 1712 329 1766 Briel'
337 1713 428 1766 uimmt
441 1712 547 1778 Gregor
560 1713 602 1765 111.
616 1712 642 1764 iu
657 1711 757 1764 seiuem
771 1712 918 1764 Schreibeu
933 1726 965 1762 an
979 1709 1021 1763 die
1035 1708 1262 1763 Kirchensiusteu

67 1800 271 1856 Deutscblauds
293 1819 353 1855 vom
377 1801 419 1854 18.
433 1801 518 1870 ¹April
543 1799 615 1853 1248
638 1799 672 1852 11.
696 1801 751 1852 614
773 1817 832 1870 squ.
852 1797 964 1868 Bezug.)
993 1799 1131 1851 Eatweder
1153 1797 1189 1850 iat
1213 1814 1265 1850 nun

65 1908 151 1945 unser
163 1890 240 1942 Brief
262 1890 321 1944 eine
345 1887 430 1944 durch
453 1890 499 1943 die
521 1888 875 1959 kaiserlicbeVerordnuug
896 1889 1033 1942 vonEude
1057 1887 1128 1940 1247
1152 1887 1264 1940 hervor-

65 1979 198 2047 geruiene
213 1979 396 2048 Repressalie‚
421 1979 490 2032 daun
509 1979 599 2032 wiirde
619 1996 649 2032 er
666 1978 691 2032 iu
705 1979 753 2032 das
766 1979 832 2032 Jahr
845 1977 918 2031 1248
939 1979 1074 2047 gehdran‚
1098 1977 1162 2030 oder
1176 1993 1204 2028 er
1219 1976 1265 2028 bat

62 2070 128 2139 jene
149 2067 312 2121 kaiserlicbc
329 2068 501 2139 Verordnung
520 2069 677 2130 reranlasst,
701 2068 769 2122 daun
783 2067 874 2122 wdrde
895 2085 925 2121 er·
945 2067 969 2119 iu
989 2066 1037 2119 das
1055 2066 1121 2120 Jalu·
1141 2063 1212 2117 1241
1233 2079 1265 2114 au

66 2157 240 2212 setneuseiu.

549 2460 550 2463 ’
646 2455 710 2526 52».

411 2633 490 2713 laps
505 2631 731 2714 archiepiscopo
747 2630 923 2694 boloniensi.

448 2786 527 2842 1266.
542 2787 701 2857 September
714 2785 757 2840 18.
770 2787 894 2842 Viterbii.

64 2950 187 3003 Clemens
208 2949 226 3000 I
230 2950 257 3001 V.
280 2956 365 3002 werel
386 2950 437 3003 den
459 2946 620 3017 Erebisodof
636 2965 686 3002 oon
711 2949 775 3002 cote
797 2966 845 3002 oor
867 2951 916 3003 der
943 2948 1109 3004 Tbeilnabme
1132 2967 1167 3003 an
1190 2949 1264 3003 einer
1324 3000 1329 3008 ,

61 3037 242 3110 Koniqewabl
256 3037 403 3092 conracius
416 3039 472 3092 und
483 3037 586 3110 apricbt
597 3038 643 3092 die
655 3039 918 3094 Exoommueication
936 3057 986 3094 auo
1003 3057 1087 3112 peperi
1105 3039 1264 3110 diejeoiyen,

516 3127 615 3182 welche
627 3127 732 3182 aolclrea
744 3127 819 3182 idun.

160 3271 303 3334 Boehmer,
316 3271 381 3342 Reg.
397 3272 428 3324 ab
443 3288 465 3323 a.
481 3269 560 3324 1246.
574 3270 656 3324 Addit
669 3271 689 3324 1.
702 3271 768 3340 Reg.
783 3271 864 3326 Clem.
878 3271 930 3334 lv,
944 3289 987 3326 uo.
1002 3271 1064 3324 844.

155 3433 295 3496 Fundata
323 3434 428 3497 domus
456 3433 575 3497 Domini
604 3453 696 3515 super
722 3433 873 3497 immobile
902 3433 1137 3504 firmamentum,
1169 3452 1261 3514 super

62 3541 147 3622 quod
164 3541 333 3603 secuudum
349 3542 515 3624 apostolum
531 3541 610 3603 aliud
626 3560 739 3622 ponere
756 3562 843 3604 nemo
866 3546 968 3623 potest
988 3541 1034 3628 ¹),
1063 3561 1080 3602 a
1098 3541 1264 3621 columpnis

59 3648 243 3718 stabilibus,
276 3648 331 3710 sub
364 3648 483 3710 decenti
515 3647 623 3710 locatis
655 3648 777 3718 ordine,
808 3648 1062 3729 pulchritudinem
1094 3647 1204 3728 recipit
1232 3652 1263 3710 et

61 3756 220 3818 decorem.
252 3755 383 3836 Quarum
398 3755 522 3836 implent
538 3753 687 3825 oliicium,
716 3756 784 3838 qui,
812 3756 843 3817 in
859 3755 1039 3836 prelacionis
1057 3755 1265 3818 ecclesiastice

60 3863 269 3926 ministerium
297 3862 460 3944 assumpti,
490 3862 645 3943 spirituale
675 3864 826 3926 sustinent
854 3862 1005 3926 edificium
1034 3867 1064 3925 et
1094 3869 1264 3928 venustent.

59 3973 144 4035 luter
156 3972 215 4033 hos
230 3990 315 4041 saue,
333 3975 443 4053 quanto
457 3971 488 4032 in
501 3969 617 4033 credita
629 3969 684 4033 tibi
702 3971 833 4033 ecclesia
844 3971 944 4034 locum
961 3971 1078 4034 obtines
1089 3972 1265 4042 celsiorem,

62 4085 180 4162 quanto
198 4077 317 4159 pondus
335 4081 486 4140 structure
504 4076 636 4140 sustines
654 4079 824 4159 amplioris,
843 4083 927 4142 tanto
944 4084 974 4142 te
991 4079 1081 4142 decet
1099 4080 1265 4161 quantitate

61 4189 171 4252 maiori
196 4185 228 4246 in
251 4183 389 4248 omnibus
416 4190 447 4247 et
468 4203 524 4266 per
546 4186 645 4246 omnia
668 4184 812 4258 stabiliri,
841 4192 875 4250 ut
896 4207 952 4250 uec
975 4193 1064 4250 nutes
1089 4207 1144 4250 uec
1162 4188 1265 4252 devies

62 4317 80 4357 a
96 4293 286 4358 rectitudine
303 4292 347 4354 tui
364 4295 460 4354 status
477 4311 525 4362 ue,
543 4291 675 4374 dilapsus
691 4291 722 4355 in
738 4300 853 4374 partem
867 4295 1001 4366 alteram,
1019 4313 1054 4356 eo
1066 4295 1264 4376 periculosius

64 4432 86 4442 .-
95 4435 158 4442 -,,..-
162 4433 268 4440 Μ..-
272 4429 396 4439 ...ιαμ-...-

92 4512 116 4568 ¹)
134 4511 168 4554 Ad
188 4507 320 4554 Corinthos
338 4507 362 4559 3,
383 4507 419 4550 11.
441 4509 478 4552 12.
