3108 5118
283 311 361 384 322

284 485 394 551 auxilio
423 492 455 551 et
481 483 620 550 fidelibus
645 487 757 550 nostris
786 489 816 549 et
843 483 1013 550 fautoribus
1041 483 1072 548 in
1100 485 1210 548 vestris
1235 481 1423 550 districtibus
1438 485 1472 574 α)

282 593 388 659 efficax
416 595 554 677 oportuni
581 594 741 676 patrocinii
769 593 957 678 pretendatis
985 592 1192 658 umbraculum
1217 599 1248 658 et
1271 592 1414 658 solaciosi
1436 593 1472 679 a)

282 703 404 768 consilii
420 703 639 777 fulcimentum,
654 709 745 786 prout
760 703 862 768 dilecti
878 701 982 766 fideles
1000 703 1096 767 nostri
1112 701 1149 766 N.
1168 709 1199 766 et
1214 701 1252 767 N.
1271 702 1473 768 celsitudinem

280 813 398 897 regiam
415 811 554 877 duxerint
569 811 788 877 informandam
805 811 855 900 β).

371 977 563 1047 llcgtncungea
590 992 638 1031 aus
664 975 779 1031 Gerbert
803 993 830 1048 p.
858 974 918 1028 itt.
940 1006 973 1016 -
994 973 1028 1047 α)
1055 974 1097 1029 loir
1122 975 1148 1027 in
1175 975 1270 1030 vestris
1297 974 1471 1032 districtibus:

279 1066 306 1122 in
320 1065 428 1140 styriae
442 1083 474 1122 ac
487 1067 612 1121 Austriae
626 1066 774 1120 ducatibus.
783 1095 815 1104 -
823 1061 857 1136 β)
871 1067 927 1120 Nos
940 1065 1007 1118 enim
1021 1065 1047 1118 in
1060 1063 1167 1120 civitate
1180 1068 1271 1120 nostra
1283 1065 1470 1129 Viennensi,

279 1160 373 1227 utpote
385 1156 443 1224 regi
456 1157 595 1210 bohemiae
608 1156 781 1220 contermino,
795 1172 896 1211 moram
909 1156 999 1210 utilem
1009 1155 1059 1209 ista
1073 1154 1129 1210 viee
1143 1155 1332 1219 contrabimus,
1347 1161 1378 1212 ut
1396 1158 1418 1210 si
1431 1174 1471 1214 rex

277 1248 434 1320 praedictus
457 1247 610 1302 temerarios
633 1246 748 1319 impetus
768 1263 879 1318 gressus
896 1247 936 1302 sui
960 1244 987 1299 in
1007 1246 1167 1300 attritionem
1190 1247 1309 1319 ipsorum
1323 1251 1468 1302 nostrorum

278 1339 393 1396 fidelium
406 1338 477 1395 forte
497 1338 639 1401 direxerit,
660 1339 747 1411 ipsum
766 1355 782 1392 a
801 1341 879 1408 tergo
898 1338 1010 1393 viriliter
1028 1338 1216 1410 insequentes,
1241 1338 1353 1394 eundem
1376 1356 1470 1411 regern,

278 1428 424 1503 praedictis
442 1428 563 1484 fidelibus
583 1429 681 1483 nostris
699 1429 816 1493 illaesis,
840 1429 948 1484 allidere
967 1429 1105 1484 valeamus.
1132 1431 1186 1483 Vos
1205 1429 1295 1500 itaque
1315 1447 1470 1502 quaesumus

280 1522 356 1577 nobis
370 1537 430 1574 cum
450 1520 621 1575 festinatione
644 1519 798 1584 rescribite,
829 1519 893 1591 quid
916 1536 997 1590 super
1020 1519 1173 1591 praemissis
1194 1521 1220 1574 in
1234 1527 1325 1577 restro
1338 1521 1471 1593 proposito

283 1611 386 1684 geritur
399 1614 426 1666 et
438 1610 463 1664 iu
476 1609 643 1680 beneplacito
657 1611 815 1665 continetur.

369 1701 418 1758 Die
431 1701 692 1770 ErwibnungWiens
705 1702 758 1756 und
773 1701 820 1757 dec
831 1701 930 1773 lldnigs
944 1701 1116 1757 voanbmcn
1129 1703 1220 1756 maeht
1233 1720 1262 1757 es
1273 1703 1471 1765 unuweiselbatt

279 1797 342 1852 dass
365 1793 502 1849 derBricl
521 1808 570 1846 rou
584 1793 613 1846 Κ.
627 1792 727 1846 liudolf
746 1793 880 1856 herrdhrt,
894 1793 947 1848 und
970 1793 1002 1848 da
1025 1809 1055 1846 er
1077 1809 1109 1846 aa
1131 1792 1207 1848 einen
1227 1793 1315 1864 Kdnig
1337 1795 1467 1864 geriebtet

276 1887 327 1951 ist,
350 1903 380 1940 so
404 1885 470 1937 bonu
494 1882 541 1938 dac
562 1898 612 1936 nur
636 1883 729 1938 derll.
743 1883 884 1941 Ladislaus
908 1901 958 1938 voa
972 1883 1078 1954 Ungarn
1101 1881 1165 1938 sein.
1193 1885 1229 1938 So
1253 1884 1388 1940 bericbtet
1408 1885 1469 1938 anob

277 1979 373 2034 Chron.
388 1975 471 2030 Colm.
497 1975 530 2027 ld.
545 1973 577 2028 G.
597 1973 646 2028 SS.
673 1972 717 2037 17,
743 1974 811 2028 219ι
838 1976 910 2029 Haec
936 1975 1046 2030 audiens
1072 1992 1119 2028 rex
1144 1975 1320 2030 Romanorum
1345 1976 1472 2031 mandarit

275 2068 440 2141 principibus
466 2064 535 2128 suis,
562 2066 620 2135 regi
647 2064 751 2119 scilicet
772 2065 914 2136 Ungeriae,
941 2065 1002 2121 duci
1030 2066 1160 2120 Saxoniae
1179 2105 1186 2119 .
1208 2105 1214 2116 .
1235 2104 1242 2118 .
1263 2065 1392 2136 quatinus
1416 2083 1468 2120 curn

276 2160 397 2215 omnibus
420 2157 529 2212 armatis
552 2155 648 2226 quibus
672 2160 783 2226 possent
804 2155 829 2209 in
849 2155 1007 2211 adiutorium
1036 2155 1084 2210 eibi
1103 2156 1190 2211 subito
1210 2157 1390 2227 pervenirent.
1411 2197 1417 2211 .
1436 2196 1464 2211 ..

276 2253 331 2307 llex
339 2249 472 2322 Ungariae
482 2263 570 2319 regem
581 2245 749 2317 liudolpbum
761 2248 909 2303 clementer
919 2247 1060 2311 exaudivit,
1072 2246 1140 2302 etad
1151 2245 1468 2302 civitatemWiennensen

278 2360 337 2398 curn
351 2338 552 2413 quatuordecim
565 2337 678 2394 millibus
693 2339 828 2393 hominum
843 2339 915 2393 venit
928 2339 960 2392 ed
975 2340 1105 2410 proelium
1119 2338 1295 2410 praeparatis.

849 2529 911 2598 23.

656 2705 739 2772 dives
756 2706 787 2771 u.
804 2707 1001 2771 ltomcnoruru
1017 2709 1091 2787 regi.

834 2866 914 2920 1273.

274 3008 341 3065 ffice
362 3007 636 3065 rec'cbauamittctdcre
659 3010 740 3064 stadt
760 3010 868 3080 deceupt
889 3010 947 3063 dem
970 3009 1072 3080 Kdnipe
1085 3009 1189 3079 liudolf
1207 3008 1266 3064 ilice
1279 3013 1389 3067 Frende
1410 3010 1469 3064 citer

568 3100 665 3153 duacen
677 3097 817 3170 Erbcdunp
830 3117 878 3154 zur
890 3098 1059 3171 ltdniplictrcn
1079 3101 1186 3156 Warce.

369 3243 448 3298 Gerb.
468 3242 492 3306 1,
508 3241 551 3296 tl.

366 3389 433 3454 Non
459 3396 506 3453 est
530 3391 636 3453 mirum
660 3390 686 3450 ei
711 3389 749 3451 de
774 3394 874 3452 vestra
891 3390 1086 3472 promocione
1098 3390 1208 3453 damus
1225 3390 1355 3454 Domino
1373 3392 1467 3454 inces-

279 3503 384 3563 santer
399 3497 525 3581 gloriam
543 3503 574 3562 et
589 3499 746 3569 honorem,
771 3517 838 3560 cum
863 3497 929 3579 ipse
955 3498 992 3561 de
1008 3499 1121 3562 talento
1138 3518 1192 3562 suo
1208 3499 1296 3562 vobis
1315 3498 1468 3563 contulerit

275 3609 480 3689 margaritam.
499 3607 564 3670 Nec
578 3608 642 3671 sine
655 3608 778 3671 racione
791 3606 873 3671 cedit
885 3606 972 3670 nobis
986 3607 1044 3670 lroe
1057 3608 1095 3671 ad
1111 3607 1267 3671 materiam
1284 3608 1466 3689 gaudiomm,

278 3735 347 3780 cum
375 3715 519 3780 Dominus
547 3722 667 3789 noster,
700 3715 938 3780 misericorditer
966 3716 1077 3780 nostris
1109 3715 1273 3800 providens
1304 3716 1467 3786 desideriis,

274 3844 401 3889 excussa
417 3823 568 3906 rubigine,
593 3824 630 3887 de
647 3831 774 3906 argento
792 3822 879 3888 nobis
898 3825 1057 3888 contulerit
1072 3845 1125 3887 vas
1141 3825 1350 3907 purissimum,
1373 3831 1466 3889 nostre

273 3932 458 4016 captivitatis
471 3930 623 4005 fiduciam,
636 3937 667 3996 et
679 3934 774 3997 nostri
788 3933 955 3998 exterminii
967 3935 1198 4015 redemptorem.
1216 3933 1466 4018 Nampriusquanr

274 4048 392 4107 montes
420 4040 528 4107 flerent
556 4046 607 4107 aut
634 4044 818 4108 formaretur
844 4050 926 4109 terre
955 4049 986 4108 et
1014 4042 1114 4117 orbis,
1143 4064 1160 4106 a
1189 4045 1293 4108 seculo
1321 4044 1464 4128 primitivo

273 4151 513 4235 predestinatum
530 4151 587 4214 tuit
604 4143 635 4215 et
657 4152 893 4234 preordinatum,
918 4152 1031 4217 debere
1047 4171 1102 4215 vos
1126 4152 1158 4215 in
1175 4151 1282 4215 throno
1307 4151 1463 4236 imperialis

272 4260 461 4326 celsitudinis
489 4261 635 4325 residere.
668 4263 744 4326 Ante
773 4263 858 4328 cuius
886 4261 1026 4327 thronum
1055 4259 1202 4326 naturalia
1226 4267 1258 4326 et
1281 4262 1381 4327 ciuilia
1403 4264 1461 4327 iura

270 4371 466 4445 tremiscunt,
497 4371 646 4435 librantur
676 4371 795 4445 audita,
828 4371 1021 4436 consciencie
1052 4369 1240 4445 revelantur,
1273 4371 1459 4460 impudicicia

365 4516 398 4588 a)
415 4515 539 4572 salaciosi
552 4517 583 4572 V.
