3168 5124
313 335 337 405 2

300 551 457 614 metricum
485 557 516 614 et
538 550 725 622 rithmicum;
753 551 903 613 invenitur
925 549 1015 614 etiam
1033 548 1073 636 α)
1090 549 1407 632 prosaicometricum,
1425 549 1509 633 quod

301 667 421 724 constat
447 681 484 722 er
510 660 614 723 metris
644 667 674 724 et
696 681 805 741 prosa,
829 667 862 723 ut
886 659 1036 723 dictamen
1057 660 1154 724 boetii
1169 661 1201 723 in
1217 659 1408 744 quibusdam.
1444 659 1508 723 Sed

303 769 444 833 obmissis
460 769 526 832 aliis
543 769 581 832 de
599 771 662 833 solo
679 771 818 852 prosaico
835 770 998 833 rideamus.

389 879 475 944 Unde
507 879 663 943 sciendum
694 880 775 963 quod
806 879 973 951 dictamen,
999 879 1144 961 epistola,
1171 877 1297 952 lrartba,
1325 878 1362 965 l)
1390 878 1505 950 littere,

299 997 443 1074 quantum
465 990 504 1053 ad
526 1010 653 1072 presens
669 990 862 1070 opusculum,
885 1009 977 1053 unum
992 995 1063 1052 suut
1078 995 1110 1051 et
1125 989 1303 1071 synonimis,
1327 995 1359 1051 et
1373 989 1505 1051 alterum

299 1119 354 1182 pro
377 1100 471 1162 altero
500 1098 707 1163 indifferenter
726 1099 855 1180 ponitur.
888 1099 1023 1180 Epistola
1046 1098 1139 1180 igitur
1165 1106 1213 1162 est
1238 1097 1357 1161 libellus
1386 1096 1507 1160 absenti
1579 1065 1581 1160 i

299 1210 346 1272 rel
363 1209 539 1273 absentibus
556 1208 733 1272 destinatus.
764 1209 819 1271 llst
834 1215 935 1272 autem
949 1229 985 1271 ex
1001 1209 1092 1272 certis
1110 1209 1211 1272 causis
1227 1208 1349 1271 inventa
1364 1207 1506 1288 epistola,

302 1324 336 1384 ut
358 1339 451 1400 supra
473 1318 710 1381 demonstratum
739 1324 796 1380 est
829 1318 933 1380 Partes
963 1317 1089 1401 epistole
1124 1317 1255 1401 quinque
1278 1322 1348 1380 sunt
1369 1317 1506 1388 scilicet,

299 1431 466 1505 salutatio,
482 1429 650 1494 exordium
666 1429 734 1492 eive
748 1428 968 1493 benevoleatie
983 1429 1155 1515 captatio,¹
1167 1428 1325 1498 πανταέὶο,
1341 1427 1458 1514 petitio
1475 1432 1508 1490 et

211 1603 213 1610 ,
300 1540 468 1605 concludio.
504 1537 550 1600 Ad
572 1537 724 1600 minimum
740 1535 780 1622 ο)
797 1536 835 1598 dc
863 1536 921 1598 biis
943 1537 1076 1620 quinque
1097 1536 1234 1619 partibus
1261 1535 1402 1618 ponende
1431 1542 1503 1599 sunt

300 1647 359 1711 due
387 1649 418 1709 in
446 1647 526 1710 omni
554 1647 697 1730 epistola:
722 1647 860 1710 salutatio
888 1667 956 1711 curn
978 1649 1165 1720 narratione,
1192 1648 1240 1711 vel
1267 1645 1406 1710 salutatio
1436 1665 1506 1710 cum

300 1757 445 1839 petitione
461 1756 513 1844 d).
529 1757 627 1820 Primo
644 1775 717 1838 ergo
735 1756 773 1819 de
790 1757 969 1820 salutatione
985 1757 1150 1822 videamus.

391 1867 552 1934 Salutotio
574 1872 623 1930 cst
644 1865 749 1930 salutis
771 1866 891 1950 adoptio
913 1867 997 1948 largo
1021 1874 1139 1950 sumpto
1155 1867 1321 1939 vocabulo,
1349 1867 1504 1950 quoniam,

297 1976 371 2040 licet
397 1976 536 2040 salutatio
565 1995 624 2038 non
651 1995 773 2058 semper
794 1976 921 2040 salutem
943 1977 974 2038 in
997 1998 1031 2040 se
1053 1977 1224 2048 contineat,
1247 1982 1282 2041 ut
1302 1976 1374 2040 dum
1398 1975 1507 2040 scribit

296 2085 435 2150 inimicus
462 2086 599 2158 inimico,
627 2092 728 2149 tamen
756 2086 894 2150 salutatio
924 2089 973 2150 est
1000 2087 1128 2150 dicenda
1150 2087 1280 2170 quodam
1301 2086 1412 2158 modo,
1436 2086 1507 2151 dum

298 2195 438 2258 inimicus
461 2194 622 2278 alloquitur
642 2194 804 2258 inimicum.
837 2193 1008 2260 Notandum
1029 2202 1129 2260 autem
1145 2195 1226 2280 quod
1242 2196 1273 2260 in
1294 2197 1375 2260 omni
1391 2197 1508 2260 saluta-

300 2305 382 2368 tione
410 2303 536 2368 rerbum
563 2309 700 2376 tacetur,
728 2305 775 2366 vel
796 2309 922 2387 propter
941 2304 1064 2369 nimium
1085 2305 1227 2370 affectum
1249 2306 1430 2380 scribentis,
1459 2307 1505 2370 rel

297 2419 423 2496 propter
444 2414 657 2486 curialitatem,
685 2413 727 2476 ita
748 2420 850 2478 tamen
871 2419 904 2479 ut
921 2413 1040 2498 aliquod
1062 2415 1188 2481 istorum
1206 2417 1366 2485 verborum
1383 2437 1506 2500 semper

297 2523 553 2606 subintelligatur:
583 2528 683 2605 optat,
717 2523 839 2585 mandat
870 2524 916 2586 vel
948 2524 1038 2588 mittit
1069 2531 1100 2587 et
1133 2531 1237 2590 cetera
1268 2526 1386 2590 similia.
1410 2565 1457 2576 -
1472 2527 1505 2590 ln

297 2633 476 2698 salutatione
499 2634 557 2696 ista
579 2637 650 2696 sunt
672 2632 906 2696 consideranda:
938 2653 996 2716 que
1025 2635 1065 2696 sit
1091 2655 1223 2717 persona
1250 2636 1415 2709 mittentis,
1445 2658 1504 2721 que

297 2743 489 2824 recipientis»,
512 2742 651 2826 quoniam
672 2742 811 2805 salutatio
835 2761 894 2803 non
910 2741 1035 2805 debota
1051 2743 1110 2808 situ
1132 2745 1179 2807 vel
1195 2765 1214 2808 a
1230 2745 1377 2827 dignitate
1394 2768 1505 2829 perso-

297 2872 402 2916 narum
419 2852 605 2934 discrepare,
622 2852 678 2914 sed
694 2851 787 2914 debet
803 2851 927 2914 cuilibet
941 2871 1071 2933 persone
1087 2852 1219 2918 additam
1241 2855 1299 2918 sibi
1317 2857 1505 2920 convenien-

297 2962 369 3027 tiam
391 2982 460 3026 eum
483 2960 584 3025 debita
605 2961 822 3024 adiectivornm
844 2961 1032 3042 appositione
1054 2963 1230 3044 assignare;
1254 2971 1289 3029 ut
1304 2964 1331 3026 si
1350 2965 1505 3029 scribatur

298 3073 417 3136 literato
435 3077 585 3154 ponantur
601 3071 749 3134 adiectiva
766 3070 804 3133 de
820 3070 992 3143 literatura,
1017 3070 1108 3134 nobili
1124 3072 1162 3134 de
1178 3073 1331 3137 nobilitate
1348 3075 1442 3138 etsie
1467 3075 1504 3138 de
1583 3052 1584 3059 ἵ

297 3183 373 3248 aliis.
391 3219 436 3230 -
452 3181 617 3246 Sciendum
639 3180 719 3264 quod
742 3199 850 3243 nomen
873 3201 1002 3262 persone
1027 3182 1200 3263 recipientis
1218 3183 1309 3247 debet
1326 3185 1398 3267 poni
1417 3185 1456 3269 e]
1471 3186 1501 3248 in
1582 3163 1583 3174 i

297 3293 397 3357 dativo
415 3312 506 3364 casu,
528 3309 636 3356 nomen
652 3289 797 3354 mittentis
818 3289 849 3351 in
866 3290 1045 3354 nominativo
1063 3310 1137 3354 casu
1159 3298 1190 3354 et
1205 3293 1236 3354 in
1251 3294 1341 3356 tertia
1357 3314 1500 3376 persona.

297 3403 390 3466 -ln
417 3400 595 3466 salutatione
624 3420 684 3463 non
711 3399 823 3462 debent
850 3400 920 3483 poni
936 3400 1039 3471 verba,
1063 3420 1121 3483 que
1143 3401 1296 3482 pertinent
1317 3403 1356 3465 ad
1380 3404 1502 3468 laudem

297 3512 456 3584 mittentis,
500 3511 556 3574 sed
598 3510 698 3592 potius
742 3509 914 3591 recipientis
959 3529 1028 3574 cum
1067 3512 1213 3595 scriptum
1241 3513 1282 3575 sit
1307 3513 1353 3600 1);
1393 3535 1428 3578 os
1468 3523 1500 3580 te
1583 3596 1584 3601 ἵ

294 3623 397 3688 laudet
424 3622 553 3685 alienum
581 3640 640 3684 non
666 3625 759 3684 tuum.
776 3657 820 3668 -
833 3619 906 3682 ltem
927 3619 959 3682 in
980 3620 1159 3684 salutatione
1181 3641 1303 3705 semper
1317 3623 1397 3705 poni·
1407 3623 1504 3689 debet
1583 3648 1584 3651 ¹

296 3752 405 3798 nomen
436 3752 565 3814 persone
597 3736 658 3794 tam
689 3729 832 3794 mittentis
866 3749 954 3813 qnam
986 3730 1159 3812 recipientis
1192 3732 1311 3815 quando
1344 3733 1444 3798 scitur
1464 3733 1502 3822 f)
1582 3751 1583 3756 ¹

296 3861 467 3928 nomenque
495 3840 666 3923 dignitatis,
694 3859 803 3902 nomen
825 3837 933 3910 officii,
962 3844 995 3903 ut
1016 3839 1094 3903 intra
1111 3841 1149 3904 de
1166 3841 1270 3904 formis
1287 3841 1503 3909 salutationum

387 4007 421 4074 a)
436 4010 524 4060 autem
535 4007 579 4060 fdr
592 4003 670 4058 etiam
685 4002 713 4056 v.
728 4032 762 4043 -
777 4003 808 4073 t)
824 4004 917 4058 kartbe
932 4003 961 4058 V.
973 4031 1006 4042 -
1019 4003 1052 4073 e)
1064 4003 1149 4060 minus
1161 4005 1191 4060 V·
1205 4035 1242 4046 —
1254 4006 1290 4076 d)
1304 3995 1454 4062 Distinctio
1469 4008 1501 4062 ll.

297 4102 327 4157 V.
342 4098 396 4154 und
408 4099 436 4152 Z.
453 4131 483 4141 -
498 4097 530 4164 e)
546 4117 574 4171 p.
585 4096 655 4153 fehlt
666 4097 697 4154 V·
712 4126 742 4135 -
756 4095 790 4167 f)
802 4102 857 4151 tam
867 4112 1052 4167 -nomenque
1072 4096 1140 4151 fehlt
1160 4096 1190 4151 V.

305 4255 630 4272 ——aud———n--u-

360 4361 452 4417 plenam
465 4355 599 4404 memoriam
612 4355 647 4401 bis
659 4355 807 4401 humanitatis
818 4351 892 4400 findet
907 4353 959 4400 oieb
971 4353 1112 4400 wiederbolt
1127 4355 1162 4400 als
1173 4353 1300 4400 Exordium
1320 4355 1346 4401 iu
1358 4357 1502 4413 Urkunden‚

361 4458 382 4488 e.
400 4445 425 4488 B.
443 4439 466 4487 ln
484 4443 559 4486 denen
577 4439 619 4485 des
636 4439 744 4483 Kloaters
763 4435 912 4482 Wallrenrled
947 4450 1000 4482 vom
1023 4435 1063 4482 29.
1083 4437 1142 4482 Nou.
1167 4435 1236 4483 1268.
1254 4437 1450 4488 Urkundenbucb
1463 4442 1505 4488 des

361 4526 418 4571 bist.
437 4524 549 4570 Vereines
561 4522 604 4567 rur
621 4519 816 4566 Niedersacbseu.
835 4521 890 4566 nen
900 4521 930 4576 ll,
948 4519 972 4566 8.
985 4519 1032 4566 263
1044 4521 1090 4566 und
1100 4517 1148 4565 265
1159 4517 1183 4564 u.

319 4611 344 4670 1)
362 4607 480 4656 Proverb.
494 4605 539 4654 Sal.
553 4605 594 4661 ²7,
604 4605 628 4650 2.
