3116 5124
319 271 394 344 124

314 445 467 499 defensione
480 442 605 516 speciali,
624 443 679 499 und
697 443 806 498 Sicilie-n
825 441 877 497 und
897 441 1033 498 Calabrica
1055 441 1151 494 sollten
1173 440 1227 494 sein
1247 445 1378 511 perpetuo
1397 439 1431 495 de
1447 441 1490 496 dc·

313 535 395 590 mania
419 535 549 592 ccclesiae
562 537 702 591 llonrnnae.
716 535 836 606 Raynnld
850 534 931 600 1251,
946 535 1064 592 October
1077 533 1120 597 10,
1134 552 1160 588 n.
1172 533 1217 588 83.
1244 535 1272 588 la
1286 533 1361 590 diosc
1374 535 1432 588 Zeit
1443 537 1499 590 also

313 625 376 679 vird
393 643 475 681 noser
494 626 570 682 Briel
588 627 714 697 gondrea.
740 627 768 680 lu
789 627 838 680 der
850 625 920 680 'slat
933 627 1054 680 selricktc
1071 626 1139 678 auctr
1153 625 1282 680 lnnocenr
1295 627 1337 680 lv.
1358 628 1444 682 sehon
1463 643 1504 682 am

316 715 343 770 2.
366 716 526 788 September
550 719 621 774 1254
645 718 736 773 sciren
759 718 948 780 Vernudten,
973 717 1024 771 den
1047 717 1169 772 cardinal
1191 717 1316 770 willelm
1339 719 1445 780 Fiesco,
1471 721 1510 774 als

312 808 477 862 Stattlralter
495 811 562 862 nach
577 809 686 863 Siciliae
707 809 760 863 und
773 809 878 864 schrieln
891 807 1029 868 nocturnis
1042 807 1159 880 llaynald
1174 808 1312 866 berichtet.
1327 807 1362 862 ud
1377 827 1507 880 proceres

312 898 433 960 Siculos,
456 901 485 952 ut
507 898 631 954 maiorem
654 899 691 953 illi
720 897 877 954 conciliaret
905 899 1099 952 auctoritatem.
1126 898 1184 952 llen
1206 897 1446 952 Vollmaclntsbriel
1465 903 1506 955 fv'rr

310 973 433 1043 Willvclm
449 987 529 1043 thcilt
545 990 664 1063 llaynald
683 990 767 1044 selbot
783 989 844 1050 mit,
867 989 918 1043 der
934 1005 984 1043 von
1001 989 1054 1043 ihm
1073 989 1221 1050 armillata,
1236 988 1337 1059 jedoclr
1352 988 1433 1046 nicht
1447 992 1507 1046 mit-

311 1078 440 1152 gctlreilte
452 1079 529 1134 Bricf
538 1098 570 1134 an
582 1081 627 1135 die
641 1095 768 1152 proceres
781 1079 889 1134 Siculos
901 1080 967 1151 liegt
979 1098 1036 1143 uns,
1049 1078 1098 1134 wie
1112 1079 1154 1133 iclr
1168 1079 1273 1151 glouba,
1288 1079 1345 1133 hier
1359 1099 1418 1136 vor.
1430 1082 1504 1136 Dcnu

312 1187 388 1226 menn
399 1189 428 1226 ca
441 1171 498 1226 hier
511 1190 560 1226 von
575 1172 811 1228 denVollmaelnton
824 1172 871 1226 des
879 1173 996 1240 legaten
1008 1172 1109 1227 lreiast:
1122 1186 1247 1226 concessa
1259 1171 1308 1223 sihi
1327 1172 1509 1244 precipiendi¹

311 1260 464 1325 ordinandi,
477 1249 624 1327 statuendi,
644 1262 770 1334 faciendi
784 1255 856 1318 sicar
875 1263 1006 1334 ecpcdm
1022 1262 1121 1318 viderit
1137 1267 1189 1318 etc.
1207 1263 1289 1318 libera
1307 1268 1457 1334 potestate,
1477 1281 1507 1319 ao

309 1359 385 1426 pacat
403 1354 451 1410 das
472 1356 535 1410 selvr
550 1356 619 1410 wohl
642 1373 674 1409 nn
687 1355 735 1410 der
747 1355 906 1410 llaclrtlv'rlle
923 1355 970 1409 mit
992 1355 1040 1408 der
1064 1354 1112 1410 der
1133 1353 1254 1409 cardinal
1269 1353 1395 1408 wilhelm
1410 1373 1510 1425 ansge-

308 1448 403 1500 stattet
422 1463 483 1500 war.
506 1445 597 1518 Vergl.
609 1445 728 1520 Rapnald
742 1446 823 1510 1²54,
840 1465 884 1500 no.
909 1445 955 1498 18.
981 1446 1143 1501 Prcscntinm
1167 1450 1260 1500 tenore
1280 1445 1465 1511 concedimus,
1480 1451 1508 1500 ut

307 1536 395 1610 poesis
420 1541 473 1591 etc.
491 1567 519 1577 -
536 1539 679 1609 plenariam
697 1542 868 1610 potestatem.

881 1781 942 1853 ll.

683 1979 761 2061 lupa
775 1977 920 2060 episeopo
936 1976 1117 2041 ὓιΙιιΙοιιΙ.

792 2153 872 2208 vasu.
885 2154 960 2226 aper
974 2153 1019 2207 so.

303 2298 459 2354 munder
478 2297 526 2352 IV.
553 2296 685 2370 empfiedlt
711 2298 771 2352 dem
791 2297 952 2370 Erdoedof
970 2301 1082 2354 Koarnd
1101 2317 1152 2354 oon
1174 2301 1242 2354 Koa
1257 2298 1419 2371 -dfflqend,
1444 2302 1505 2355 ἀειιι

406 2388 559 2444 runcones
572 2389 677 2460 Kdm'qe
688 2387 810 2446 dictam
821 2388 891 2444 nard
900 2385 995 2462 lma·
1006 2389 1122 2460 injeder
1139 2390 1227 2446 ll'ea‘ce
1237 2389 1416 2446 deizaatedem

372 2552 469 2616 .Curn
483 2552 644 2636 magnilica
666 2559 698 2617 et
718 2553 769 2636 pia
790 2559 879 2636 gesta
900 2551 1120 2618 katholicorum
1141 2574 1248 2636 regum
1270 2562 1302 2618 ct
1322 2552 1500 2637 principum

303 2659 385 2723 orbis
401 2666 483 2724 terre
498 2667 569 2725 ante
586 2662 690 2725 oculos
706 2661 816 2725 mentis
831 2668 934 2724 nosne
950 2661 1133 2734 reducimus,
1150 2661 1220 2726 dum
1236 2662 1318 2725 clara
1334 2670 1368 2726 et
1384 2663 1495 2726 devota

303 2769 436 2853 ipsorum
463 2789 556 2852 opera
583 2749 757 2852 diligenter⁴
770 2769 954 2833 advertimus
982 2775 1013 2833 et
1034 2770 1142 2833 eximia
1162 2771 1355 2834 rectitudinis
1377 2771 1495 2842 merita,

302 2879 412 2962 qubus
440 2901 544 2945 eorum
573 2879 684 2962 singuli
715 2901 750 2944 se
780 2880 847 2944 Deo
878 2889 983 2963 gratos
1012 2888 1043 2944 ct
1070 2881 1202 2945 Romane
1230 2869 1381 2954 ecclesie,
1410 2883 1497 2946 matri

303 2990 445 3064 fidelium,
457 2999 603 3075 acceptos
619 3002 651 3057 ct
667 2993 754 3056 utiles
777 2992 834 3055 sub
857 2979 1033 3056 diversitate
1054 3000 1221 3076 temporum
1242 2992 1446 3058 reddiderunt
1460 2993 1497 3057 ad

302 3100 476 3164 memoriam
495 3121 690 3174 revocamus,
716 3101 880 3165 recolenda
900 3101 1003 3185 utique
1028 3120 1065 3163 ac
1086 3102 1194 3165 merito
1211 3100 1412 3166 collaudanda
1428 3109 1498 3166 sunt

303 3208 443 3272 virtutum
458 3217 537 3282 aeta,
553 3227 608 3293 per
624 3229 683 3294 que
699 3208 876 3273 karissimus
897 3210 929 3273 in
951 3211 1072 3274 Christo
1093 3209 1171 3273 lilius
1186 3218 1290 3275 noster
1305 3211 1496 3275 llichschar-
1554 3217 1556 3264 ἓ

303 3316 359 3380 dus
370 3317 428 3404 ιι),
441 3319 472 3382 in
483 3321 682 3383 Romanorum
693 3318 925 3401 regemelectus
941 3324 973 3383 ct
985 3325 1163 3391 coronatus,
1177 3325 1208 3382 ct
1223 3319 1254 3382 in
1268 3320 1495 3402 imperatorem,

301 3435 425 3492 auctore
455 3429 600 3501 Domino,
630 3427 869 3511 promovendus,
900 3429 932 3492 in
963 3429 1058 3492 oevnlis
1094 3429 1194 3492 divine
1225 3449 1347 3512 semper
1377 3431 1492 3514 placuit

304 3538 491 3602 maiestatiet
513 3539 681 3622 apostolice
697 3539 781 3602 sedis
797 3542 931 3603 lavorern
953 3538 1060 3601 sibiet
1080 3539 1208 3620 gratiam
1235 3539 1426 3614 vendicavit,
1453 3541 1499 3605 sic

302 3651 474 3734 specialiter
501 3659 534 3716 et
558 3653 590 3714 in
611 3658 751 3736 promptu
779 3653 867 3717 nobis
884 3658 1064 3725 occurrunt,
1091 3653 1172 3737 quod
1192 3654 1351 3738 nequimus
1374 3655 1414 3718 al)
1437 3655 1494 3717 illis

301 3763 396 3824 nostri
426 3761 527 3825 cordis
554 3762 651 3826 aciem
666 3763 836 3837 declinare,
867 3783 936 3827 cum
962 3765 1048 3847 quasi
1070 3764 1222 3847 fulgencia
1244 3765 1376 3848 quedam
1391 3766 1493 3831 sidera

300 3868 333 3934 in
344 3871 475 3934 ecclesia
489 3867 548 3934 llei
558 3873 679 3936 luceant
691 3882 722 3937 et
736 3874 775 3936 ab
791 3874 858 3938 aliis
880 3875 960 3937 sicut
975 3894 1084 3957 magna
1098 3876 1253 3938 luminaria
1269 3875 1491 3944 discernantur.

300 3981 357 4044 llic
372 3980 520 4066 siquidem
535 3983 575 4046 ab
590 3984 676 4046 annis
691 3986 806 4048 teneris
822 3984 919 4049 Deum
934 3985 1053 4058 timere,
1068 3986 1166 4068 ipsvun
1189 3986 1282 4050 corde
1305 3993 1414 4054 tenere
1431 4012 1489 4055 non

301 4090 402 4165 desiit,
430 4093 555 4158 studens
582 4094 708 4159 cottidie
728 4116 784 4179 per
809 4117 930 4161 suorum
952 4097 1095 4160 incedere
1117 4097 1254 4160 semitam
1269 4101 1490 4169 mandatorum.

299 4201 378 4266 Nam
406 4200 466 4267 dde
495 4204 667 4288 preclarus,
698 4205 863 4271 devocione
889 4209 1050 4290 precipuus
1079 4216 1111 4272 et
1129 4209 1326 4292 insuperabili
1349 4214 1490 4279 virtutium

300 4319 449 4378 armatma
477 4314 628 4389 munitus,
658 4335 730 4380 suos
759 4315 792 4378 in
819 4319 920 4402 parvis
947 4319 1077 4384 nescivit
1102 4320 1231 4403 probare
1257 4329 1408 4400 conatus,
1437 4325 1490 4390 scd

388 4515 493 4589 amr
