3108 5118
274 344 349 413 288

270 535 342 577 suos
363 512 555 596 recognoscit
584 511 755 594 alumpnos,
784 509 833 571 hic
862 513 908 570 est
936 507 1014 568 enim
1037 505 1141 568 hortus
1165 505 1280 590 imperii
1304 502 1447 573 delicatus,

271 622 302 683 in
319 641 377 705 quo
394 627 479 703 grate
497 619 665 683 dulcedinis
681 637 769 702 poma
786 616 926 698 graciosa
944 618 1090 698 conparat
1106 617 1135 674 et
1153 613 1299 697 decerpit.
1317 614 1449 676 Nimirum

269 731 373 813 igitur,
396 731 421 792 si
444 731 525 792 circa
549 730 662 791 cultum
687 733 717 789 et
739 727 890 788 munimen
912 724 1006 807 ipsius
1029 723 1113 803 regie
1131 722 1320 785 celsitudinis
1344 723 1450 785 curiosa

272 844 411 902 versatur
448 837 578 900 intencio
612 843 642 898 et
679 833 882 918 propensioris
920 831 1081 914 vigilancie
1120 829 1252 894 studium
1292 830 1451 898 adhibetur,

273 951 305 1007 ut
335 951 364 1007 et
392 947 441 1007 illa
469 925 524 1028 per
552 943 746 1006 devocionem
779 941 928 1004 sinceram
959 938 1098 1022 puritatis
1126 939 1256 1022 respiret
1284 938 1403 1000 odorem
1422 943 1454 998 et

270 1075 326 1136 per
356 1053 530 1116 fidelitatem
563 1051 710 1132 integram
743 1053 949 1132 exspectatum
982 1048 1157 1109 constancie
1185 1048 1317 1108 fructum
1345 1045 1453 1108 reddat.

273 1163 385 1225 Verum
409 1161 479 1243 qnia
501 1165 574 1221 tunc
598 1159 711 1221 utiliter
734 1159 846 1239 gaudet
869 1156 964 1238 regio,
989 1156 1058 1217 dum
1084 1155 1191 1216 directi
1207 1155 1337 1216 rectoris
1355 1154 1457 1215 ducatu

269 1268 410 1349 dirigitur
432 1272 461 1328 et
486 1266 623 1351 pervigili
647 1265 829 1350 presidentis
854 1263 1002 1326 industria
1026 1263 1228 1344 gubernatur:
1259 1280 1314 1324 nos
1331 1263 1459 1324 volentes

270 1375 351 1458 quod
382 1377 447 1459 ipsa
479 1374 634 1458 provincia
666 1375 742 1436 duce
774 1373 907 1454 gaudeat
936 1372 1172 1454 circumspecto,
1205 1369 1355 1432 illustrem
1372 1367 1459 1453 oa)

271 1483 411 1545 comitem
443 1484 550 1553 talem,
584 1488 716 1545 nostrum
749 1480 1023 1562 consanguineum,
1057 1499 1146 1561 quem
1178 1484 1302 1562 experte
1334 1476 1404 1539 fidei
1434 1481 1461 1538 et

270 1591 550 1674 circumspectionis
573 1590 680 1654 merita
696 1589 782 1651 nobis
798 1589 929 1652 reddunt
946 1587 1104 1650 amabilem
1122 1592 1151 1648 et
1168 1585 1299 1668 probata
1316 1584 1464 1648 strennui·

271 1703 319 1760 tas
348 1697 440 1760 ellicit
468 1699 643 1768 clariorem,
671 1697 757 1760 vobis
785 1702 815 1758 et
843 1696 899 1758 toti
927 1695 1081 1778 provincie
1091 1691 1263 1778 prenotate
1284 1687 1465 1778 prefecimus

272 1807 302 1868 in
330 1811 497 1876 rectorem,
525 1807 661 1868 eiusdem
688 1806 842 1889 provincie
870 1803 1004 1884 regimen
1033 1804 1100 1866 vice
1129 1803 1223 1864 nostri
1246 1802 1378 1864 nominis
1402 1821 1467 1863 ere-

268 1915 421 1998 quendum
451 1914 509 1976 sibi
541 1915 674 1997 plenarie
708 1907 951 1982 committentes,
984 1916 1016 1973 ut
1035 1911 1099 1974 eius
1132 1910 1268 1974 studioso
1302 1910 1416 1972 ducatu
1441 1914 1468 1970 et

269 2029 463 2106 preservetur
481 2043 497 2085 a
515 2022 609 2086 noxiis
627 2028 656 2085 et
675 2022 712 2084 ad
729 2021 874 2085 salutaria
891 2002 1048 2102 dirigatur.
1082 2022 1142 2084 Vos
1159 2020 1273 2102 itaque,
1292 2038 1467 2101 quesumus,

269 2152 344 2214 pure
361 2130 431 2192 lidei
448 2137 478 2193 et
495 2132 613 2194 sincere
631 2130 804 2196 devocionis
822 2128 964 2212 alumpni,
988 2133 1136 2210 quatenus
1153 2127 1349 2211 presentibus
1368 2131 1467 2188 nostre

271 2239 444 2302 serenitatis
469 2238 606 2322 apicibus
629 2238 763 2302 roborati
788 2242 817 2299 et
842 2242 976 2299 nostram
999 2255 1160 2319 personam
1183 2235 1213 2296 in
1237 2253 1293 2298 sua
1310 2235 1470 2319 presencia

270 2346 446 2429 figurantes,
471 2367 539 2409 cum
556 2366 657 2408 comes
674 2347 754 2408 idem
770 2345 809 2408 sit
826 2345 915 2407 velud
933 2365 966 2407 os
983 2365 1019 2406 ex
1032 2343 1151 2408 ossibus
1168 2343 1279 2406 nostris
1299 2348 1329 2404 et
1348 2365 1420 2406 caro
1435 2343 1471 2405 de

269 2474 362 2516 carne
380 2461 499 2524 nostra,
529 2453 667 2523 eundem,
686 2453 772 2535 quasi
793 2453 951 2515 familiaris
974 2453 1143 2515 dilectionis
1167 2458 1196 2514 et
1219 2453 1325 2534 gracie
1348 2453 1470 2535 pignus,

275 2562 395 2642 hylares
418 2568 448 2623 et
471 2561 570 2624 devoti
605 2559 765 2642 suscipite,
794 2565 824 2622 et
851 2560 881 2622 in
909 2560 1062 2630 omnibus,
1093 2579 1151 2641 qne
1180 2560 1218 2621 ad
1242 2559 1393 2622 creditum
1417 2559 1473 2622 sibi

273 2675 414 2753 spectant
431 2668 577 2738 cilicium,
601 2673 775 2732 reverenter
798 2669 826 2730 ei
848 2688 957 2750 parere
975 2689 1009 2730 ac
1026 2668 1178 2730 humiliter
1194 2669 1342 2751 promptis
1359 2667 1473 2730 curetis

272 2778 434 2841 affectibus
466 2777 606 2846 obedire,
639 2782 671 2838 ut
703 2776 876 2839 devocionis
908 2783 1009 2840 vestre
1042 2779 1248 2840 constanciam
1279 2776 1473 2839 liberalitatis

275 2891 404 2968 auguste
436 2885 584 2969 provisio,
618 2905 676 2968 que
708 2885 837 2948 servicia
868 2883 950 2947 novit
978 2905 1169 2947 remunerare
1197 2884 1348 2955 fidelium,
1381 2885 1473 2966 digna

275 2993 483 3059 vicissitudine
500 2998 712 3077 prosequatur,
729 3012 782 3076 pro
800 2993 950 3055 constanti
968 2992 1109 3062 scientes,
1127 2993 1207 3074 quod
1223 2993 1274 3054 illa
1290 2993 1471 3055 obediencie

275 3105 374 3185 signa,
393 3102 525 3185 quesibi
543 3101 666 3164 devocio
683 3106 783 3163 vestra
800 3101 1021 3170 monstraverit,
1044 3121 1122 3183 equo
1140 3103 1242 3163 favore
1259 3101 1471 3165 benivolencie

278 3232 498 3298 prosequamur
515 3231 549 3273 ac
567 3212 592 3272 si
610 3231 646 3272 ea
662 3199 1031 3291 monstrari'contingeret
1047 3209 1219 3293 specialiter
1236 3209 1424 3295 nobisipsis.

371 3372 470 3424 Stobbe
494 3388 527 3422 no
550 3370 612 3424 272.
635 3369 692 3422 Rex
715 3373 768 3423 etc.
791 3369 914 3438 Egregiis
940 3373 967 3422 et
988 3369 1163 3439 prudentibus
1185 3370 1247 3424 viris
1266 3371 1368 3424 March.
1394 3371 1469 3426 Com.

275 3463 363 3517 Nobil.
380 3461 466 3540 Capit.
482 3460 586 3514 Civitet.
601 3461 797 3529 potestatibus,
819 3459 935 3513 ancianis
956 3464 983 3513 et
1001 3459 1108 3529 populis
1129 3460 1256 3513 universis
1275 3476 1328 3529 per
1347 3463 1471 3515 Romani·

280 3556 349 3608 olam
376 3559 402 3605 et
427 3547 581 3606 maritimam
608 3551 759 3604 constitutis
787 3550 903 3621 graciam
928 3568 1002 3604 suam
1029 3555 1055 3604 et
1081 3553 1175 3605 bonam
1202 3552 1371 3606 voluntatem.
1403 3554 1468 3607 Eine

282 3642 404 3696 dhnlirhe
429 3630 594 3695 ilberscbriit
614 3642 661 3694 hat
681 3639 761 3694 Canni
782 3641 847 3693 iiber
867 3641 918 3693 den
946 3641 1003 3692 bier
1031 3641 1199 3694 unmittelbar
1227 3640 1372 3711 folgenden
1390 3640 1469 3698 Briel.
1507 3697 1511 3709 ,

279 3733 344 3785 Eine
367 3732 434 3784 lreie
457 3721 641 3800 ilbersetzung
664 3731 750 3784 dieses
773 3731 875 3784 Brieies
900 3729 982 3784 findet
1009 3731 1068 3784 sich
1096 3731 1137 3784 bei
1156 3733 1264 3793 Minch,
1293 3732 1390 3786 Gesch.
1421 3733 1468 3788 des

276 3825 376 3876 llauses
401 3820 455 3874 und
479 3823 582 3874 Laudes
604 3822 792 3892 Fiirstenberg‚
815 3823 862 3875 Bd.
883 3822 908 3880 l,
931 3821 985 3875 274
1007 3822 1078 3875 ffl-
1096 3822 1241 3876 Schreiben
1262 3822 1385 3892 gleicben
1405 3825 1469 3878 oder

276 3910 415 3968 thulichen
429 3911 527 3964 lnhalts
542 3910 599 3964 sind
613 3910 660 3964 das
673 3910 732 3964 hier
745 3912 914 3965 unmittelbar
934 3910 1162 3981 ingenunata
1184 3912 1236 3964 und
1260 3919 1343 3967 unteu
1366 3913 1411 3967 Fol
1435 3914 1469 3967 to

276 4020 317 4057 no.
341 4001 384 4054 32.
408 4001 466 4053 hlle
489 4001 548 4054 sind
568 4000 710 4070 jedenlalls
726 4003 795 4054 nach
810 3999 868 4054 dem
888 4001 931 4056 10.
944 4002 998 4055 Juli
1014 4001 1084 4055 1275
1097 4004 1225 4056 erlasseu.
1239 4003 1268 4056 S.
1283 4004 1354 4058 oben
1368 4023 1394 4076 p.
1406 4005 1467 4067 243,

275 4109 316 4146 no.
332 4091 375 4144 32.
389 4092 495 4146 Diesem
505 4091 592 4144 Briele
606 4092 673 4160 liegt
683 4092 808 4161 librigens
822 4090 869 4144 das
884 4092 1039 4156 Schreiben‚
1054 4094 1098 4146 mit
1111 4092 1170 4146 dem
1180 4093 1273 4147 llsiscr
1286 4095 1425 4150 Friedrich
1438 4097 1468 4150 ll.

275 4187 363 4238 seinen
376 4183 447 4237 Sohn
458 4181 593 4235 Friedrich
609 4198 658 4234 von
670 4180 807 4234 Antiochia
826 4200 883 4234 zum
908 4183 1063 4236 Statllralter
1086 4182 1111 4236 in
1125 4183 1238 4236 Florcnz
1253 4185 1365 4238 einsetzt
1384 4184 1469 4257 (Petr.

275 4274 307 4326 de
327 4272 382 4325 Vin.
408 4272 433 4334 3,
453 4270 478 4323 9.
499 4267 564 4322 Cod.
586 4267 763 4323 berolinensis
781 4270 828 4322 llls.
853 4271 909 4324 Lat.
932 4271 987 4323 Fol.
1014 4270 1067 4325 188
1091 4271 1109 4323 F
1112 4273 1145 4324 ol.
1167 4270 1227 4342 87),
1251 4273 1292 4326 als
1312 4275 1426 4328 Schema
1440 4292 1469 4328 zu

277 4361 393 4414 Grande.

368 4505 400 4572 a)
416 4504 444 4556 ll.
459 4502 581 4556 comitem
597 4501 629 4555 de
643 4502 824 4572 Fdrstenbcrg
839 4469 936 4556 Gerb.¹
