3100 5116
863 610 920 680 19.
1002 617 1005 621 ’

604 789 769 870 Imperator
785 788 878 852 amlco
896 804 948 848 suo
965 783 1091 868 speclall
1107 789 1163 847 eto.

847 936 926 990 lana.

289 1081 388 1138 Kaiaer
407 1082 552 1138 Friedrich
569 1086 604 1138 ΙΙ.
626 1083 701 1138 tbcilt
716 1082 800 1138 cincun
816 1067 906 1137 rainer
921 1079 1114 1153 Unterpcbcnen
1133 1077 1189 1146 mit,
1207 1077 1260 1134 acic
1272 1077 1320 1132 die
1332 1075 1485 1130 Moildoder

288 1189 336 1227 von
355 1172 419 1241 ilem,
449 1174 506 1229 dena
527 1175 631 1246 Konipe
649 1173 776 1230 Heinm'clr
794 1191 845 1228 voa
870 1172 1018 1228 Sardinicn
1036 1174 1093 1227 uod
1108 1170 1199 1226 Ecelin
1217 1188 1248 1224 eo
1269 1166 1485 1238 eiupeaclrlocccn

540 1265 625 1331 aeden,
640 1267 707 1320 daec
719 1265 758 1320 eie
771 1264 800 1319 io
807 1266 902 1336 jedem
914 1265 990 1318 Folle
1001 1263 1121 1318 acriorem
1133 1269 1231 1318 cedrea.

386 1409 597 1466 lluillard-Bm'eb.
612 1411 655 1474 Vl,
669 1408 802 1466 364-65.

383 1555 527 1620 Felicium
545 1556 729 1641 prosperitas
746 1556 917 1620 continuata
934 1573 1129 1618 successuum
1144 1553 1299 1615 victoriosi
1321 1569 1486 1634 processus

290 1663 395 1733 nostri,
412 1664 572 1747 tripudium
589 1671 731 1748 tanquam
747 1664 877 1746 ingentis
895 1663 1049 1726 alacritato
1066 1661 1236 1744 congaudii,
1253 1658 1292 1723 ad
1309 1659 1487 1722 devocionis

271 1751 340 1833 'tue
368 1773 508 1836 noticiam
532 1774 657 1856 epistola
680 1773 813 1856 presenti
837 1771 1003 1841 deducitur,
1028 1790 1084 1854 que
1102 1769 1146 1833 sic
1162 1767 1336 1852 recipientis
1354 1767 1488 1830 animum

290 1900 417 1944 cesarea
446 1883 591 1944 felicitate
619 1880 757 1951 letificet,
790 1885 822 1942 ut
852 1879 1033 1962 triumphum
1062 1884 1161 1961 optate
1189 1876 1332 1946 victorie,
1368 1875 1488 1938 sublato

291 1987 452 2052 cuiuslibet
477 1989 637 2052 dubietatis
661 1990 824 2059 involucro,
848 1987 1020 2072 prellguret.
1044 1987 1138 2050 Nobis
1161 1986 1249 2055 enim,
1271 1990 1306 2046 ut
1328 1985 1490 2067 loquamur

290 2095 328 2158 ad
351 2097 479 2168 literam,
503 2117 571 2160 cum
598 2097 756 2180 magnifico
779 2103 809 2158 et
831 2097 992 2160 victorioso
1009 2096 1142 2159 exercitu
1158 2099 1260 2156 nostro
1277 2093 1315 2155 ad
1333 2093 1491 2155 confusio-

290 2225 358 2267 nem
384 2205 651 2268 llediolanensium
674 2205 907 2288 procedentibus
931 2205 960 2267 in
990 2203 1173 2266 fortitudinis
1200 2199 1325 2263 brachio
1354 2201 1490 2284 glorioso

291 2310 349 2394 ipsi
375 2313 628 2386 Mediolanenses,
651 2291 792 2398 tanquam
818 2317 1032 2376 concurrentes
1054 2311 1093 2374 ad
1120 2312 1259 2393 laqueum
1276 2311 1362 2389 etad
1380 2311 1491 2372 cedem

291 2420 507 2502 quodammodo
523 2427 730 2504 properantes,
749 2423 827 2484 iuxta
846 2419 1062 2508 Abyatbam1),
1079 2420 1177 2482 locum
1195 2438 1297 2480 corum
1314 2419 1490 2485 afflictionis

290 2527 430 2598 indicem,
449 2548 516 2590 cum
534 2529 688 2592 cacrochio
706 2531 902 2592 communiter
914 2533 1104 2593 occurerunt.
1138 2529 1227 2592 Juxta
1248 2546 1373 2611 quocum
1401 2551 1491 2592 exer-

291 2635 382 2698 eitum
396 2635 435 2719 a)
458 2635 501 2698 sic
529 2641 628 2698 castra
656 2643 757 2700 nostra
786 2637 884 2700 vicina
902 2637 1071 2708 defiximus,
1101 2641 1132 2697 ut
1149 2637 1347 2698 tentoriorum
1363 2636 1491 2701 lunibus

289 2749 431 2826 tanquam
456 2744 493 2831 l)
518 2744 684 2808 confinibus
714 2745 826 2807 nullum
853 2747 899 2808 vel
930 2745 1080 2807 modicum
1103 2743 1264 2806 interesset
1287 2743 1326 2830 c)
1343 2745 1491 2819 medium,

291 2875 346 2916 nec
370 2852 482 2934 aliquid
502 2853 654 2915 dividuum
671 2854 728 2915 nisi
744 2853 854 2916 flumen
877 2854 917 2938 d)
941 2852 1123 2939 Disinella2)
1146 2851 1258 2913 dictum
1281 2857 1312 2913 et
1329 2873 1366 2914 ex
1383 2875 1491 2919 eorum

288 2966 372 3044 parte
389 2961 486 3022 valido
502 2962 615 3023 fossato
629 2963 824 3032 succinctum,
840 2961 919 3045 quod
932 2965 1031 3024 tamen
1048 2961 1125 3024 vado
1141 2960 1262 3023 transiri
1278 2966 1381 3042 potest
1398 2963 1489 3026 habi·

286 3069 358 3148 liter
372 3069 444 3132 lieet
461 3089 519 3131 non
536 3092 590 3154 per
607 3071 688 3134 acies
706 3071 869 3142 ordinatas,
884 3076 1001 3134 nostras
1015 3070 1053 3132 ab
1067 3070 1110 3132 eis
1123 3070 1288 3135 intersecet
1301 3071 1486 3135 mansiones.

290 3179 393 3248 Immo,
419 3178 443 3240 si
471 3178 583 3241 veritas
612 3181 751 3262 apercius
778 3181 939 3249 revelatur,
968 3181 999 3240 in
1027 3178 1207 3241 exercitibus
1236 3179 1319 3241 nulla
1348 3180 1486 3261 prolecto

289 3290 410 3349 notatur
423 3285 596 3358 diversitas,
614 3287 667 3350 sed
684 3287 714 3350 in
732 3287 775 3351 eis
791 3293 894 3352 mutuo
912 3309 944 3351 se
957 3286 1126 3350 videncium
1140 3285 1308 3349 communis
1321 3287 1486 3351 crudelitas

289 3393 493 3478 ydemptitatis
509 3397 573 3457 lere
591 3395 736 3460 diiudicat
750 3395 901 3461 unionem.
926 3397 1051 3479 Propter
1068 3395 1158 3479 quod,
1175 3396 1265 3477 plane
1283 3398 1487 3459 circumstan-

247 3503 251 3509 ’
287 3501 369 3564 tibus
386 3509 417 3565 et
431 3503 613 3566 instantibus
630 3504 811 3567 imminentis
824 3503 930 3569 lliemis
943 3504 1087 3588 perieulis
1100 3523 1153 3564 seu
1170 3502 1323 3586 procellis,
1343 3510 1485 3588 tanquam

173 3635 215 3677 ra.
226 3639 275 3679 aad,
289 3611 387 3693 posito
405 3611 484 3674 inter
498 3613 638 3674 malleum
655 3617 691 3674 et·
702 3613 841 3675 incudem
859 3613 905 3696 c),
923 3611 1077 3696 predictos
1093 3610 1223 3674 rebelles
1239 3631 1349 3674 manus
1367 3619 1485 3676 nostras

289 3739 347 3780 non
364 3719 514 3782 credimus
532 3740 685 3784 evasuros.
719 3723 758 3786 Ut
775 3723 866 3802 igitur
883 3723 912 3783 in
930 3728 1064 3784 nostrum
1080 3721 1259 3783 retiaculum
1278 3719 1354 3784 dicti
1371 3721 1485 3784 Medio-

381 3901 415 3967 α)
425 3897 471 3951 tali
486 3900 527 3952 dio
542 3900 629 3954 m-Br.
643 3929 678 3938 —
688 3899 720 3965 b)
734 3903 776 3954 ltin
789 3905 915 3970 tanquam
931 3899 1045 3972 quinimo
1061 3891 1228 3967 ll.·Br.-c)
1243 3899 1389 3953 interiacet
1397 3899 1484 3952 ll.-Br.

289 4021 323 4031 -
349 3991 384 4060 d)
414 3990 539 4062 Tysmelli
567 3993 594 4045 Z.
625 4021 653 4030 -
674 3991 705 4060 e)
731 3991 794 4046 licat
820 3991 957 4046 cuiusdam
976 3991 1065 4060 pontis
1094 3991 1120 4044 in
1144 3990 1257 4044 medium
1283 3990 1412 4045 bonellus
1437 4007 1486 4062 per

288 4098 363 4150 quem
383 4071 427 4132 vix
446 4083 572 4134 transitus
587 4079 658 4152 (alc)
671 4082 834 4152 fugientibus
853 4083 953 4151 poterit
973 4082 1059 4136 afferri
1074 4081 1229 4150 presidium,
1256 4081 1322 4150 ipsis
1343 4080 1484 4152 suflragari

288 4170 478 4240 quodammodo
498 4170 626 4232 videatur,
646 4171 672 4226 in
691 4173 760 4226 omni
773 4175 860 4226 lamen
875 4178 969 4224 eventu
982 4173 1055 4242 ipsos
1070 4189 1160 4226 manus
1174 4175 1224 4224 etc.
1251 4172 1344 4226 ll.·Br.

288 4327 613 4341 w

208 4440 212 4448 '
316 4448 338 4507 1)
359 4452 565 4498 eboracorum.

318 4536 342 4595 ²)
362 4541 404 4585 Ein
418 4542 506 4588 Ablluss
521 4544 562 4588 des
573 4543 665 4587 Ticino.
