3108 5118
1225 348 1302 450 noo

90 524 323 604 extorquentur.
357 521 420 585 Nos
448 528 567 596 autem,
596 523 647 606 qui
675 521 857 588 horrendam
884 520 1084 583 extorsionem
1116 520 1303 592 huiusmodi,

90 629 186 693 immo
201 631 465 713 conspiracionem
477 632 697 715 dampnabilem
710 632 918 702 abhorremus,
927 629 1007 711 apud
1018 649 1124 711 regem
1136 630 1306 713 predictum

90 735 196 801 locum
213 740 304 802 venie
321 740 457 803 invenire
470 762 530 804 nou
542 761 716 823 possumus,
730 741 784 804 sed
797 739 991 822 presentibus
1005 739 1160 821 graviores
1178 738 1305 803 iniurias

89 864 150 926 pro
177 847 417 911 conservacione
446 847 569 911 iusticie
591 848 800 929 prestolamur.
833 847 872 909 Et
892 846 964 909 lieet
986 845 1197 909 incumbencia
1219 845 1306 909 nobis

92 955 158 1017 ista
181 957 335 1037 pericula,
366 976 423 1040 que
448 957 485 1019 ad
509 956 738 1020 subversionem
756 955 956 1018 ecclesiarum
972 961 1143 1019 nostrarum
1160 961 1191 1020 et
1207 955 1304 1019 nostri

90 1065 253 1128 interitum
283 1066 473 1147 diriguntur,
502 1066 619 1129 timoris
647 1065 762 1148 pariter
789 1071 820 1128 et
844 1063 956 1128 doloris
985 1064 1188 1129 sufficientem
1215 1064 1303 1127 nobis

90 1173 259 1237 materiam
276 1174 523 1248 subministrent,
547 1197 583 1238 ex
598 1177 657 1239 hoc
673 1182 775 1241 tamen
791 1175 951 1238 cruencius
968 1174 1157 1248 cruciamur,
1184 1174 1265 1258 quod
1290 1195 1307 1238 a

86 1284 290 1364 promocione
309 1284 437 1348 subsidii
454 1289 536 1348 terre
560 1291 666 1349 sancte
683 1305 719 1349 ac
736 1284 950 1367 predicacione
968 1285 1067 1348 crucis
1093 1284 1249 1348 salutifere
1267 1303 1303 1347 ac

87 1391 318 1472 prosecutione
347 1392 444 1458 sancti
472 1393 610 1474 negocii,
638 1394 669 1456 in
697 1412 755 1476 quo
785 1398 881 1455 status
909 1390 980 1454 fidei
1007 1391 1173 1457 christiane
1205 1392 1307 1474 agitur

88 1500 191 1563 omnis
210 1501 420 1572 communiter,
436 1507 576 1584 pretextu
594 1502 667 1566 dicti
684 1500 869 1564 discriminis
886 1499 1082 1582 prohibemur
1101 1501 1139 1589 1).

191 1609 328 1692 Aspiciat
350 1609 443 1692 igitur
465 1611 503 1674 ab
525 1612 681 1675 altitudine
705 1611 787 1675 sedis
809 1611 976 1693 apostolice
998 1615 1101 1674 vestra
1124 1611 1304 1684 clemencia,

91 1724 186 1800 pater
216 1724 339 1790 sancte,
368 1739 427 1802 que
451 1725 488 1801 a)
511 1720 726 1784 tribulaciones
750 1726 869 1784 nostras
892 1718 1038 1802 respiciat
1060 1724 1091 1782 et
1108 1720 1146 1783 de
1163 1720 1302 1784 manibus
1340 1715 1343 1721 ’

92 1826 274 1890 tribulantis
292 1828 401 1892 iniuste
418 1849 473 1892 uos
493 1836 578 1894 eruat
595 1830 763 1901 tribulatos,
782 1829 984 1912 digneturque
1006 1834 1107 1891 vestra
1130 1828 1305 1911 benignitas

95 1935 294 2000 serenissimi
318 1937 430 2000 domiui
453 1939 550 2002 nostri
572 1938 697 2002 Romani
724 1939 807 2019 regis
830 1938 1001 2019 potenciam
1024 1937 1063 2000 ad
1084 1937 1307 2019 redempcionis

95 2051 207 2110 nostre
225 2045 395 2109 subsidium
413 2052 443 2111 et
468 2048 506 2111 ad
530 2048 695 2132 suiipsius
718 2048 856 2111 iniuriam
879 2047 1129 2129 propulsandam,
1147 2066 1222 2129 quas
1252 2066 1307 2109 nos

94 2175 153 2238 pro
182 2155 253 2238 ipso
276 2155 425 2237 patimur,
456 2156 599 2220 excitare.
632 2156 700 2220 Nisi
724 2157 803 2220 enim
830 2159 967 2237 prompto
996 2155 1083 2219 nobis
1112 2161 1308 2220 succurratur

96 2263 222 2335 auxilio,
242 2264 373 2328 ecclesie
389 2269 504 2338 nostre,
519 2265 551 2328 in
567 2265 733 2348 precipicio
748 2265 859 2347 posite,
878 2262 1098 2330 subvertentur.

684 2471 746 2542 12.

242 2649 381 2733 Princeps
398 2650 429 2714 11.
447 2670 538 2734 super
554 2651 812 2715 commendatione
829 2671 908 2734 pspe
927 2656 956 2715 et
972 2652 1176 2734 lmperuterls.

530 2809 610 2866 aaut.
624 2811 678 2867 tuli
693 2810 737 2866 10.
751 2811 881 2883 Thuregi.

128 2953 287 3026 Eialeitunp
299 2971 332 3024 zu
345 2953 429 3010 cinero
443 2953 592 3012 Sebreibea
605 2958 636 3010 K.
650 2956 774 3027 Redolfs
788 2975 823 3012 aa
835 2955 880 3012 dic
892 2955 1114 3030 heirbepetreuen
1128 2955 1156 3012 ab
1169 2957 1275 3012 Italica.

200 3100 316 3155 Gerbert
329 3101 355 3166 1,
369 3101 394 3154 t.
422 3117 425 3121 ·

201 3247 333 3328 Supemi
350 3251 390 3332 α)
408 3248 525 3312 consilii
548 3249 719 3331 sapiencia,
747 3269 804 3332 que
828 3255 979 3314 secretum
1001 3250 1107 3334 utique
1126 3252 1183 3315 celi
1199 3269 1306 3333 gyrum

106 3355 176 3419 sola
200 3354 347 3442 circuit2)
366 3357 511 3429 increata,
534 3357 621 3439 primi
644 3357 778 3442 parentis
801 3358 832 3421 in
852 3364 991 3440 posteros
1014 3359 1155 3423 senciens
1178 3358 1309 3422 derivari

106 3463 303 3536 discrimina,
332 3470 363 3526 et
384 3485 420 3526 ex
437 3463 483 3527 sui
500 3465 654 3547 plasmatis
672 3466 912 3540 exorbitatione,
941 3467 1021 3552 quod
1043 3467 1210 3532 naturalem
1234 3487 1311 3550 quo-

108 3572 272 3636 dammodo
300 3593 433 3636 normam
460 3574 712 3656 transgressionis
747 3575 952 3658 amplectitur,
983 3576 1098 3640 irritata
1129 3577 1307 3660 plerumque

107 3682 235 3746 humani
252 3681 373 3764 generis
389 3682 501 3764 patitur
517 3675 752 3748 imbecillitatem
774 3703 854 3747 nunc
870 3690 974 3767 peste,
1003 3705 1083 3748 nunc
1101 3685 1205 3758 clade,
1231 3704 1311 3747 nunc

206 3827 239 3888 u)
255 3827 301 3899 qui
313 3827 345 3882 V.

138 4009 166 4068 1)
184 4009 235 4056 Allo
246 4009 311 4056 (lices
323 4011 469 4058 Thatsucheu
480 4012 576 4057 werden
590 4013 615 4056 in
628 4012 680 4058 dem
692 4013 780 4069 spttter,
792 4024 869 4070 gagen
881 4013 945 4059 Eudo
957 4013 998 4058 des
1009 4013 1092 4060 Jabres
1105 4014 1168 4058 ltro
1187 4012 1312 4073 geschrie-

179 4093 255 4139 beneu
266 4091 358 4148 Brleie,
375 4094 447 4138 uuten
458 4093 522 4139 Seite
534 4094 581 4139 329
594 4107 635 4138 no.
653 4093 694 4148 30,
716 4093 857 4140 wiederholt
869 4096 915 4139 und
931 4108 982 4139 cum
999 4095 1064 4140 Theil
1081 4095 1140 4140 such
1157 4107 1198 4140 sus
1215 4094 1311 4152 gleich-

180 4174 282 4234 zeitigen
307 4175 410 4220 Annaleu
432 4175 558 4220 berichtet.
584 4175 652 4220 Cant.
675 4175 808 4220 vindobon.
829 4178 856 4220 arl
879 4189 899 4220 a.
920 4176 982 4222 1274
998 4177 1026 4220 u.
1046 4177 1072 4222 G.
1089 4177 1128 4220 SS.
1148 4175 1310 4230 anatum.

179 4256 265 4301 salisb.
277 4257 305 4300 ad
316 4271 337 4300 a.
351 4257 410 4302 tart
421 4257 454 4301 ib.
471 4257 526 4303 8111.
543 4251 663 4302 lohannes
674 4257 836 4311 victoniensis,
848 4258 1055 4302 BoehmerFoutes
1068 4258 1088 4310 l,
1101 4257 1157 4302 307.
1172 4256 1314 4314 Vergleiche

181 4338 294 4399 subrigens
312 4339 373 4384 noch
385 4339 430 4384 den
442 4339 629 4397 merhwrirdtgen
648 4339 713 4384 Brtet
726 4339 769 4384 des
785 4339 938 4383 Erebiselrols
955 4338 1075 4383 Friedrich
1092 4352 1120 4382 an
1134 4341 1160 4382 u.
1176 4339 1263 4383 liudolf
1273 4339 1313 4384 bei

181 4421 299 4466 Bodmanu
311 4434 333 4478 p.
348 4420 387 4473 13,
405 4420 449 4464 der
466 4419 495 4464 irn
510 4422 601 4465 Winter
619 4417 724 4483 ravtsrt
735 4421 892 4480 geschriebeu
904 4421 954 4466 sein
967 4433 1037 4473 muse,
1054 4420 1099 4465 wie
1110 4421 1212 4477 Palschy
1225 4421 1314 4465 Gesch.

179 4515 204 4546 v.
216 4502 318 4546 Bs'shmen
329 4502 354 4555 2,
369 4503 388 4546 1.
400 4501 458 4555 246,
468 4506 517 4548 not.
532 4502 562 4547 13
572 4504 675 4547 darttrut.
985 4510 991 4520 ·
1118 4486 1119 4490 ¹

137 4603 164 4660 ²)
181 4602 265 4646 stram
276 4601 317 4654 ss,
328 4603 351 4646 s.
