3116 5124
1153 325 1226 398 113

23 505 28 568 ³·
64 520 176 583 eiusdem
205 527 285 585 tenet
315 520 467 592 assertio,
501 520 627 583 ducatus
660 519 779 584 Swerie
811 519 849 582 ad
879 519 977 602 ipsum
1007 519 1162 604 pertinens
1195 540 1231 582 ex

23 627 24 632 ’
63 629 232 694 successione
253 635 386 693 materna
407 627 453 714 ¹),
481 633 588 711 perte
610 647 679 692 cum
707 627 815 692 iniuria
839 625 1007 692 detinetur:
1039 629 1230 693 serenitatem

61 739 155 821 regiam
176 759 314 822 rogamus
336 741 367 805 in
389 738 516 804 Domino
535 743 566 802 et
580 737 751 810 hortamur,
780 744 927 822 quatenus
943 737 976 801 in
990 738 1067 810 boc,
1084 738 1123 801 ad
1139 738 1231 802 satis-

61 848 206 912 faciendum
221 848 261 935 a)
277 849 364 913 iustis
387 847 548 913 desideriis
577 848 714 912 eiusdem
741 845 841 930 regis,
871 845 1000 912 animum
1026 854 1109 912 tuum
1125 845 1164 933 b)
1186 847 1230 912 siu

23 1003 25 1020 .
60 957 188 1031 habilites,
204 957 248 1021 sic
265 965 399 1041 coaptes,
417 957 497 1041 quod
514 957 651 1022 omnibus
667 960 807 1040 patenter
823 960 978 1039 appareat,
1000 963 1030 1022 te
1046 961 1109 1022 toto
1127 957 1231 1030 corde,

61 1067 122 1138 omni
149 1067 380 1150 promptitudine
413 1087 450 1130 ae
481 1065 654 1132 intencione
685 1071 821 1149 paratum
853 1064 891 1129 ab
922 1065 1038 1130 iniuriis
1065 1066 1232 1150 principum

34 1177 40 1219 ⁸
60 1177 204 1250 abstinere,
226 1196 282 1240 nee
299 1175 354 1242 tibi
369 1177 467 1260 possit
483 1175 596 1259 aliquid
612 1176 650 1262 c]
666 1173 821 1258 imputari,
849 1194 907 1257 quo
930 1174 1027 1240 minus
1049 1174 1129 1240 inter
1154 1180 1185 1240 te
1203 1180 1233 1239 et

23 1287 24 1328 l
59 1307 143 1370 regem
164 1286 291 1350 eundem
312 1305 370 1369 pax
390 1291 530 1350 servetur
551 1288 697 1368 perpetua
719 1289 750 1348 et
770 1288 910 1348 teneatur
926 1283 1088 1349 eoncordia
1105 1283 1229 1350 illibata.

59 1398 107 1462 Nos
121 1395 194 1460 enim
209 1416 328 1461 omnem
344 1395 438 1468 viam,
466 1394 566 1460 bonos
584 1399 614 1458 et
629 1393 725 1459 iustos
742 1395 865 1467 modos,
894 1412 969 1477 quos
986 1393 1025 1458 ad
1042 1395 1232 1460 concordan-

22 1583 23 1590 .
60 1505 113 1569 lum
124 1506 153 1570 in
167 1505 324 1590 premissis
341 1525 409 1569 oum
431 1523 505 1588 rege
527 1505 646 1587 prefato
669 1509 701 1567 tu
724 1509 754 1567 et
769 1503 836 1586 ipse
853 1502 997 1568 duxeritis
1015 1502 1230 1578 admittendos,

22 1597 23 1600 Ἴ
60 1621 143 1697 gratos·
162 1621 192 1680 et
212 1620 359 1698 acceptos
381 1597 560 1678 habebimus
584 1618 616 1677 et
635 1612 763 1695 proinde
787 1611 843 1677 tibi
867 1617 897 1677 et
918 1613 976 1696 ipsi
1000 1618 1103 1696 grates
1120 1612 1230 1678 uberes

61 1725 196 1790 cumomni
211 1721 449 1808 promptitudine
465 1721 642 1787 refferemus
660 1719 712 1807 d).

128 1889 159 1958 o)
182 1888 400 1975 satisfaccionem
422 1887 452 1941 V.
466 1915 500 1926 -
514 1885 546 1954 h)
570 1888 642 1939 tuum
665 1901 707 1938 am
730 1884 822 1939 llande
846 1901 895 1939 uon
918 1884 1033 1939 auderet·
1056 1884 1129 1939 Haud
1152 1885 1182 1940 V.
1196 1915 1232 1925 -

64 1979 86 2046 e)
97 1979 159 2035 aliud
177 1982 206 2034 V.
221 2011 256 2020 -
270 1979 307 2048 d)
327 1978 442 2050 Pulachy
461 1977 541 2033 lleise
559 1995 583 2032 n.
604 1976 657 2032 aot
677 1979 736 2048 gibt
754 1978 843 2032 rueret
862 1974 911 2032 da'a
928 1977 1023 2031 Datum
1042 1977 1182 2032 Bellicardi
1196 1979 1226 2032 V.

22 2095 23 2098 ¹
60 2068 206 2126 lidluliia.
219 2071 263 2126 lV.

624 2366 659 2440 b.

441 2569 520 2651 laps
535 2567 732 2632 Romanorum
748 2567 821 2646 regl.

598 2725 676 2782 latu.

54 2891 163 2950 lusorem
182 2895 208 2948 V.
222 2893 300 2950 diuet
312 2895 365 2948 den
377 2893 465 2967 Kenio
478 2894 592 2964 liudolf,
611 2894 670 2948 dem
687 2891 813 2948 Gerbard
829 2909 879 2948 von
894 2893 1033 2957 (iranaon,
1052 2845 1104 2946 den
1117 2909 1148 2946 er
1160 2889 1230 2944 noch

55 2982 113 3038 einer
131 2985 362 3058 alattpefuudcnen
383 2984 562 3042 Sediaaacam
582 2987 641 3040 und
658 2983 832 3058 Doppelwodl
852 3002 909 3038 zum
921 2982 1039 3054 Bieebof
1057 2999 1106 3037 voa
1127 2983 1231 3037 Verdun

349 3075 496 3150 ethtyeaem,
510 3075 556 3132 die
568 3075 697 3148 Beqolien
709 3093 742 3129 zu
755 3075 923 3146 dherlrapen.

125 3224 204 3288 Inter
221 3241 313 3287 curas
329 3221 508 3306 multiplices
527 3227 557 3284 et
573 3221 746 3293 immensas,
769 3218 877 3303 quibus
903 3218 1025 3283 assidue
1047 3218 1185 3300 angimur
1201 3225 1232 3284 et

58 3329 245 3407 distrahimur,
278 3352 369 3414 super
390 3330 470 3395 vires
492 3329 672 3414 propensior
694 3334 825 3394 mentem
848 3335 980 3392 nostram
1004 3327 1172 3391 sollicitudo
1190 3328 1231 3415 a)

128 3498 160 3566 a)
173 3497 323 3554 sollieitulo
336 3497 366 3552 V.

76 3739 95 3798 ¹)
110 3741 210 3796 Restm,
229 3739 269 3786 die
286 3738 373 3784 blutter
389 3736 573 3795 llbnigbllons'‚
591 3748 640 3782 war
658 3736 696 3780 dle
714 3736 819 3782 roenter
836 3733 949 3792 Philipp's
967 3745 1013 3779 von
1030 3733 1168 3779 Schwaben.
1181 3733 1229 3778 Dar

104 3824 314 3880 Zumnrmenbang.
328 3822 352 3866 iu
368 3821 415 3866 (len
432 3820 511 3865 dieser
520 3819 586 3866 Briel
600 3820 702 3877 gebest,
720 3819 815 3878 argiebt
832 3819 881 3864 aleb
900 3831 943 3864 zur
960 3817 1058 3876 (tentigo
1070 3829 1111 3862 aus
1122 3817 1195 3874 'liopp
1212 3816 1219 3860 l
1224 3846 1233 3870 ‚

106 3906 157 3952 116.
175 3906 257 3952 Sciron
275 3905 307 3949 20
322 3904 393 3950 labra
410 3903 499 3948 verber
515 3903 580 3947 hatte
597 3904 668 3961 l’apst
683 3903 818 3948 Alexander
835 3901 871 3948 1v.
889 3901 963 3948 durch
981 3900 1050 3945 einen
1068 3899 1134 3944 Rrial
1148 3911 1175 3944 an
1188 3900 1233 3944 den

110 3988 286 4032 acbwibirehen
303 3986 360 4030 Adel
378 3985 416 4030 die
433 3984 571 4041 Anapi-aiche
588 3984 680 4030 Allona'
691 3983 732 4029 aul
746 3980 1234 4037 Schwabenuuterrtsrtzt.llaynald1255

105 4083 126 4113 n.
147 4071 185 4116 ⁵³.
208 4071 266 4116 cum
292 4068 354 4113 siout
372 4089 402 4100 -
424 4065 536 4110 fauorem.
557 4089 586 4099 -
611 4066 658 4110 nui
674 4063 732 4121 jona
753 4065 917 4123 Abatammung
945 4064 1033 4110 Alione·
1056 4062 1101 4118 „da
1122 4062 1239 4123 progenie

113 4152 191 4198 domur
208 4152 294 4196 (lucum
311 4149 396 4194 suevia
414 4147 442 4192 ad
459 4159 536 4205 quam,
553 4147 582 4193 da
600 4147 725 4207 privilegio
742 4147 874 4204 principum
891 4149 915 4192 et
927 4147 956 4191 da
968 4145 1122 4192 concessione
1138 4146 1240 4190 Romane

107 4235 206 4280 ecclesie
224 4229 380 4292 pontificum,
403 4229 525 4286 imperium
543 4230 603 4275 iuste
626 4230 651 4275 et
672 4230 743 4289 digne
766 4229 898 4274 dinoscitur
915 4228 1051 4287 pertinera“
1070 4227 1169 4273 berulan
1187 4227 1237 4273 rich

106 4316 215 4374 tangens
237 4313 276 4359 die
297 4313 404 4366 Pistum,
420 4311 455 4355 als
476 4311 519 4365 sia,
542 4309 581 4354 (lic
605 4309 697 4364 broten,
715 4310 761 4372 den
778 4311 861 4355 Alione
879 4310 917 4363 ,in
935 4309 1091 4355 Romanorum
1109 4320 1190 4367 regam
1209 4311 1234 4353 et

107 4398 268 4454 imperatorem
280 4392 375 4440 Romani
393 4387 499 4449 tmperhi“
517 4392 654 4454 erwdbltcm
673 4391 696 4436 S.
710 4393 733 4437 d.
746 4393 801 4438 Urh.
815 4405 865 4437 vom
879 4391 918 4437 18.
930 4391 996 4436 Mirr
1009 4389 1071 4435 lata
1083 4389 1159 4448 dunig
1173 4389 1232 4435 Cod.

109 4481 134 4527 lt.
152 4481 174 4536 l,
193 4479 265 4526 1061.
285 4475 407 4525 ΒοοΙιωοτ,
428 4473 601 4521 Reicbtsaeben
622 4460 660 4519 nb.
673 4474 714 4521 11.
728 4475 810 4522 -Dia
829 4476 937 4519 Autwort
955 4473 1063 4517 liudolfi
1086 4472 1128 4516 auf
1145 4485 1232 4518 unsarn

111 4570 174 4616 ΒΜ
188 4573 255 4620 ,pepp
271 4573 342 4618 unte„
359 4570 384 4614 Β,
396 4579 436 4611 no.
447 4560 490 4606 611.
507 4558 588 4618 Vergl.
607 4557 669 4606 noch
682 4559 784 4610 wutron,
798 4559 936 4614 llreuzmtga
953 4555 976 4610 7,
989 4552 1044 4600 aba.

112 4663 204 4709 Fontes.
219 4664 287 4710 llbth.
300 4667 327 4710 ll.
339 4664 379 4710 Bd.
392 4665 459 4710 XXV.
1005 4634 1022 4685 8
