3112 5118
642 689 705 762 ro.
763 651 774 664 “

482 885 646 966 luperator
668 887 845 968 apostollro.

450 1061 528 1115 1274.
543 1063 661 1118 Februar
673 1063 716 1117 2⁷.
730 1063 889 1134 Hegenove.

55 1219 140 1290 Kduiq
152 1221 268 1292 liudolf
277 1221 402 1291 verdorpt
413 1220 471 1276 cicli
481 1220 634 1291 feierlc'clret
646 1223 705 1278 dem
718 1225 801 1295 Popet
815 1225 917 1296 Greyor
928 1225 960 1278 X.
972 1227 1043 1280 Alter
1052 1245 1084 1281 zu
1097 1225 1195 1294 dolien,
1207 1244 1264 1282 was

53 1312 111 1366 rein
124 1313 249 1366 Konder
262 1313 318 1366 Otto
328 1314 424 1383 Propet
435 1330 467 1366 au
479 1314 518 1367 st.
531 1313 619 1367 (luido
627 1314 656 1368 in
667 1315 763 1386 Speicr
775 1315 822 1368 mr't
831 1313 883 1370 olim
895 1315 1061 1382 vadandelt,
1075 1316 1196 1372 wdaacdt
1207 1318 1267 1372 eine

55 1402 301 1472 zusammenlcunft
323 1401 369 1456 mit
389 1403 448 1456 dem
470 1405 561 1474 Popat,
582 1402 669 1458 maclrt
690 1403 737 1458 alm
759 1423 815 1458 zum
829 1404 1042 1460 Schiedoriclrler
1062 1405 1192 1461 aroioclren
1201 1405 1260 1460 sich

55 1491 110 1546 aad
131 1493 195 1545 dem
222 1491 327 1561 Grafen
348 1509 399 1545 von
421 1493 542 1560 Savoyen
559 1495 617 1547 und
632 1494 729 1546 meldet
754 1493 808 1548 idm
825 1490 900 1548 coice
919 1493 1086 1565 plitclolr'clren
1107 1491 1215 1568 Erfolye
1236 1494 1266 1550 io

570 1580 759 1636 Deulsclrland.

145 1744 231 1816 Kopp
245 1742 331 1812 Kdnig
343 1743 427 1798 Adoll
433 1763 460 1816 p.
475 1744 537 1799 29⁰.
552 1745 633 1799 Gerh.
649 1744 673 1808 l,
688 1743 730 1799 18.

148 1905 247 1968 Pater
272 1911 391 1988 patrum
419 1904 641 1978 amantissime,
669 1903 745 1990 aa]
762 1906 879 1969 cunctis
908 1906 976 1969 liliis
1000 1907 1152 1970 hominum
1168 1927 1261 1989 super

59 2012 168 2084 omnia,
177 2033 241 2096 que
255 2013 472 2100 sub'vestreb)
485 2013 673 2076 mortalitatis
692 2015 795 2076 vivunt
807 2014 921 2087 habitu,
935 2016 1112 2088 reverende,
1120 2015 1150 2078 in
1162 2021 1264 2078 vestre

62 2127 263 2202 assurgentes
279 2121 376 2184 laudis
392 2121 579 2202 preconium,
596 2141 655 2183 non
672 2140 746 2203 quas
764 2128 911 2194 tenemur,
929 2123 983 2185 sed
1000 2142 1074 2204 quas
1091 2142 1263 2203 possumus,

61 2228 198 2292 actiones
218 2227 387 2292 rederimus
404 2229 514 2292 uberes
537 2229 725 2309 graciarum,
752 2250 806 2311 pro
833 2251 885 2302 eo,
914 2231 993 2312 quod
1021 2231 1139 2292 sincere
1162 2231 1265 2293 nostre

63 2334 241 2400 devocionis
257 2337 444 2418 propositum
461 2357 516 2399 seu
531 2337 798 2418 promptitudinem
815 2338 864 2424 r),
880 2357 935 2420 per
950 2338 1046 2400 virum
1062 2339 1164 2420 utique
1181 2358 1266 2401 ccm-

63 2444 266 2507 mendabilem
294 2445 330 2508 N.
350 2444 388 2531 α)
426 2445 458 2506 in
488 2450 589 2508 vestre
622 2445 791 2508 sanctitatis
823 2447 1008 2527 fratrumque
1040 2445 1199 2526 presencia
1223 2445 1265 2530 d)

68 2553 238 2633 expositam
260 2559 290 2616 et
319 2553 465 2624 oblatam,
493 2553 619 2615 audistis
643 2553 730 2616 solite
753 2553 857 2633 gracia
879 2553 1010 2636 pietatis.
1043 2554 1171 2636 Propter
1187 2553 1267 2637 quod

69 2679 120 2722 nos
137 2662 187 2749 e),
212 2663 244 2723 in
260 2662 411 2724 soliditate
426 2661 573 2742 propositi
589 2661 799 2742 persistentes,
817 2661 909 2724 corde
925 2680 1012 2743 puro,
1028 2682 1088 2725 non
1104 2659 1175 2726 ficta
1191 2683 1266 2724 con·

69 2768 219 2842 sciencia,
247 2770 285 2832 ad
312 2769 457 2832 honorem
473 2768 530 2830 Dei
554 2774 583 2832 et
607 2769 820 2831 exaltacionem
842 2769 974 2832 Romane
998 2769 1127 2833 ecclesie
1145 2791 1267 2853 semper

69 2874 196 2940 ultronei
215 2877 349 2940 volumus
365 2877 437 2940 totis
455 2876 612 2940 conatibus
628 2877 766 2948 inveniri,
784 2896 887 2940 omnes
905 2878 1051 2940 ecclesias
1069 2883 1099 2940 et
1120 2898 1265 2959 personas

40 3009 43 3016 ’
71 2983 295 3049 ecclesiasticas
311 2985 423 3049 favoris
441 2985 670 3049 continuacione
688 2986 860 3057 confovere,
873 2984 904 3047 in
917 2984 1085 3048 exhibenda
1097 2985 1219 3048 iusticia
1227 2985 1266 3073 f)

41 3161 43 3164 Ι
71 3088 141 3172 ipsis
169 3095 239 3157 fore
266 3093 388 3166 faciles,
418 3099 449 3156 et
475 3094 506 3155 in
535 3092 718 3156 conferenda
746 3092 866 3174 gracia,
894 3099 984 3174 prout
1011 3093 1157 3157 honorem
1179 3095 1269 3157 decet

18 3225 19 3228 ¹
70 3199 184 3283 imperii
200 3202 255 3288 p),
270 3201 427 3274 liberales;
452 3203 490 3283 ad
512 3201 711 3264 universalem
734 3202 815 3264 orbis
838 3221 945 3283 pacem
968 3203 1047 3266 omni
1070 3203 1136 3266 nisu
1154 3204 1266 3267 oriture

71 3309 203 3374 radicem
220 3311 371 3374 discordie
387 3311 558 3375 medullitus
576 3311 721 3383 evellere,
749 3311 781 3373 in
798 3312 992 3395 cavendaque
1010 3313 1208 3375 discensionis
1227 3310 1267 3397 lv]

71 3421 194 3483 materia
238 3419 319 3480 sedis
357 3420 521 3501 apostolice
557 3419 678 3500 placitis
718 3425 749 3482 et
787 3419 936 3483 mandatis
968 3418 1100 3483 filialiter
1130 3420 1265 3492 obedire,

72 3535 212 3606 gerentes
239 3528 367 3591 ferventi
396 3528 502 3609 spiritu
530 3528 560 3590 in
587 3527 697 3591 mentis
721 3528 890 3601 desiderio,
923 3529 965 3591 illi
990 3534 1072 3591 terre
1096 3535 1200 3592 sancte
1222 3528 1266 3611 i),

72 3642 166 3700 vestre
196 3637 338 3699 bonitatis
355 3636 397 3721 lt)
426 3635 551 3699 oonsilio
580 3635 667 3698 nobis
696 3655 750 3697 seu
766 3633 798 3719 l)
816 3636 922 3698 auxilio
951 3636 1154 3718 suffragante,
1178 3657 1266 3719 quam

73 3743 243 3825 unigenitus
258 3743 315 3807 Dei
330 3743 407 3806 filius
424 3744 580 3824 multiplici
596 3742 743 3805 beneficio
762 3743 898 3806 omnibus
921 3745 1023 3807 mundi
1044 3745 1179 3826 partibus
1195 3767 1268 3827 pre-

75 3853 152 3928 tulit,
184 3855 340 3936 ipsamque
370 3853 575 3916 consecrando
605 3853 781 3934 aspersione
810 3854 856 3915 sui
894 3854 1077 3916 sanctissimi
1106 3855 1271 3946 sanguinis

157 4053 193 4123 a)
208 4054 237 4105 et
248 4052 336 4122 llopp.
356 4079 389 4088 -
405 4051 437 4118 b)
451 4052 542 4104 nostre
555 4050 633 4119 Kopp
646 4049 700 4103 ond
713 4049 793 4103 Gerh.
808 4077 842 4088 -
857 4048 889 4116 c)
903 4049 939 4102 lm
954 4047 1070 4119 Original
1090 4047 1137 4101 des
1157 4049 1268 4117 vatican,

75 4139 192 4204 Archivs,
213 4142 261 4195 das
280 4142 359 4211 llopp
379 4155 425 4192 vor
444 4139 501 4193 sich
519 4139 603 4200 hatte,
623 4139 698 4192 nicht
717 4139 811 4194 leshar.
830 4137 904 4192 Auclr
923 4137 982 4192 dem
1001 4138 1122 4191 Dictator
1139 4155 1201 4208 mag
1219 4139 1268 4192 das

77 4227 143 4285 Wort
161 4232 235 4287 nicht
252 4232 342 4284 lesbar
359 4245 483 4298 geweeen
506 4229 563 4281 sein
584 4229 638 4283 und
659 4228 782 4282 desslralb
807 4246 868 4299 mag
893 4245 924 4282 er
946 4227 1095 4297 geaweilelt
1119 4229 1214 4292 haben,
1233 4231 1267 4282 ob

77 4337 102 4374 as
113 4325 276 4395 propositum
290 4321 333 4375 od.
349 4319 583 4391 promptitudinem
592 4318 689 4373 heisse.
705 4350 738 4358 —
752 4320 788 4388 d)
799 4319 963 4388 presenciam
976 4319 1005 4372 V.
1016 4335 1040 4370 u.
1055 4319 1082 4370 Z.
1097 4349 1124 4357 -
1135 4322 1166 4388 e)
1179 4321 1268 4390 Prop-

78 4413 113 4464 ter
124 4415 193 4483 qnod
206 4430 256 4467 nos
269 4411 340 4466 fehlt
351 4412 437 4482 llopp.
459 4439 493 4450 —
505 4409 536 4480 f)
551 4409 684 4464 iusticiam
704 4410 732 4462 Ζ.
753 4439 789 4451 -
797 4409 832 4480 y)
847 4408 948 4478 regium
958 4408 1054 4478 llopp.
1069 4437 1097 4448 -
1112 4408 1147 4478 la)
1162 4409 1268 4465 disson·

79 4503 148 4558 sionis
166 4507 253 4574 llopp.
281 4532 310 4541 —
335 4501 362 4571 i)
376 4505 467 4555 sa'ncte
494 4500 592 4554 fehltll.
611 4501 676 4567 -lr)
704 4499 851 4552 sanctitatis
866 4499 985 4562 ll.—l)
1001 4503 1027 4551 et
1042 4499 1071 4551 K.
