3168 5124
323 510 492 594 llnemplnrn
508 507 664 575 dilinitive
682 509 832 574 sentencie
848 507 965 604 papalis
982 506 1030 593 a).

167 667 333 752 Gregorius
367 671 532 755 episcopus
569 691 594 735 s.
628 692 653 736 s.
683 671 740 734 Dei
777 671 941 736 venerabili
972 670 1003 734 in
1035 669 1154 734 Christo
1186 668 1275 734 fratri

85 778 388 863 v.l1agueburgensi
409 781 638 865 archiepiscopo
662 785 721 845 etc.
756 779 833 862 Quia
860 800 939 866 equa
967 785 1014 846 est
1035 779 1085 844 via
1099 778 1220 844 Domini
1243 785 1275 843 et

85 888 215 974 iniquitas
230 908 289 972 per
305 889 369 954 eius
386 891 522 954 semitam
539 910 598 954 non
613 889 762 964 transibit,
780 911 852 965 nos,
869 910 944 974 quos
960 889 1062 973 posuit
1073 889 1112 953 ad
1126 888 1210 954 ovilis
1227 888 1274 953 sui

87 998 257 1072 custodiam,
284 999 440 1063 constituti
462 999 586 1062 cuilibet
607 999 759 1064 debitores
776 1020 812 1063 ae
835 1020 891 1083 per
912 1001 1019 1064 summi
1040 999 1136 1083 patris
1154 997 1277 1064 semitas

26 1181 27 1186 .
85 1107 277 1172 sollicitudine
294 1105 492 1196 lgradientes,
516 1130 551 1172 eo
568 1116 703 1181 auctore,
721 1109 771 1192 qui
789 1109 852 1172 odit
874 1107 1061 1192 iniquitatem
1078 1114 1109 1174 et
1124 1108 1276 1176 iusticiam

84 1217 182 1300 diligit,
214 1237 232 1280 a
266 1218 343 1282 calle
374 1218 564 1282 rectitudinis
597 1240 670 1286 non,
690 1219 874 1282 discedimus
914 1239 1012 1305 neque
1044 1219 1081 1283 ab
1120 1239 1198 1306 equa
1228 1219 1278 1283 via

83 1307 202 1400 iusticie,
211 1333 366 1413 'quantum
381 1329 510 1392 humana
526 1329 597 1393 sinit
614 1330 763 1402 condicio,
790 1329 953 1395 deviamus.
999 1331 1079 1394 Sane
1110 1330 1142 1393 in
1173 1335 1277 1394 nostra

83 1439 230 1522 presencia
241 1439 279 1502 H.
297 1439 423 1503 dilectus
439 1439 471 1502 in
483 1438 601 1503 Christo
612 1439 690 1503 filius
702 1441 974 1506 Helbecsteteneic
991 1438 1028 1529 ὂ)
1041 1439 1173 1503 ecclesie
1186 1460 1277 1504 cano·

83 1549 156 1612 nicus
173 1548 313 1612 eiusdem
341 1548 472 1611 ecclesie
495 1555 681 1631 procurater,
710 1549 910 1613 sollieitudine
929 1547 965 1634 e)
984 1555 1014 1612 et
1041 1569 1109 1612 curn
1131 1549 1278 1614 instancia

84 1659 244 1743 postulavit,
255 1663 413 1742 ,quatenus
432 1658 610 1722 electionem
624 1659 728 1722 dilecti
740 1659 792 1721 filii
805 1661 839 1722 L.
858 1658 909 1745 d),
927 1678 1015 1744 quem
1029 1660 1134 1723 eadem
1148 1661 1278 1724 ecelesia

86 1769 111 1832 in
124 1769 301 1854 episcopum
326 1767 460 1850 elegerat
477 1772 507 1831 et
522 1772 686 1850 pastorem,
708 1768 888 1831 auctoritate
911 1769 1086 1851 apostolican
1099 1770 1277 1833 confirmare

87 1878 278 1961 dignaremur.
304 1876 350 1939 rid
366 1877 423 1939 hoe
441 1875 568 1940 dilectus
585 1877 615 1940 in
632 1877 750 1941 Christo
766 1876 843 1940 filius
860 1876 908 1949 G.‚
926 1882 1030 1942 sancte
1047 1880 1139 1943 llarie
1155 1879 1278 1944 ,Iericho

84 1993 263 2070 procurator,
281 1985 441 2068 proposuit
457 2007 493 2048 ex
509 1986 654 2058 adverso,
677 1985 757 2069 quod
774 1985 843 2069 quia
860 1987 1024 2049 secundum
1046 1988 1119 2051 iuris
1141 1991 1277 2071 regulam

83 2099 137 2182 plus
159 2102 305 2181 operatur
327 2094 413 2157 unius
437 2101 625 2178 contemptus
643 2115 731 2178 quam
752 2095 909 2158 multorum
933 2097 1143 2170 contradictio,
1172 2098 1275 2163 dilecti

82 2211 110 2273 b.
126 2210 161 2293 e)
179 2207 291 2273 electio
311 2226 372 2268 non
386 2204 497 2269 valebit
514 2203 571 2267 hac
586 2204 719 2276 racione,
738 2204 807 2288 quia
824 2204 954 2268 ecclesia
970 2205 1000 2268 in
1015 2206 1138 2270 ,iericho
1154 2207 1219 2290 pari
1238 2206 1274 2292 f)

25 2337 27 2340 ·
81 2321 138 2384 iure
166 2316 328 2384 electionis
357 2320 387 2379 et
414 2313 502 2376 simili
530 2311 669 2377 libertate
698 2313 829 2395 eligendi
858 2314 993 2397 aprima
1021 2316 1067 2379 sui
1095 2318 1276 2381 fundacione

81 2449 190 2514 semper
198 2436 246 2494 est
260 2429 379 2512 gavisa,
393 2432 482 2508 prout
494 2445 527 2487 se
540 2423 698 2507 papalibus
714 2429 743 2486 et
750 2423 953 2506 imperialibus
966 2426 1132 2509 privilegiis
1146 2427 1277 2491 asseruit

25 2609 26 2620 ἶ
81 2539 276 2621 probaturum.
324 2537 363 2600 Et
391 2555 458 2599 cum
486 2533 617 2597 eeclesia
648 2533 679 2595 in
709 2532 831 2596 Jerieho
864 2533 895 2596 in
926 2535 1073 2600 electione
1104 2536 1220 2601 Ludolli
1235 2536 1275 2623 9)

83 2649 191 2712 esclusa
207 2647 304 2712 fuerit
321 2652 351 2710 et
367 2645 602 2726 condempnata,
631 2642 809 2705 electionem
826 2641 922 2724 ipsam
938 2646 1130 2726 pronunciari
1154 2644 1278 2730 petebat

25 2773 26 2834 ξ
82 2759 185 2822 irritam
197 2755 239 2847 h)
253 2764 286 2822 et
299 2757 427 2819 inanem.
445 2751 610 2817 Asserebat
622 2758 771 2834 preterea,
786 2751 866 2834 quod
879 2753 1052 2835 sepedictus
1066 2757 1101 2818 L.
1118 2754 1162 2843 i),
1179 2755 1273 2839 ipsius

84 2868 202 2931 ecclesie
219 2867 381 2930 menbrum
397 2884 457 2928 non
474 2862 624 2933 existens,
642 2861 713 2944 eligi
729 2883 789 2925 non
807 2860 948 2936 debebat,
966 2863 1021 2926 sed
1042 2863 1148 2947 pocius
1170 2869 1276 2947 postu-

25 2999 27 3062 3
82 2977 137 3041 lari.
167 2977 212 3040 Ex
238 2977 301 3040 hiis
329 2974 422 3057 igitur
449 2978 479 3037 et
508 2970 573 3035 aliis
604 2971 703 3034 causis
733 2971 912 3035 electionem
939 2973 1212 3039 Halterstatenec‘c
1235 2971 1275 3059 1⁶)

86 3086 205 3149 ecclesie
237 3086 277 3149 de
293 3086 330 3148 L.
362 3084 394 3170 l)
418 3081 543 3154 cassari,
573 3087 604 3145 et
630 3081 660 3143 in
687 3081 811 3144 ,iericho
839 3081 950 3144 iactam
982 3082 1019 3144 de
1050 3083 1083 3147 B.
1114 3083 1165 3173 l),
1181 3082 1276 3165 ipsius

87 3196 205 3258 ecclesie
218 3194 386 3278 preposito,
402 3199 544 3277 tanquam
557 3192 604 3279 m)
622 3190 797 3254 canonicam
813 3191 937 3275 petebat
953 3192 1080 3256 sollicite
1098 3192 1275 3257 confirmari.
1328 3219 1329 3224 ¹

85 3305 139 3368 Nos
154 3307 248 3389 igitur
263 3304 390 3387 provida
406 3302 628 3367 deliberacione
641 3302 682 3389 o)
698 3307 880 3385 pensantes,
897 3303 977 3386 quod
994 3304 1124 3367 ecelesia
1140 3306 1276 3371 Helber-

86 3417 228 3482 eletensis
243 3419 370 3499 profiter
386 3414 531 3496 allegatas
548 3431 656 3475 causas
677 3411 808 3494 eligendi
826 3417 856 3476 et
872 3413 960 3477 modo
978 3413 1035 3476 sibi
1052 3391 1187 3497 quolibet
1201 3434 1273 3496 pro-

25 3581 26 3586 ,
87 3523 197 3588 videndi
221 3547 256 3588 se
274 3523 445 3607 privaverat
460 3521 519 3584 ista
534 3521 614 3592 vice,
633 3521 861 3586 considerantes
879 3523 976 3587 eciam
992 3524 1073 3607 quod
1090 3523 1220 3588 eeclesia
1237 3523 1276 3612 0)

87 3632 216 3707 lericbo,
234 3655 295 3718 que
312 3655 372 3696 non
387 3630 561 3714 principalis
577 3631 619 3717 a)
635 3636 732 3698 mater
746 3631 837 3696 immo
862 3633 993 3696 ecclesie
1009 3635 1279 3701 Helberctatcnsie

90 3744 260 3807 secundaria
292 3741 457 3814 iudicatur,
485 3740 557 3804 lieet
585 3761 654 3804 esse
681 3741 779 3823 pessit
807 3743 884 3825 quod
913 3743 1041 3808 haberet
1068 3750 1209 3827 quantum
1241 3745 1279 3808 ad

90 3853 260 3918 electionem
273 3873 341 3917 eum
352 3851 477 3916 matrice
491 3851 622 3916 ecclesia
634 3851 673 3941 d]
687 3853 792 3917 eadem
804 3853 893 3916 modo
908 3851 1040 3936 quolibet
1052 3852 1097 3916 ius
1111 3873 1279 3929 commune,

91 3983 143 4026 non
168 3969 270 4028 tamen
296 3968 401 4046 posset
428 3962 615 4045 aliquatenus
648 3983 706 4026 nec
739 3962 866 4028 baberet
896 3964 961 4026 sine
993 3963 1117 4027 matrice
1150 3967 1280 4030 ecclesia

94 4071 183 4138 eidem
194 4074 283 4138 modo
297 4073 432 4157 quolibet
446 4074 621 4156 previdere:
640 4074 678 4137 de
694 4081 809 4140 maturo
827 4076 952 4140 fratrum
968 4080 1137 4139 nostrorum
1154 4078 1280 4143 consilio

177 4240 209 4306 a)
226 4237 333 4310 papalis
347 4237 415 4292 i'eblt
428 4238 457 4291 V.
471 4238 539 4291 Dist.
559 4239 600 4292 lll.
615 4236 645 4290 V.
667 4269 695 4277 -
712 4236 744 4307 b)
758 4239 928 4293 Hastacensis
940 4240 971 4294 V.
989 4269 1016 4278 -
1033 4240 1065 4309 e)
1078 4240 1192 4297 sollicite
1204 4241 1231 4295 Z.
1250 4272 1278 4282 -

25 4357 26 4360 =
96 4327 127 4398 d)
139 4331 167 4384 ll.
181 4331 207 4383 Z.
218 4331 288 4400 —e)
309 4330 338 4383 R.
357 4328 466 4400 Z.-f)
487 4347 537 4402 pro
547 4331 577 4384 V.
592 4361 624 4369 -·
636 4332 672 4401 9)
688 4331 791 4384 liudolfi
805 4331 833 4384 Z.
845 4360 872 4370 -·
883 4329 916 4399 l)
932 4331 1019 4386 initam
1033 4333 1062 4386 V.
1080 4363 1108 4371 —
1124 4333 1152 4404 c')
1162 4333 1192 4389 R.
1206 4334 1234 4387 Z.
1249 4363 1276 4372 -

97 4418 127 4485 lc)
138 4421 309 4474 llalstateneis
318 4420 348 4474 V.
361 4451 391 4460 -
408 4419 515 4491 l)liud.
528 4422 555 4475 Z.
570 4451 597 4460 -
612 4423 651 4490 m)
665 4426 763 4476 tantam
773 4423 804 4476 V.
817 4452 850 4461 -
861 4422 894 4491 n)
909 4421 1107 4477 considerantes
1120 4424 1160 4479 vel
1174 4441 1191 4494 p
1204 4425 1231 4477 Z.
1245 4452 1281 4463 -·

98 4510 127 4578 o)
140 4512 163 4564 in
175 4513 228 4565 der.
242 4513 270 4566 Z.
283 4543 318 4550 -
329 4513 366 4585 p)
379 4513 566 4585 principaliter
580 4513 609 4568 V.
629 4545 654 4554 ··
671 4518 707 4588 q)
722 4515 840 4570 ecclesie
853 4516 883 4569 V.
