3116 5124
1164 302 1209 371 61

13 447 15 542 i
40 496 85 542 uec
104 476 148 540 uir
167 482 269 558 potest
292 497 356 540 eam
377 477 546 559 prohibere.
581 477 615 542 Si
632 496 704 558 ergo
728 476 825 558 aliqua
841 481 975 538 matrona
993 476 1077 538 daret
1093 495 1159 538 meo
1176 476 1215 561 a)

13 621 15 672 j
39 585 214 657 monasterio,
228 585 275 646 vel
290 586 433 649 venderet
448 586 616 669 cuicunque
628 586 852 668 possessionem
860 584 987 667 aliquam
995 604 1051 667 que
1067 589 1148 646 esset
1162 584 1216 646 dos

38 693 99 765 cius,
114 693 144 755 in
159 692 318 774 privilegio
341 693 431 757 debet
457 693 522 756 fieri
550 693 677 766 mentio,
706 693 784 776 quod
813 692 879 774 ipsa
901 692 1038 775 possedit
1058 713 1122 754 rem
1137 692 1216 755 illam

13 819 15 864 3
38 801 242 864 iuredotalicio.
253 802 367 864 —Dos
381 803 470 866 etiam
485 803 594 869 dieitur
605 802 653 864 illa
666 802 832 884 possessio,
841 821 898 884 que
912 801 998 864 datur
1014 801 1102 863 alicui
1116 801 1216 862 eccle-

13 921 14 976 ἶ
39 909 196 973 sienoviter
211 911 294 973 lacte
312 911 343 972 in
367 911 533 974 subsidium
554 909 685 994 plebani,
703 918 734 974 et
750 917 873 974 vocatur
894 910 925 972 in
946 909 1062 992 uulgari
1086 911 1213 976 Wdem.

13 1005 14 1028 ³
38 1018 125 1082 Solent
139 1018 218 1080 enim
236 1019 370 1081 ecclesie
388 1019 485 1083 dotari
508 1019 657 1102 aliquibus
672 1017 916 1100 possessionibus
939 1025 971 1082 et
992 1019 1041 1081 illa
1061 1017 1215 1099 possessio

40 1133 141 1190 iocatur
166 1128 224 1192 dos
252 1130 387 1192 ecclesie
415 1134 445 1192 et
473 1129 563 1191 debet
591 1148 658 1190 esse
675 1126 780 1198 libera,
798 1125 876 1190 sicut
891 1127 1022 1189 ccclesia
1043 1126 1137 1188 libera
1160 1133 1215 1197 est,

13 1233 115 1320 ital)
131 1241 161 1298 ut
188 1255 280 1298 nemo
311 1236 419 1300 debeat
446 1237 516 1298 inde
544 1235 840 1317 accipereoteurao
866 1235 913 1297 vel
942 1235 1015 1298 alias
1044 1234 1215 1297 exactiones

13 1361 15 1370 ·
40 1349 198 1426 quocunque
211 1345 339 1410 'nomine
357 1352 543 1408 censeantur.

13 1451 15 1600 i
452 1543 499 1586 De
512 1542 577 1586 iure
590 1542 772 1596 patronatus.

13 1609 15 1729 l
530 1636 657 1681 Distinctio
669 1637 708 1682 lll.

13 1737 15 1760 l

13 1799 15 1854 ἶ
108 1789 160 1852 Est
175 1796 279 1854 autem
297 1789 335 1872 ο)
351 1790 397 1852 ius
415 1797 600 1873 patronatus,
623 1791 703 1873 quod
718 1789 839 1872 proprie
848 1788 986 1876 pertinet
1003 1787 1041 1851 ad
1056 1787 1147 1860 illum,
1165 1788 1214 1872 qui
1224 1813 1299 1856 rann
1310 1827 1330 1854 t.

13 1923 14 1928 ¹
43 1901 76 1958 est
85 1902 220 1978 patronus
237 1899 365 1961 alicuius
383 1899 528 1988 ecelesie3
545 1900 593 1960 ille
610 1905 710 1962 autern
725 1903 849 1960 vocatur
860 1902 1003 1979 patronus
1021 1897 1161 1969 ecclesie,
1174 1895 1213 1978 d)

13 2047 14 2050 κ
43 2005 79 2084 qui
90 2005 173 2068 alicui
190 2007 326 2069 ecclesie
339 2014 409 2069 aute
423 2008 682 2069 consecrationem
698 2000 796 2089 aliqua
808 2005 954 2086 impendit
966 2005 1124 2078 beneficia,
1137 2007 1215 2069 sicut

13 2155 14 2206 g
40 2113 59 2173 si
72 2113 115 2177 dat
133 2116 259 2179 fundum
277 2115 329 2178 ubi
346 2115 511 2179 edificanda
528 2121 575 2178 est
591 2115 733 2186 ecclesia,
755 2115 802 2177 vel
825 2113 851 2176 si
874 2113 994 2177 edificat
1016 2134 1092 2184 eam,
1118 2113 1164 2176 vel
1188 2113 1214 2174 si

13 2207 15 2232 i
38 2220 102 2286 dotat
122 2241 186 2286 eam
204 2224 255 2311 e),
273 2225 352 2287 unde
369 2245 493 2287 versus:

108 2333 266 2397 Patronum
289 2333 404 2398 faciunt
420 2330 485 2404 do's,
503 2333 663 2405 edificatio,
680 2333 799 2396 fundus.

108 2440 252 2506 Patronus
281 2442 383 2524 itaqua
398 2447 579 2523 potestatem
597 2442 687 2504 babet
703 2441 879 2505 conferendi
895 2440 1055 2503 ecelesiam
1071 2434 1130 2503 eui'
1141 2441 1213 2510 vult,

40 2551 63 2608 et
84 2549 166 2613 debet
188 2558 368 2634 presentare
386 2551 423 2638 f)
441 2541 583 2634 episcopo
606 2551 687 2612 illum
710 2550 758 2613 cui
781 2548 905 2613 eontulit
927 2550 1099 2621 ecelesiam,
1122 2555 1155 2612 ut
1175 2551 1214 2613 ab

13 2569 17 2724 i
41 2653 90 2735 ipso
102 2659 139 2745 a)
154 2660 335 2724 investiatur
362 2661 439 2724 dono
468 2661 588 2731 altaris;
619 2660 779 2743 episcopus
806 2665 906 2721 tamen
933 2662 1033 2740 potest
1059 2657 1214 2739 indignum

13 2787 15 2854 r
41 2765 157 2830 rediture.
189 2771 341 2832 Patronus
371 2772 461 2832 etiam
489 2769 580 2852 debet
607 2768 768 2830 ecclesiam
797 2767 960 2830 defendere
983 2766 1020 2829 ab
1037 2766 1165 2838 iniuriis,
1183 2773 1214 2829 et

13 2873 15 3014 q
41 2874 130 2951 primus
144 2879 226 2942 vadit
242 2879 274 2941 in
290 2877 487 2961 processione
502 2876 542 2963 d)
561 2896 651 2939 causa
667 2875 800 2946 honoris,
813 2882 914 2959 potest
927 2875 1016 2938 etiam
1028 2875 1213 2938 moderatum

13 3015 15 3148 p
43 2981 208 3050 sublevamen
241 2987 281 3049 ab
314 2987 446 3049 eeclesia
477 2992 616 3068 repetere
646 2979 674 3048 si
705 2985 795 3048 fuerit
826 3005 955 3067 pauper;
977 2973 1063 3047 ‘unde
1090 2975 1212 3047 versus:

288 3133 403 3186 Patrono
417 3130 531 3186 debetur
545 3131 638 3193 honor,
653 3147 722 3183 onus
735 3129 905 3200 utilitasque:

288 3223 442 3284 Prosentet,
455 3226 565 3293 preest,
580 3221 722 3286 defendat,
735 3221 823 3276 alatur
836 3236 945 3291 egenus.

486 3401 531 3444 ne
546 3401 737 3445 testamentis.

530 3495 655 3540 Distinctio
668 3495 702 3541 lV.

13 3589 15 3704 i
111 3629 161 3694 list
176 3638 206 3695 et
222 3631 269 3693 ius
286 3630 475 3702 testamenti,
492 3630 551 3694 hoo
568 3631 740 3712 specialiter
756 3636 875 3700 notate,
894 3630 963 3713 quia
980 3631 1154 3713 frequenter
1174 3629 1209 3714 ί)
1285 3680 1288 3685 .

43 3739 156 3801 occurrit.
202 3741 259 3802 Est
296 3745 395 3802 autem
433 3744 645 3806 testamentum
683 3739 768 3822 quasi
806 3738 965 3802 voluntatis
998 3739 1100 3802 ultime
1132 3740 1210 3802 iusta
1282 3806 1283 3811 ,

13 3833 14 3894 l
43 3835 164 3910 sententia
194 3849 231 3911 de
255 3850 290 3912 ed
314 3847 393 3930 quod
409 3853 478 3929 post
501 3854 628 3910 mortem
645 3833 729 3909 suam
745 3846 851 3930 aliquis
867 3846 931 3910 fieri
954 3848 1061 3920 voluit,
1090 3848 1208 3930 quando

43 3946 158 4018 uidelicet
183 3957 271 4021 bomo
297 3939 340 4020 de'
361 3957 538 4039 patrimonio
563 3964 593 4021 et
618 3957 711 4020 rebus
733 3957 795 4020 suis
819 3957 897 4020 iuste
921 3957 1060 4039 disponit.
1093 3957 1210 4020 Dicitur

13 4075 15 4146 ᾗ
44 4064 120 4124 numm
134 4073 353 4132 testamentum
375 4066 460 4148 quasi
477 4068 605 4132 testatio
621 4067 737 4132 meretis
760 4087 851 4149 super
874 4067 1070 4149 dispositione
1086 4066 1209 4129 beredi-

43 4167 111 4240 tatis,
132 4180 160 4261 et
173 4177 221 4256 qui
239 4175 313 4237 l'acit
328 4179 539 4238 testamentum
557 4181 682 4238 vocatur
698 4183 841 4242 testator.
874 4177 913 4240 Et
929 4176 1106 4247 notandum,
1129 4177 1209 4259 quod

13 4301 15 4382 f
116 4335 146 4403 a)
159 4343 247 4392 losum
261 4339 288 4392 z.
304 4369 336 4380 -
351 4339 383 4408 s)
397 4339 432 4391 aa
447 4339 519 4392 fanu
530 4339 560 4392 v.
575 4369 610 4378 -
624 4339 654 4408 ο)
669 4339 748 4392 aaran
761 4339 805 4393 ror
818 4349 904 4393 auram
917 4341 944 4394 z.
956 4369 988 4378 -
1002 4341 1037 4410 a)
1051 4341 1095 4394 nn
1109 4339 1148 4394 oss
1163 4344 1207 4411 qur

45 4418 98 4473 leblt
106 4422 132 4476 V.
145 4453 174 4466 —
186 4429 216 4498 e)
230 4432 271 4484 vel
296 4429 367 4482 unde
386 4429 454 4482 fehlt
467 4429 494 4483 V.
513 4461 541 4470 -
562 4427 758 4498 f)presentari
785 4431 814 4483 V.
833 4431 917 4501 eq)
938 4430 1065 4500 episcopo
1088 4430 1130 4484 fiir
1149 4429 1207 4498 ipso

46 4505 66 4556 z·
81 4539 108 4550 -
119 4511 148 4580 d)
164 4518 232 4573 eirca
244 4505 383 4574 eeclesiam
397 4522 424 4574 Z.
442 4549 469 4560 ·-
487 4519 514 4584 i)
528 4519 693 4588 frequentius
707 4522 734 4573 Z·
