3112 5118
280 251 358 322 QG

279 442 368 504 quo,
394 423 442 486 die
465 423 591 508 locoque
607 425 647 512 a)
664 426 784 508 prolixis
808 428 845 491 ab
870 428 1055 512 omnibus1)
1084 428 1297 490 convenientes
1319 426 1482 494 inunum,

278 537 347 612 post
363 531 470 595 multos
489 540 518 597 et
534 535 633 598 varios
652 536 688 598 de
705 537 797 600 futuri
813 538 895 618 regis
914 537 1061 601 electione
1077 543 1243 608 tractatus,
1271 535 1395 598 tandem
1423 531 1482 594 sub

280 640 510 703 deliberacionis
528 643 640 724 prolixe
659 644 800 716 consilio,
830 664 916 727 quam
939 645 1060 726 negocii
1077 645 1205 727 qualitas
1223 642 1384 726 exigebat,
1409 642 1485 703 lieet

279 753 419 829 poterant
445 749 476 811 in
504 751 660 813 nonnullos
689 751 763 814 alios
791 751 880 833 longe
909 751 1127 834 cleriorumque
1155 753 1299 815 virtutum
1316 751 1355 833 d)
1371 749 1482 832 tytulis
1552 740 1553 743 '

279 857 457 938 insignitos,
480 857 630 941 longeque
647 859 769 941 majoris
786 861 886 923 meriti
910 861 1046 925 claritate
1070 856 1253 942 conspicuos
1271 839 1486 929 consensisse,
1552 852 1553 855 ’

281 985 336 1028 nos
352 971 453 1028 tamen
470 965 507 1027 ad
524 970 585 1029 tam
601 966 784 1030 honorabilis
802 967 924 1031 honoris
941 968 1098 1050 fastigium
1115 969 1193 1030 nullo
1209 987 1336 1050 prorsus
1354 965 1486 1037 ambitu,
1552 1014 1553 1017 ,

282 1079 359 1137 teste
374 1072 576 1145 consciencia,
589 1075 768 1156 aspirantes
783 1075 820 1138 ad
833 1076 951 1158 imperii
964 1077 1098 1157 regimen
1112 1082 1280 1148 erexerunt,
1294 1075 1487 1156 aceepcione
1552 1111 1554 1144 ς

282 1186 384 1244 nostra
401 1181 610 1244 nichilominus
626 1182 786 1264 inportuna
802 1183 952 1246 instancia
969 1184 1128 1265 postulata.
1553 1169 1554 1176 ἵ

373 1290 436 1352 Nos
453 1289 572 1372 itaque,
598 1290 670 1353 licet
686 1291 783 1354 animo
800 1292 917 1373 trepido
934 1292 1140 1361 revolventes,
1162 1311 1220 1375 qne
1238 1296 1268 1354 et
1285 1291 1382 1373 qualis
1402 1294 1490 1352 esset

282 1397 371 1479 hujus
395 1397 492 1461 divine
515 1398 726 1480 disposicionis
748 1400 889 1472 vocacio,
918 1407 1022 1482 utpote
1045 1405 1149 1463 nostre
1171 1399 1345 1483 multiplicis
1361 1397 1489 1461 insnlli-

283 1505 451 1588 cienciec)
479 1527 539 1569 non
566 1508 681 1588 ignari,
712 1507 936 1584 formidavimus
965 1508 1171 1571 conscendere
1209 1513 1293 1571 tante
1326 1508 1489 1589 speculam

284 1613 449 1694 dignitatis,
467 1615 595 1697 quodam
612 1615 750 1679 nimirum
767 1617 886 1681 attoniti
902 1623 1032 1681 tremore
1049 1617 1164 1698 pariter
1180 1622 1211 1680 et
1227 1623 1361 1698 stupore.
1396 1617 1435 1680 ln
1453 1634 1489 1676 eo

284 1728 394 1809 tamen,
413 1723 463 1806 qui
478 1724 538 1786 alto
556 1730 586 1787 et
598 1724 741 1788 ineffabili
758 1746 812 1788 sue
829 1727 955 1789 consilio
967 1726 1096 1790 Deitatis
1110 1726 1305 1789 condiciones
1322 1731 1355 1788 et
1371 1729 1490 1788 statum

284 1831 488 1903 terrestrium,
516 1837 605 1914 prout
621 1833 698 1904 vult,
728 1840 759 1897 et
779 1834 876 1898 variat
898 1840 929 1898 et
950 1835 1096 1907 alternat,
1124 1835 1235 1918 quique
1263 1833 1357 1896 robur
1385 1831 1493 1894 multi-

283 1941 375 2024 plicat
391 1946 421 2002 et
436 1939 676 2004 balbucientihus
695 1942 899 2025 eloquenciam
922 1943 1043 2014 tribuit,
1066 1943 1268 2014 confidentes,
1291 1948 1322 2006 et
1346 1941 1491 2023 spiritum

284 2049 465 2114 fortitudinis
480 2057 667 2114 assumentes
675 2071 685 2123 ;
698 2051 737 2114 ad
750 2051 876 2131 gloriam
889 2057 919 2115 et
931 2052 1048 2115 laudem
1061 2052 1143 2133 regis
1156 2070 1273 2132 regum,
1288 2050 1325 2112 ob
1339 2069 1491 2114 reveren·

285 2159 362 2222 ciam
390 2164 494 2222 sancte
523 2159 625 2222 matris
657 2159 787 2222 ecclesie
819 2166 849 2223 et
879 2158 1029 2222 katholice
1060 2159 1130 2223 fidei
1161 2160 1389 2229 fulcimentum,
1425 2165 1489 2222 tam

167 2269 435 2333 l‘’l-⁴⁰⁰·laboriose
452 2267 658 2333 sollicitudinis
682 2268 831 2330 exercicio
854 2274 885 2331 et
906 2273 968 2331 tam
988 2268 1139 2332 honorose
1163 2284 1235 2330 cure
1257 2268 1424 2348 regimini,
1452 2288 1490 2329 ne

258 2373 260 2377 ’
286 2380 365 2462 quod
397 2379 518 2461 superni
551 2377 668 2440 consilii
695 2377 820 2440 altitudo
856 2377 1048 2448 decreverat,
1081 2376 1238 2440 scissionis
1270 2369 1323 2440 aut
1355 2381 1486 2458 rupture

286 2488 443 2570 dispendio
476 2490 667 2567 contingeret
697 2484 858 2557 infirmari,
897 2485 1081 2549 subiecimus
1121 2486 1263 2548 humeros
1301 2485 1487 2555 imbecilles,

285 2602 453 2684 sperantes,
470 2595 550 2676 quod
567 2594 652 2657 nobis
669 2599 731 2657 tarn
746 2594 802 2655 Dei
820 2613 909 2677 qnam
925 2600 1120 2658 sacrosancte
1136 2595 1240 2657 matris
1264 2594 1400 2656 ecclesie
1427 2611 1486 2655 nec

287 2726 346 2768 non
363 2703 527 2787 apostolice
543 2704 647 2785 gracie
663 2703 816 2784 plenitudo
834 2705 924 2785 atque
940 2703 1059 2784 paterni
1075 2701 1168 2765 vestri
1184 2702 1297 2766 favoris
1315 2700 1488 2764 clemencia

287 2815 396 2879 debeat
411 2834 469 2876 non
485 2814 602 2876 deesse.
620 2813 747 2876 lactatis
763 2813 856 2893 igitur
873 2812 1114 2892 cogitacionibus
1131 2813 1243 2875 nostris
1261 2812 1293 2874 in
1318 2832 1375 2883 eo,
1399 2811 1487 2873 cuius

287 2925 411 3008 imperio
428 2923 554 2986 vivimus
570 2923 611 3006 d)
629 2928 659 2986 et
674 2922 705 2986 in
721 2921 807 2985 vobis
823 2922 955 2984 anchora
972 2922 1038 3005 spei
1055 2927 1157 2984 nostre
1174 2921 1308 2985 totaliter
1323 2921 1489 2991 collocata,

288 3033 456 3097 sanctitatis
473 3039 573 3096 vestre
590 3032 717 3114 pedibus
733 3031 934 3114 provolvimur
950 3031 1146 3113 supplicando
1163 3036 1318 3112 rogantes,
1336 3036 1487 3114 quatenus

287 3142 374 3206 nobis
402 3141 433 3203 in
459 3146 612 3223 assumpto
646 3145 773 3223 negocio
809 3141 846 3203 de
880 3140 1065 3222 benignitate
1097 3144 1242 3202 consueta
1268 3136 1498 3202 ‘favorabiliter'

288 3252 467 3335 aspirantes,
485 3250 718 3316 auxiliatricibus
735 3250 814 3332 apud
831 3249 1006 3312 altissimum
1022 3249 1128 3312 hostiis
1148 3249 1290 3312 adiuvare
1313 3247 1481 3330 dignemini

289 3381 411 3425 causam
439 3365 587 3431 nostram,
616 3359 704 3422 immo
733 3359 831 3422 tocius
849 3361 886 3445 e)
914 3358 1078 3440 reipublice
1107 3359 1287 3439 specialem,
1315 3363 1350 3421 ut
1377 3357 1410 3419 in
1434 3377 1486 3418 suo

287 3470 477 3553 beneplacito
494 3469 627 3550 dirigens
644 3489 768 3550 gressus
785 3473 916 3538 nostros,
932 3487 988 3548 per
1004 3486 1126 3530 suorum
1143 3467 1283 3546 dignetur
1299 3485 1356 3528 nos
1375 3466 1485 3528 ducere
1553 3451 1554 3456 ἵ

289 3579 426 3642 semitam
453 3579 667 3641 mandatorum.
701 3576 741 3641 Ut
767 3577 860 3658 igitur
887 3575 1035 3638 salubrius
1065 3580 1096 3638 et
1122 3573 1240 3636 felicius
1267 3593 1304 3636 ea
1328 3593 1389 3656 que
1420 3577 1488 3636 sunt

287 3687 398 3770 placita
414 3693 445 3750 et
461 3685 591 3749 ecclesie
608 3705 661 3748 sue
678 3691 783 3748 sancte
800 3689 869 3747 sunt
886 3689 988 3764 grata,
1012 3682 1130 3764 jugiter
1150 3680 1295 3763 prosequi
1318 3681 1484 3750 valeamus,

288 3801 408 3882 placeat
423 3802 534 3868 vestre,
551 3815 724 3878 quesumus,
741 3794 904 3864 sanctitati,
926 3813 981 3855 nos
1003 3789 1297 3873 imperialisl'astigii
1315 3790 1487 3854 diademate

290 3909 458 3993 graciosius
480 3906 636 3989 insignire.
680 3905 744 3968 Nos
773 3905 852 3966 enim
867 3901 999 3985 potentis
1028 3906 1059 3963 et
1086 3899 1214 3962 volentis
1230 3899 1323 3961 animi
1339 3905 1490 3963 armatura

289 4017 494 4102 precingimur
525 4016 562 4080 ad
578 4015 616 4100 f)
642 4033 820 4097 quecunque
852 4011 939 4076 nobis
970 4030 1025 4074 vos
1058 4015 1088 4072 et
1119 4008 1195 4070 alma
1226 4011 1324 4069 mater
1358 4005 1489 4070 ecclesia

292 4123 435 4188 duxeritis
451 4124 632 4205 inponenda.

383 4234 417 4301 a)
433 4234 530 4303 dieque
542 4232 604 4285 loco
617 4232 647 4285 v.
661 4261 696 4272 -
709 4231 741 4300 d)
756 4231 878 4284 virtutum
893 4246 933 4280 arn
947 4227 1039 4282 Raude
1052 4227 1082 4280 v.
1102 4253 1128 4265 -·
1144 4226 1177 4294 c)
1195 4222 1393 4278 insufficiencia
1406 4221 1438 4276 V.
1455 4249 1486 4262 -

292 4327 327 4392 d)
343 4324 452 4378 vivimus
466 4326 514 4377 nul
524 4324 609 4376 Rasur
622 4322 652 4376 V.
667 4352 700 4362 -
714 4322 747 4390 e)
761 4322 844 4376 cicius
859 4321 888 4374 V.
903 4351 938 4360 --
949 4319 981 4391 f)
995 4318 1029 4371 ad
1043 4335 1083 4370 am
1097 4317 1190 4370 Raude
1203 4315 1232 4367 V.

503 4443 621 4453 -—-—-

319 4511 342 4568 ¹)
361 4509 399 4552 29.
420 4507 500 4564 Sptbr.
520 4507 590 4552 1273.
609 4505 741 4550 l'ranlrfurt.
760 4505 871 4549 Boelrmer
890 4503 946 4560 ch.
964 4501 1022 4545 llud.
1041 4501 1055 4544 Ι.
1073 4513 1094 4544 c.
1114 4501 1190 4555 llopp,
1211 4497 1231 4550 l,
1250 4496 1271 4540 5.
