3116 5124
1166 343 1242 417 129

31 525 68 583 et
83 518 220 586 marium
238 518 341 602 spacia
356 517 542 583 transierunt
558 522 662 582 contra
679 519 792 583 emulos
814 501 884 583 fidei
900 517 1069 584 Christiane
1092 519 1241 597 intrepide

29 629 227 713 pugnaturi!
257 629 294 701 Α,
308 627 451 693 Domine!
482 628 631 710 quomodo
649 627 704 690 viri
731 627 869 710 belligeri
890 627 935 691 sic
957 633 1082 712 potuere
1098 648 1116 691 a
1131 628 1240 693 talibus

29 737 202 811 debellari,
221 737 369 822 pomodo
386 738 481 801 fortes
498 736 542 799 tui
557 737 587 799 in
603 737 698 818 prelio
715 743 776 799 tam
792 737 926 819 graviter
942 737 1134 802 cecideruut!
1158 738 1239 801 Ecce

28 848 211 913 inebriatus
230 854 278 912 est
294 847 440 930 sanguine
456 847 603 912 iustorum
619 853 650 910 et
666 852 816 911 saturatus
842 866 943 910 eorum
966 845 1105 910 carnibus
1122 847 1239 928 gladius
1336 867 1347 888 ⁴

27 957 163 1021 inimici.
195 955 242 1020 lln
257 955 373 1020 turbam
389 955 468 1018 illam
485 954 626 1028 nobilem,
643 975 732 1039 quam
748 955 882 1019 eiusdem
898 956 979 1039 regis
992 955 1101 1020 ardens
1115 956 1239 1019 devocio

29 1066 70 1130 ad
103 1073 198 1130 tuum
232 1071 293 1128 tam
324 1062 512 1146 acceptabile
544 1062 721 1147 obsequium
753 1063 952 1138 accenderat,
993 1064 1108 1128 voravit
1135 1084 1239 1128 mucro

29 1177 171 1242 feritatis
191 1179 389 1242 sarracenice
407 1178 471 1241 fere
490 1182 600 1242 totam!
626 1177 702 1250 Heu,
724 1196 812 1260 quam
834 1177 962 1241 dolenda
985 1185 1115 1260 strages,
1131 1177 1162 1241 in
1178 1199 1236 1263 qua

29 1295 155 1353 tantum
190 1295 308 1352 tuorum
346 1286 488 1351 occubuit
525 1285 685 1368 collegium
722 1286 916 1352 bellatorum!
957 1288 1019 1352 Sed
1050 1306 1238 1371 nequaquam

27 1398 240 1480 ambigimus,
264 1396 335 1480 quin
350 1396 392 1459 hii
409 1396 539 1460 feliciter
556 1396 758 1460 concluserint
775 1395 840 1460 dies
858 1375 945 1469 suos,
968 1396 1040 1480 quin
1056 1402 1088 1459 tu
1100 1396 1238 1469 Domine,

29 1528 89 1591 pro
123 1526 188 1591 quo
212 1505 427 1574 dormicionem
444 1510 645 1589 acceperunt,
672 1505 703 1568 in
730 1505 821 1568 vitam
844 1525 897 1568 eos
918 1504 1106 1569 transtuleris
1123 1504 1237 1589 absque

28 1615 169 1681 termino
188 1614 369 1678 duraturam.

126 1725 198 1788 Nec
215 1725 320 1788 mirum
337 1723 363 1786 si
379 1728 439 1787 tam
457 1743 493 1786 ex
509 1723 636 1788 aduerso
654 1743 801 1787 successu
816 1729 879 1788 tota
894 1723 989 1806 gemit
1005 1724 1147 1798 ecclesia,
1165 1745 1232 1789 cum
1302 1789 1305 1798 ,

36 1836 84 1899 vix
99 1836 128 1899 ei
146 1855 240 1899 casus
256 1834 378 1917 gravior
394 1833 569 1916 contingere
585 1832 743 1917 potuisset.
760 1834 888 1916 Propter
903 1835 983 1916 quod
995 1834 1169 1899 acerbatum
1189 1842 1236 1900 est

40 1946 181 2010 nimirum
198 1964 254 2008 cor
269 1944 364 2026 ipsius
381 1949 412 2007 ct
428 1962 498 2006 suas
515 1964 569 2026 pre
585 1942 725 2024 angustia
738 1943 861 2025 spiritus
873 1943 1003 2007 assiduis
1016 1943 1137 2008 fletibus
1153 1945 1235 2027 rigat

36 2075 151 2138 genas,
183 2052 254 2137 quia
281 2074 341 2117 non
370 2059 417 2116 est
444 2053 471 2115 ei
488 2052 530 2139 a)
547 2052 632 2116 dolor
654 2047 764 2114 'similis
792 2053 872 2117 sicut
898 2052 974 2117 iste:
1003 2054 1102 2136 plorat
1125 2054 1234 2138 quippe
1312 2060 1324 2083 ⁶

30 2164 199 2228 multorum
215 2161 368 2226 interitum
384 2160 522 2234 filiorum,
539 2161 612 2224 licet
628 2183 687 2226 nou
704 2162 862 2227 estimandi
879 2161 939 2227 sint
962 2161 1004 2225 illi
1027 2163 1152 2236 mortui,
1180 2163 1236 2227 sed

31 2272 72 2336 ad
88 2272 188 2340 vitam
205 2269 302 2334 renati
317 2270 423 2352 pocius
439 2270 603 2334 meliorem.
631 2271 761 2354 ldeoque
778 2270 958 2335 fraternitati
974 2277 1025 2336 tue
1041 2291 1096 2354 per
1113 2278 1235 2355 aposto-

29 2383 89 2446 lica
130 2381 249 2463 scriptu
287 2377 483 2452 mandamus,
522 2388 668 2464 quatenus
706 2381 864 2446 universos
895 2380 1141 2465 archiepiscopos
1179 2391 1234 2449 tae
1353 2459 1358 2468 ι

30 2493 214 2582 legacionis
229 2495 344 2553 attente
360 2509 484 2554 moneas
502 2497 532 2554 et
548 2491 684 2564 inducas,
701 2498 733 2556 ut
748 2491 807 2555 hoc
825 2491 991 2554 universale
1009 2490 1171 2556 discrimen
1186 2493 1236 2576 pia
1286 2517 1292 2532 ·

33 2599 243 2666 meditacions
259 2605 433 2680 pensantes,
450 2598 568 2680 erigant
589 2606 652 2663 toto
675 2599 786 2662 affectu
808 2600 845 2663 ad
861 2600 958 2665 Deum
981 2601 1072 2665 corda
1089 2622 1143 2665 sua
1160 2607 1191 2666 et
1205 2602 1236 2666 in

31 2716 207 2794 conspectu
229 2708 294 2773 eius
317 2709 473 2772 continuas
496 2709 647 2772 orationes
670 2709 824 2773 effundant
845 2717 876 2774 et
899 2710 1011 2775 faciant
1026 2731 1082 2794 per
1098 2711 1236 2777 civitates

31 2829 62 2885 et
74 2821 230 2904 dyoceses
248 2838 317 2881 suas
334 2837 352 2880 a
368 2817 449 2882 clero
467 2824 498 2881 et
512 2819 621 2901 populo
635 2819 818 2901 generaliter
834 2820 1006 2903 supplicari,
1022 2827 1056 2885 ut
1073 2821 1234 2885 ecclesiam

32 2950 118 2994 suam
137 2929 178 2991 de
195 2933 280 2993 tanto
294 2928 444 2992 consolari
462 2928 619 3010 dispendio
636 2950 698 2992 non
714 2930 860 3002 retardet,
876 2935 1040 2994 memorato
1047 2930 1234 2994 Francorum
1305 2985 1307 2990 .

31 3039 109 3122 regi,
128 3037 383 3101 christianissimo
401 3037 503 3120 utique
519 3038 661 3121 principi,
677 3037 735 3101 iter
751 3038 879 3102 liberum
894 3038 1023 3123 prebeat
1035 3047 1066 3103 et
1081 3059 1234 3113 securum,

39 3149 91 3212 sibi
108 3149 207 3213 etiam
218 3148 298 3211 vires
311 3154 421 3230 augeat
432 3148 589 3231 ipsumque
603 3147 780 3213 corroboret
793 3154 898 3212 contra
909 3149 1073 3231 paganicas
1087 3149 1236 3222 nationes,

41 3267 150 3323 terram
168 3257 260 3330 illam,
277 3277 365 3342 quam
382 3277 436 3321 sua
452 3257 652 3322 sanctificavit
668 3259 838 3341 presencia,
854 3259 892 3323 de
915 3258 1077 3324 infidelium
1099 3260 1236 3324 manibus

42 3368 211 3453 eripiendo.
246 3369 409 3452 Speremus
426 3367 537 3432 etenim
553 3369 666 3433 dictum
682 3369 836 3452 negotium
851 3389 943 3453 posse
959 3369 1007 3432 bis
1022 3389 1147 3453 precum
1164 3369 1237 3433 sub·

40 3477 125 3541 sidiis
145 3473 314 3539 efficaciter
330 3474 482 3548 adiuvari,
510 3476 650 3560 quoniam
667 3483 805 3549 orantes,
833 3477 891 3541 etsi
908 3497 967 3540 uon
983 3482 1106 3559 aperte,
1133 3477 1234 3541 utilius

36 3594 137 3651 maren
155 3591 301 3668 pugnant.
334 3585 420 3648 Unde
438 3604 505 3648 cum
523 3584 661 3650 certabat
682 3584 791 3667 legifer
808 3584 846 3668 b)
862 3585 912 3647 ille
934 3585 1093 3667 precibus,
1121 3585 1234 3651 lsrahel

40 3697 69 3760 in
97 3695 198 3780 prelio
216 3693 389 3776 superabat,
418 3701 448 3757 et
468 3714 523 3776 per
544 3693 622 3757 illius
645 3695 794 3757 occultum
817 3713 946 3777 agonem
962 3693 1152 3759 manifestam
1168 3694 1235 3777 ipse

39 3804 199 3870 victoriam
213 3802 368 3868 obtinebat
385 3803 421 3891 1).
439 3803 479 3868 Ut
490 3808 590 3867 autem
603 3803 660 3866 hec
673 3803 820 3867 adiutoria
835 3803 1027 3887 frequencius
1045 3811 1076 3868 et
1092 3804 1236 3868 devocius

45 3917 244 4001 prebeantur,
260 3915 422 3998 precipias,
440 3921 472 3980 ut
488 3915 621 4000 qualibet
637 3915 803 3980 ebdomada
821 3935 990 3979 sermonem
1011 3914 1239 3979 ammonicionis

43 4034 71 4091 et
97 4024 325 4090 exhortacionis
354 4024 466 4088 Christi
493 4023 631 4088 fidelibus
654 4032 823 4108 proponant
839 4031 869 4088 et
890 4045 944 4108 per
962 4023 1120 4107 episcopos
1138 4029 1168 4087 et
1183 4042 1239 4105 per

47 4137 121 4202 alios
138 4137 170 4200 in
188 4154 292 4200 eorum
310 4133 448 4198 ecclesiis
466 4133 543 4198 etin
560 4133 730 4199 civitatibus
754 4141 785 4199 et
807 4133 988 4218 dyocesibus
1006 4128 1240 4217 eorundem'per

6 4323 7 4326 ¹
129 4337 164 4406 a)
181 4320 207 4391 ei
222 4352 264 4391 am
278 4335 369 4390 hande
381 4335 505 4407 V.-b)
520 4335 598 4392 leifer
611 4336 641 4390 V.
738 4307 741 4314 Ι

46 4492 373 4506 m

76 4597 98 4657 ¹)
116 4594 216 4642 Exortus
235 4593 275 4648 17,
290 4593 326 4638 ll.

104 4687 203 4733 fontes.
216 4683 287 4731 aba.
299 4686 326 4732 ΙΙ.
338 4686 379 4731 ltd.
389 4685 456 4731 XXV.
