3120 5126
724 606 763 667 lul
780 606 909 687 virgines
927 607 1098 688 religiosas.

795 731 919 776 ornarem
932 732 980 775 xm
992 734 1026 790 a).

198 885 304 922 monn
407 859 479 924 Cum
502 844 664 944 imperialis
688 865 819 947 dignitas
842 867 972 932 omniurn
996 866 1174 948 religionum
1196 884 1307 948 genera
1330 861 1387 926 sub
1404 863 1504 926 umbra

315 971 516 1052 proteccionis
534 993 587 1036 sue
605 975 797 1040 manutenere
814 977 924 1043 debeat
942 983 973 1041 et
988 977 1109 1048 fovere,
1131 975 1246 1038 dicatas
1269 993 1340 1037 vero
1362 973 1504 1054 virgines,

315 1099 373 1161 que
389 1079 504 1161 spretis
522 1082 707 1147 maritalibus
731 1085 889 1150 connubiis
912 1106 1056 1168 sponsum
1077 1085 1181 1149 desum
1203 1084 1342 1146 accensis
1366 1088 1506 1145 secuntur

313 1188 501 1270 lampadibus
527 1196 610 1280 tauto
638 1192 781 1258 debemus
810 1201 840 1258 et
867 1196 1007 1261 volumus
1033 1201 1134 1258 nostro
1162 1193 1295 1274 presidio
1327 1192 1503 1275 propensius

322 1299 504 1372 conmunire,
521 1307 631 1384 quanto
648 1304 744 1385 magis
761 1325 862 1369 earum
880 1325 969 1368 serus
992 1310 1022 1368 et
1044 1304 1182 1368 condicio
1205 1303 1339 1367 uescitur
1361 1302 1502 1384 indigere.

566 1523 606 1586 lie
631 1522 817 1588 liberalitate
841 1525 1029 1605 superiorum
1050 1524 1087 1588 ed
1112 1525 1256 1588 subditus.

809 1649 936 1696 urionem
954 1650 1011 1694 xrv.

404 1781 448 1844 sd
471 1763 589 1846 baden
610 1789 641 1846 et
661 1783 788 1865 merium
810 1785 896 1867 regie
922 1779 1093 1849 malestatis
1112 1784 1263 1848 credimus
1284 1783 1455 1865 pertinere,
1480 1779 1503 1840 π’

314 1909 391 1962 eos,
411 1908 487 1973 quos
510 1891 548 1954 ad
565 1897 669 1955 nostra
683 1891 813 1956 seruicia
827 1893 955 1956 deustos
968 1900 999 1956 et
1020 1893 1172 1956 deenen
1195 1892 1381 1962 imersirrtus,
1411 1886 1503 1970 dignis

313 1999 490 2064 studeamus
509 1994 728 2064 beneficiorum
746 2001 874 2083 mendis·
892 2002 1057 2085 arnplnre,
1075 2001 1148 2064 irinc
1169 2001 1248 2064 eune
1270 2015 1322 2063 eos
1345 1999 1389 2064 ud
1402 1998 1502 2062 eaden

285 2185 287 2190 ,
313 2110 441 2174 servictis
469 2107 623 2175 reddimus
644 2111 843 2194 proreptieres
865 2118 899 2176 et
917 2113 991 2175 alios
1012 2112 1163 2176 tradimus
1181 2125 1239 2194 pert
1261 2111 1451 2192 exemplum,
1472 2110 1502 2168 ¹1

312 2220 454 2284 devocius
476 2219 696 2304 obsequamur,
720 2221 789 2284 dun
811 2227 907 2284 status
930 2221 1064 2302 ipsorum
1086 2221 1211 2284 comoda
1234 2219 1319 2282 circe.
1337 2213 1498 2301 imperialis

312 2328 539 2394 observantiam
555 2327 625 2392 ildei
641 2329 804 2412 proliciunt
819 2329 989 2412 augmentis
1006 2330 1158 2394 continuis
1179 2335 1210 2392 et
1226 2333 1419 2392 accrescunt,

402 2439 482 2504 Item
498 2439 547 2527 b).
580 2439 741 2522 Principis
760 2439 882 2504 dentem
913 2421 1027 2504 totiens
1057 2439 1184 2512 leditur,
1215 2437 1358 2524 gestiens
1385 2434 1500 2500 adom

313 2546 441 2610 trabitur
455 2545 582 2611 liberali.
615 2547 733 2629 Quanto
751 2539 830 2612 enirn
846 2549 1023 2632 profundius
1040 2549 1144 2631 macie
1155 2546 1304 2630 largitatis
1318 2543 1498 2626 inmergitur,

311 2659 395 2718 tanto
411 2655 579 2736 graciosius
596 2655 752 2729 exaltatur,
776 2659 807 2721 et
829 2653 858 2720 si
877 2673 894 2720 a
916 2661 1019 2721 nostra
1034 2656 1242 2722 munificencia
1266 2653 1413 2719 subiectis
1429 2652 1499 2715 bene

312 2762 427 2826 meritis
443 2783 551 2827 munus
566 2761 755 2828 liberalitatis
779 2765 971 2839 conceditur,
992 2767 1126 2849 ipsorum
1149 2771 1180 2828 et
1195 2764 1331 2828 voluntas
1348 2764 1389 2827 ad
1404 2765 1498 2850 nostra

312 2871 440 2936 servicia
453 2873 975 2958 lementiusanimaturetampliatur
989 2875 1115 2958 proinde
1129 2867 1495 2957 gloriaregieruaiestatis.
1531 2928 1544 2956 ὃ

402 2983 490 3048 itam.
524 2981 601 3045 Curre
614 2982 709 3046 omnm
725 2983 823 3064 glorio
837 3003 890 3049 scu
907 2984 1050 3067 potencie
1064 2983 1256 3067 principatus
1268 2983 1300 3046 iu
1316 2981 1496 3046 subditorum

312 3089 464 3154 consistat
481 3089 625 3173 precipue
648 3089 776 3156 solidata
787 3093 942 3174 tiemonis,
966 3093 1056 3157 decet
1077 3097 1110 3156 et
1129 3092 1268 3175 erpedit,
1284 3097 1318 3154 ut
1332 3083 1496 3174 quatieris

313 3217 493 3283 quacunque
520 3199 725 3282 premiraeueia
747 3201 929 3266 constitutus
952 3201 1101 3266 subiecu‘s
1121 3202 1164 3266 sit
1188 3203 1222 3266 iu
1248 3193 1492 3282 oportunitatibus

313 3307 496 3392 quibuslibet
511 3309 612 3372 facilis·
625 3313 655 3372 et
669 3308 703 3371 in
717 3309 821 3391 macie
836 3310 967 3374 liberalis
984 3313 1032 3401 ο).

408 3510 442 3579 a)
466 3508 532 3561 urse.
556 3507 611 3560 utu
630 3506 698 3560 tenu
717 3508 774 3562 zu.
798 3507 827 3562 v.
853 3538 881 3548 -
907 3509 939 3579 o)
962 3509 996 3564 m
1015 3509 1083 3564 raon
1101 3510 1128 3564 z.
1150 3539 1178 3548 -
1195 3487 1265 3578 syn.
1288 3508 1338 3563 aar
1360 3509 1415 3562 ore
1434 3496 1493 3557 noel

312 3600 436 3670 folgende
455 3600 519 3654 uwel
537 3597 668 3654 Exordia:
689 3595 755 3654 Cum
774 3599 807 3652 de
826 3601 882 3653 iure
900 3601 935 3654 ed
954 3618 1045 3655 omues
1068 3595 1194 3672 regimini
1209 3617 1258 3655 suo
1283 3597 1405 3654 subditos
1422 3592 1489 3659 regit

312 3710 342 3746 se
367 3692 443 3746 favor
468 3689 642 3760 benignitatis
668 3689 768 3744 debent
794 3689 955 3754 extendere,
983 3687 1152 3747 laudabiliter
1177 3689 1232 3744 iliis
1254 3703 1318 3745 eura
1344 3677 1491 3762 provisionis

312 3781 489 3856 impenditur,
512 3798 580 3852 quos
592 3780 619 3833 iu
639 3780 759 3836 omuibus
779 3782 900 3836 articulis
919 3781 1013 3836 ebicax
1033 3783 1144 3838 devocio
1164 3799 1216 3836 non
1230 3782 1290 3836 licta
1310 3771 1492 3840 redditionis

312 3874 432 3943 negociis
454 3873 515 3944 plus
538 3876 673 3942 acceptos.
700 3869 764 3926 Nem
791 3871 952 3926 excellencie
979 3873 1054 3944 regie
1080 3873 1225 3944 potestatis
1248 3875 1348 3943 quanto
1375 3864 1492 3923 libencius

312 3982 419 4019 suorum
437 3965 506 4018 votis
524 3963 640 4018 fidelium
659 3962 867 4024 condescendit,
893 3968 967 4018 teuto
982 3967 1067 4030 magis
1082 3982 1129 4019 eos
1140 3965 1174 4018 ad
1194 3966 1353 4018 intemerate
1366 3947 1489 4018 lidebirib

312 4057 438 4126 obsequia
452 4055 563 4127 quadam
577 4055 617 4108 sui
630 4054 727 4109 favoris
740 4055 902 4124 gratitudine
917 4054 1113 4124 quodammodo
1127 4059 1257 4124 provocat
1270 4059 1298 4109 et
1311 4056 1426 4108 inclinat.

401 4149 466 4202 item
495 4149 532 4202 ad
555 4146 632 4200 idem.
663 4147 733 4202 inter
758 4145 875 4202 (lesurae
901 4147 987 4200 laudis
1013 4149 1131 4220 tytuios,
1158 4164 1212 4216 qua
1239 4165 1333 4201 nomen
1359 4138 1485 4215 regnandi

312 4238 443 4294 elariilcul
468 4242 494 4292 et
521 4241 652 4310 percurrat
681 4243 745 4308 post
771 4238 879 4292 cineres
903 4239 1032 4292 dmature
1055 4243 1176 4293 numerat
1201 4239 1356 4308 specialiter
1381 4229 1489 4290 nuntior

313 4331 460 4385 liberalitas
479 4338 590 4384 exterra
610 4326 731 4383 diii‘usius
750 4327 776 4382 in
796 4329 946 4387 subiectos,
973 4345 1027 4400 que
1047 4335 1123 4385 terto
1140 4331 1225 4402 fulget
1246 4331 1372 4396 lucidius,
1399 4325 1489 4396 quarm

312 4437 378 4492 pura
409 4417 575 4473 subditorum
606 4419 717 4474 devocio
743 4421 951 4490 procedentibus
984 4420 1120 4492 obsequiis
1151 4424 1302 4476 mercedem
1327 4438 1379 4476 noe
1408 4410 1489 4471 hebuit

312 4513 458 4570 relativam.
