3096 5128
1176 323 1256 398 469

61 529 131 575 mea
146 515 231 574 tanto
251 509 405 574 liberalius
420 507 602 578 sublevetis,
624 510 735 590 quanto
758 502 886 568 nobilior
906 503 1024 566 animus
1041 504 1071 562 et
1086 497 1258 582 generalior

60 619 188 684 affectus
205 617 292 682 vobis
309 623 357 680 est
371 617 483 682 inditus
499 623 531 681 et
545 615 676 679 innatus.

651 846 659 862 0

645 867 667 908 Ι.

491 1012 531 1075 m
548 1019 631 1074 ortus
651 1010 815 1073 rlclnltate.

147 1152 324 1218 Honorabili
352 1153 471 1217 domino
499 1172 555 1216 suo
581 1157 726 1234 tantoque
754 1149 987 1222 honorabiliori,
1019 1157 1131 1235 quanto
1159 1151 1256 1233 patria

59 1260 211 1333 viciniori,
228 1266 323 1325 semet
339 1262 437 1342 ipsum
453 1266 484 1324 et
500 1260 648 1344 quidquid
664 1258 757 1323 habet
773 1259 872 1322 carius
888 1265 986 1324 semet
1001 1260 1077 1343 ipso.

148 1369 183 1435 Si
195 1374 309 1433 terram
320 1368 485 1433 nativitatis
498 1375 599 1432 nostre
612 1365 852 1450 contempnimus
866 1374 898 1430 et
908 1368 1122 1453 compatriotas
1135 1374 1255 1434 nostros

55 1477 190 1541 uberiori
207 1477 313 1560 gracia
328 1498 388 1540 non
402 1479 550 1549 fovemus,
567 1477 734 1540 naturalem
756 1476 856 1556 legem
872 1475 1050 1542 offendimus
1068 1483 1098 1540 et
1114 1477 1253 1541 divinam.
1368 1507 1371 1514 =

55 1586 149 1651 Huius
172 1605 245 1649 vero
267 1587 353 1667 leges
376 1585 593 1658 observabiles,
617 1583 809 1647 honorabiles
832 1590 862 1647 et
878 1584 1005 1648 honeste
1021 1585 1125 1658 michi,
1146 1587 1255 1650 devoto

55 1694 254 1779 compatriote
271 1699 381 1767 vestro,
405 1693 614 1757 munificencia
642 1699 742 1756 vestre
766 1712 852 1776 spem
876 1693 1032 1756 dederunt.
1066 1692 1257 1778 Quapropter

56 1802 209 1868 honestati
225 1808 325 1866 vestre
342 1802 488 1887 supplico,
506 1821 618 1884 rogans
634 1801 787 1865 humiliter
803 1806 833 1862 et
849 1799 1024 1885 requirens,
1042 1807 1191 1886 quatenus
1207 1823 1255 1866 mc

55 1929 221 1996 pauperem
237 1911 379 1976 clericum
396 1916 540 1985 vestrum,
562 1910 654 1975 natali
670 1916 751 1974 terre
768 1908 910 1982 vicinum,
927 1908 1044 1972 liberali
1059 1910 1164 1992 gracia
1179 1910 1255 1974 vici-

57 2021 145 2093 netis,
166 2019 317 2083 diuturnis
334 2019 486 2083 laboribus
499 2019 586 2092 meis,
602 2017 713 2082 debitis
726 2023 757 2081 et
772 2016 917 2100 penuriis,
933 2015 1044 2100 quibus
1061 2037 1121 2080 non
1139 2019 1254 2082 medio-

55 2129 147 2193 criter
169 2129 359 2209 angustiatus
375 2147 458 2200 sum,
481 2127 703 2200 succurrendo,
732 2131 773 2197 ut,
798 2124 850 2187 ubi
872 2123 962 2189 vitam
987 2125 1165 2208 accepistis,
1193 2129 1253 2193 vite

56 2237 185 2318 gloriam
203 2235 343 2300 dilatetis.

638 2438 666 2500 lc.

457 2603 478 2666 t
493 2621 620 2685 persona
636 2604 855 2667 lanlltsrltate.

144 2762 345 2828 Sanctissimo
361 2761 482 2825 domino
507 2781 561 2824 suo
584 2766 614 2823 et
636 2760 837 2825 familiaribus
860 2763 922 2826 suis
944 2761 1105 2846 plurimum
1127 2761 1254 2825 allectus

54 2871 209 2935 adhibenti
226 2874 259 2935 C.
278 2877 336 2935 etc.
354 2873 390 2934 H.
408 2874 466 2933 etc.
485 2876 581 2932 semet
598 2870 697 2953 ipsum
713 2871 751 2933 ad
770 2872 969 2935 omnimodum
986 2872 1170 2935 famulatum.

143 2983 320 3045 Generosos
336 2979 470 3050 animus,
488 2977 661 3042 caritativus
679 2980 805 3042 effectus
822 2979 973 3044 amicitias
990 2984 1021 3043 et
1036 2980 1253 3044 familiaritates

55 3088 197 3152 facillime
216 3089 357 3158 admittit,
375 3087 547 3150 difficillime
563 3107 635 3151 vero
654 3089 789 3160 dimittit,
809 3089 877 3173 quia
894 3087 1032 3153 nimirum
1050 3089 1159 3151 caritas
1176 3110 1254 3152 nun-

55 3216 140 3281 quam
158 3198 283 3269 excidit,
298 3197 463 3260 secundum
480 3197 678 3279 apostolicum
694 3198 916 3261 documentum.
952 3199 1062 3263 Verum
1079 3197 1105 3261 si
1122 3199 1371 3281 perviles-ruse..

54 3305 163 3368 tismce
174 3304 329 3368 recordari
342 3306 470 3387 placeat,
484 3303 796 3387 apudbenignitatem
808 3311 949 3379 vestram,
963 3327 1022 3369 non
1035 3305 1255 3371 sufficientibus

55 3414 166 3478 meritis
184 3416 270 3487 meis,
288 3434 428 3495 magnam
444 3414 575 3496 graciam
594 3418 625 3476 et
641 3415 872 3479 familiaritatem
889 3416 990 3480 inveni
1007 3423 1141 3500 tempore
1157 3424 1255 3482 retro-

54 3527 127 3585 acto.
162 3521 314 3603 Quocirca
341 3523 378 3586 de
412 3522 538 3606 pristina
565 3521 795 3586 mansuetudine
819 3529 920 3587 vestra
948 3545 1022 3589 ausu
1046 3527 1254 3590 familiaritatis

54 3647 249 3710 presumens,
272 3631 487 3694 instantissime
510 3650 563 3693 vos
586 3630 724 3715 requiro,
756 3637 903 3714 quatenus
925 3634 1097 3715 preteritam
1120 3635 1254 3715 graciam

55 3738 220 3803 exhibeatis
243 3744 415 3820 presentem
445 3737 550 3809 michi,
573 3740 680 3802 devoto
712 3739 822 3802 clerico
850 3744 968 3813 vestro,
998 3762 1086 3826 quem
1110 3742 1252 3806 laboriosi

56 3847 143 3910 studii
162 3845 361 3919 diuturnitas,
384 3847 530 3928 egestatis
553 3849 704 3917 anxietas,
732 3847 899 3911 debitorum
915 3869 1059 3931 pressura
1076 3850 1253 3914 beneficium

56 3951 205 4036 postulare
223 3957 424 4038 compellunt,
443 3959 472 4018 ut
490 3955 650 4019 ineffabilis
667 3955 840 4038 benignitas
858 3963 958 4021 vestra
976 3957 1142 4023 inneffabili
1157 3960 1253 4040 gloria

58 4072 241 4131 muneretur.

641 4213 662 4278 l.

443 4376 463 4438 t
479 4377 610 4457 petentis
626 4376 868 4444 nlscrabtlltote.

142 4515 356 4581 Amantissimo
364 4516 482 4581 domino
490 4535 545 4580 suo
553 4515 884 4596 etpietatisvisceribus
892 4519 1026 4583 altluenti
1035 4520 1068 4584 C.
1078 4526 1138 4585 etc.
1146 4522 1183 4586 ll.
1191 4526 1249 4584 etc.
