3112 5118
285 286 366 358 252

372 461 566 530 Erginuungen
585 477 632 514 aus
648 460 735 531 Ripoll
753 463 895 518 Bullatium
914 465 972 518 ord
989 462 1202 520 Praedicator-um
1222 465 1241 525 l,
1264 463 1328 516 tia.
1354 464 1479 518 Urbanus
1535 469 1536 472 ’

283 568 327 621 ep.
341 568 362 604 s.
375 568 397 604 s.
411 551 460 606 Dei
479 549 583 606 dilectis
601 551 660 604 tiliis
673 552 809 621 magistro,
821 554 954 624 prioribus
968 559 995 609 et
1006 553 1133 608 iratribus
1146 553 1244 608 ordinis
1262 555 1481 625 praedicatorum

282 639 309 692 in
321 640 438 710 generali
451 639 566 710 capitulo
578 640 696 696 bononie
710 641 881 712 cougregatis
895 661 918 696 s·
931 647 960 698 et
972 662 995 697 a.
1008 645 1034 696 b.
1055 671 1088 682 -
1102 642 1135 714 α)
1151 643 1184 698 ad
1197 643 1279 698 instar
1293 643 1479 715 apostolorum

281 727 418 800 principis,
431 746 511 799 quem
525 732 613 802 pelagi
623 730 719 785 tluotus
736 735 873 788 exterruit
884 764 912 772 -
920 731 956 804 β)
969 734 1028 788 Wie
1043 751 1073 787 er
1085 751 1134 787 von
1147 735 1226 789 ibneu
1238 733 1376 789 bindliehe
1390 735 1480 804 Erge-

282 818 391 874 benbeit
402 819 598 891 beauspruebo,
610 838 641 874 so
660 822 749 877 werde
768 839 799 877 er
818 823 898 879 ibnen
910 824 1057 879 vaterlicbe
1077 823 1146 878 lluld
1164 825 1322 893 gewabren:
1343 822 1474 878 Ceterum

283 939 317 952 ·-
335 910 464 966 sentietis.
477 912 572 964 Datum
583 911 693 967 Viterbii
706 912 796 966 ldibus
808 913 906 983 Aprilis
918 913 1087 985 pontificatus
1101 915 1183 968 nostri
1197 909 1266 967 anuo
1279 913 1376 984 primo.

373 1001 425 1054 Das
439 999 674 1072 Geumi-Capitel
688 1002 778 1056 warde
791 1019 832 1056 am
844 1001 887 1056 28.
901 1004 952 1056 ldai
966 1002 1038 1056 1262
1050 1003 1218 1072 abgebalten.
1239 1003 1328 1073 Ripoll
1340 1003 1359 1056 l.
1373 1020 1397 1056 e.
1412 1001 1475 1055 420.

284 1091 595 1147 Gerbertsebreibt
607 1093 726 1147 diesen
738 1093 1035 1147 Briellalschlicb
1048 1094 1119 1148 dem
1131 1093 1239 1162 Kduig
1251 1093 1417 1147 lludolfl.
1431 1111 1477 1146 uu.

857 1424 919 1495 39.

671 1619 838 1700 inperator
861 1619 924 1682 sris
947 1619 1095 1684 lidcllbus.

284 1793 373 1866 Konip
385 1794 489 1865 liudolf
502 1795 598 1847 oldam
615 1794 681 1848 rosei
695 1795 827 1848 Getreuen
844 1793 889 1847 die
902 1793 1027 1858 Dieoste,
1047 1794 1093 1848 die
1109 1795 1150 1848 aie
1168 1795 1226 1848 dem
1239 1793 1342 1848 Itea'obe
1353 1795 1481 1849 wabrensi

283 1887 333 1938 des
344 1886 537 1956 lmmpnuma
550 1883 674 1956 sobuldip
686 1884 820 1956 pelliebeo
832 1883 905 1950 sind,
924 1886 981 1938 uod
998 1884 1119 1956 destcitipt
1135 1883 1213 1940 ihren
1232 1885 1279 1940 die
1295 1885 1478 1956 ceetomone

602 1974 647 2030 die
658 1973 699 2029 oie
711 1973 739 2028 in
747 1974 830 2044 jener
840 1973 899 2028 Zea't
911 1975 1045 2028 encorben
1056 1973 1149 2028 boden.

375 2135 455 2189 Gerb.
469 2135 494 2197 3,
508 2137 533 2190 3,

373 2297 505 2380 Dignum
519 2297 634 2362 iudicat
650 2303 754 2362 nostra
772 2298 919 2361 serenitas
937 2302 967 2361 et
983 2297 1119 2360 decernit
1135 2297 1184 2380 o),
1203 2297 1284 2381 quod
1307 2298 1390 2362 sieut
1413 2319 1481 2381 per·

286 2427 426 2471 sonarum
443 2413 492 2470 est
505 2407 657 2471 distinctio
675 2412 705 2470 et
716 2407 861 2477 locorum,
874 2407 919 2469 sio
932 2412 963 2469 et
974 2406 1147 2470 meritorum
1165 2405 1368 2488 quorumlibet
1381 2405 1480 2489 dispar

285 2521 442 2598 respectus
472 2521 503 2578 et
530 2515 683 2578 dissimilis
710 2514 923 2578 retribucionis
952 2515 1079 2597 qualitas
1111 2514 1274 2586 habeatur,
1302 2521 1478 2599 tantumque

234 2654 240 2662 .
286 2623 447 2705 uuicuique
478 2629 624 2704 augeatur
659 2622 762 2705 gracie
794 2628 824 2685 et
854 2623 982 2694 favoris,
1022 2629 1163 2706 quantum
1200 2642 1255 2685 sua
1294 2623 1478 2706 obsequiosa

166 2722 414 2796 ‘illocalitas
437 2731 547 2793 ceteris
569 2730 703 2793 noscitur
724 2729 919 2812 prepollere,
946 2729 1021 2791 Cum
1050 2731 1151 2812 itaque
1182 2749 1236 2792 vos
1257 2729 1305 2792 Jo.
1330 2735 1363 2793 et
1390 2732 1426 2793 H.
1444 2730 1479 2816 b)

285 2844 346 2902 tam
366 2839 490 2901 devotos
507 2842 628 2921 tamque
653 2836 758 2900 fideles
777 2857 864 2900 sacro
881 2837 1013 2899 Romano
1032 2836 1156 2918 imperio
1177 2836 1319 2909 sciamus,
1340 2838 1421 2920 quod
1444 2837 1477 2900 de

284 2946 430 3010 similibus
474 2947 560 3009 vobis
600 2947 640 3008 sit
677 2966 738 3008 non
770 2945 890 3008 modica
932 2944 1097 3008 certitudo:
1137 2965 1193 3008 nos
1235 2945 1365 3026 proinde
1398 2945 1478 3008 vobis

285 3054 440 3137 cupientes
456 3054 620 3134 inpendere
636 3074 743 3116 munus
766 3058 797 3116 et
817 3051 1055 3115 munificenciam
1071 3052 1174 3134 gracie
1191 3052 1352 3134 specialis,
1383 3052 1476 3116 omnia

285 3162 423 3234 servicia,
441 3181 499 3245 que
515 3167 650 3244 tempore
662 3161 797 3225 vacantis
809 3161 927 3242 imperii
939 3161 966 3248 1)
981 3179 1075 3242 usque
1089 3160 1127 3223 ad
1140 3165 1273 3222 nostram
1287 3160 1477 3224 creacionem

285 3270 424 3353 cuiquam
447 3269 620 3350 imperatori
641 3268 689 3331 vel
713 3273 780 3350 regi
797 3268 944 3332 debuistis
961 3268 1137 3350 inpendere,
1160 3267 1297 3350 quitquid
1320 3268 1423 3331 eciam
1447 3268 1477 3330 de

284 3378 372 3442 honis
388 3376 507 3459 imperii
527 3374 626 3439 medio
649 3381 784 3458 tempore
807 3376 968 3439 occasione
990 3375 1135 3438 bellorum
1158 3395 1212 3438 vos
1240 3375 1476 3457 opprimenciun

283 3485 460 3567 recepistis,
488 3484 546 3548 hec
570 3484 668 3547 omnia
691 3485 728 3546 de
749 3483 936 3566 benignitate
959 3483 1045 3565 regia
1066 3483 1151 3546 robis
1176 3483 1423 3548 misericorditer
1445 3504 1476 3547 ao

283 3594 447 3658 liberaliter
467 3593 673 3675 indulgemus,
690 3593 800 3655 nullam
822 3592 908 3656 vobis
924 3611 978 3673 pro
996 3591 1083 3673 culpa
1098 3610 1205 3672 penam
1221 3591 1268 3654 vel
1284 3611 1366 3673 pene
1385 3594 1475 3657 comi·

284 3702 441 3766 necionem
467 3702 652 3784 aliquatenus
679 3701 853 3772 inferendo,
882 3700 937 3762 sed
970 3719 1022 3762 vos
1045 3700 1151 3780 pocius
1174 3701 1204 3761 in
1228 3701 1309 3762 omni
1325 3701 1432 3764 favore
1447 3706 1474 3763 et

285 3809 388 3891 gracia
404 3810 620 3873 consolacionis
637 3809 786 3871 uberrime
804 3815 834 3872 et
849 3807 1044 3889 protectionis
1061 3805 1209 3870 beneficio
1227 3809 1425 3872 consolando.

287 4067 291 4076 ,
375 4010 410 4077 o)
425 4007 546 4062 decrevit
558 4008 586 4060 Z.
605 4007 680 4074 -b)
694 4008 722 4059 P.
738 4009 766 4058 et
778 4006 808 4060 ll.
824 4003 902 4058 Gerb.
928 4005 981 4057 und
995 4006 1021 4056 Z.
1097 4027 1103 4038 ·

287 4203 611 4214 ...ffl-

311 4319 334 4378 ¹)
352 4319 396 4362 Das
410 4318 571 4372 lntsrroguum
598 4315 697 4359 reobnct
714 4314 811 4366 liudoll,
840 4312 883 4357 wie
908 4324 948 4356 aus
972 4311 1050 4356 vislsn
1074 4312 1153 4356 seiner
1170 4311 1297 4356 Urlunden
1324 4314 1474 4372 hervorgubt,

349 4411 394 4442 von
419 4397 462 4442 der
479 4396 539 4447 uait,
564 4407 601 4440 wo
623 4397 740 4442 lanooenz
757 4395 793 4440 lV.
817 4393 857 4439 aul
878 4393 929 4437 dom
951 4391 1080 4437 Concilium
1106 4405 1134 4437 uu
1151 4392 1216 4446 Lyon
1243 4393 1334 4453 (¹245)
1354 4396 1416 4440 Banu
1433 4395 1474 4440 und

349 4478 484 4535 Absetnuug
501 4477 559 4522 inber
574 4476 695 4520 Friedrich
707 4477 733 4526 ll.
752 4475 885 4529 aussprneb,
904 4473 939 4517 bis
956 4473 998 4518 nui
1011 4474 1075 4518 seine
1093 4472 1167 4516 Wubl.
