3112 5118
659 535 694 603 3.

506 711 669 789 Imperator
686 708 714 770 ll.
736 711 846 772 comiti.

74 885 168 938 Kaisar
189 883 333 940 Friedrich
352 885 384 937 ΙΙ.
405 883 531 937 bericbtet
550 886 607 936 dem
628 884 716 936 ldzeiio
733 903 782 938 coa
800 884 898 937 acinam
925 884 1117 958 Wobidepioden
1135 889 1191 940 aad
1207 889 1265 942 dem

316 972 483 1044 placidioben
497 975 645 1043 Fortpanpe
657 974 746 1026 eeioer
764 973 1012 1044 Unlcrmcbmuopea.

159 1122 262 1173 Petrus
275 1121 308 1172 de
323 1119 380 1172 vin.
395 1120 421 1180 2,
436 1119 479 1172 25.
495 1120 602 1172 Eaelino
617 1119 734 1174 scribens
749 1123 801 1171 etc.

158 1263 283 1326 Scimus
317 1268 347 1324 et
375 1264 456 1344 longi
487 1239 632 1344 temporis
666 1263 867 1344 experimento
899 1261 1108 1343 probavimus,
1141 1265 1221 1347 quod
1248 1286 1266 1328 a

70 1370 307 1441 consuetudine,
339 1390 398 1452 que
430 1371 488 1432 iam
516 1370 547 1431 in
574 1376 606 1431 te
634 1377 739 1431 nature
767 1369 826 1432 vim
855 1369 987 1441 obtinet,
1017 1373 1187 1454 prescripta
1215 1377 1266 1435 tue

69 1478 248 1542 maturitatis
267 1478 404 1548 devocio,
422 1477 527 1539 nativis
546 1483 649 1540 erecta
665 1477 826 1556 potenciis‚
843 1475 940 1557 possit
961 1477 1021 1538 iam
1036 1477 1156 1540 minime
1174 1479 1267 1542 decli-

69 1603 137 1646 nare
170 1624 218 1633 -
253 1585 381 1655 scimus,
411 1584 490 1666 quod
512 1603 625 1664 urgens
641 1585 673 1646 in
690 1601 811 1645 sensum
826 1590 878 1646 tue
902 1581 1075 1646 devocionis
1092 1587 1266 1669 antiquitas,

72 1691 293 1774 quantumlibet
316 1691 371 1754 tibi
392 1691 535 1754 brumosa
552 1691 595 1777 a)
612 1693 753 1753 senescat
767 1691 798 1753 in
820 1709 962 1772 corpore,
984 1693 1117 1755 virtuosa
1141 1695 1268 1777 nichilo-

68 1801 165 1862 minus
182 1801 363 1862 iuvenescat
390 1801 421 1861 in
450 1798 556 1880 spiritu
574 1803 604 1860 et
620 1798 651 1860 in
667 1805 768 1861 mente
796 1838 856 1870 -‚
885 1799 997 1861 scimus
1014 1802 1094 1881 quod
1110 1801 1201 1866 arbor
1215 1807 1267 1865 tue

68 1903 135 1970 idei
165 1927 316 1971 annorum
343 1913 494 1970 vetustate
522 1927 583 1970 non
612 1905 739 1988 desipit,
769 1905 823 1968 sed
852 1909 1051 1989 quantoplus
1075 1909 1266 1992 intempore

66 2013 190 2086 labitur,
220 2020 305 2078 tanto
334 2017 451 2078 fructus
477 2013 658 2096 placidiores
693 2014 845 2076 adducere
875 2015 1031 2079 consuevit
1051 2052 1111 2088 —,
1141 2019 1266 2089 scimus,
1276 2025 1352 2066 low
1361 2027 1382 2068 b·

67 2123 145 2204 quod
172 2125 249 2186 licet
265 2144 283 2185 a
299 2122 387 2185 nobis
416 2122 566 2184 interdum
593 2122 728 2184 locorum
756 2122 951 2204 intercapedo
968 2128 998 2186 te
1016 2124 1144 2196 dividat,
1174 2125 1266 2188 corde

66 2235 164 2293 tamen
182 2237 216 2294 et
232 2233 330 2292 animo
348 2235 451 2292 nostre
467 2229 634 2291 maiestatis
651 2230 822 2309 potenciam
841 2227 879 2312 b]
896 2227 1040 2302 intueris,
1069 2231 1138 2294 dum
1156 2236 1267 2295 statum

66 2344 204 2401 nostrum
221 2337 336 2400 votivas
352 2356 409 2419 per
423 2337 526 2399 literas
544 2355 722 2418 prosperum
735 2336 831 2417 apetis
850 2341 879 2398 et
895 2357 949 2417 per
977 2339 1102 2401 nuncios
1131 2340 1268 2402 ministe-

65 2447 162 2508 riosus
180 2447 341 2528 exquirere
358 2463 418 2506 non
441 2443 574 2506 desistis.
607 2443 688 2505 Ecce
715 2443 808 2523 igitur
834 2445 912 2506 votis
940 2445 1000 2507 tuis
1030 2463 1162 2508 consona
1191 2465 1268 2509 nova

64 2552 285 2622 rescribimus,
313 2552 393 2634 quod
411 2550 547 2622 scilicet,
576 2549 676 2613 divina
693 2551 812 2613 favente
829 2553 951 2631 gracia,
979 2573 1124 2634 prospere
1140 2552 1266 2617 vivimus

68 2663 97 2720 et
128 2659 270 2741 corporis
302 2659 398 2722 nostri
430 2657 571 2729 menbra,
608 2656 726 2721 bellicis
764 2659 911 2721 hactenus
945 2659 1070 2742 fatigata
1101 2659 1268 2730 laboribus,

65 2766 215 2830 deliciosa
237 2768 325 2848 regni
348 2766 443 2828 nostri
469 2764 628 2827 dulcedine
652 2772 876 2837 restauramus,
904 2765 954 2830 illo
978 2768 1186 2831 nichilominus
1208 2788 1268 2830 non

66 2873 210 2946 obmisso,
229 2874 302 2956 quin
315 2874 353 2936 ad
365 2872 586 2954 pacificandum
603 2875 713 2935 statum
729 2872 871 2942 fidelium,
885 2879 915 2935 et
926 2874 1081 2937 rebellium
1096 2881 1267 2938 nostrorum

63 2983 209 3065 reliquias
244 2982 473 3064 opprimendas,
514 2999 603 3042 curas
638 2985 757 3042 nostras
793 2981 963 3043 sollicitudo
999 2983 1173 3063 prosperior
1211 3001 1267 3064 per

66 3089 259 3154 continuatas
276 3088 394 3170 vigilias
412 3087 521 3150 debeat
536 3085 716 3167 propensius
735 3088 874 3149 excitare.

658 3400 723 3501 4‘.

380 3576 548 3656 imperator
565 3575 676 3656 populo
694 3576 895 3654 llpscbcnensl
908 3574 956 3660 e).

518 3730 597 3783 1222.
611 3730 685 3783 Ende
698 3731 825 3784 Februar.

66 3879 168 3934 liciaco·
188 3874 332 3930 Friedrich
350 3876 384 3928 ΙΙ.
403 3875 472 3946 aeipt
488 3876 541 3927 den
561 3874 727 3929 Bcwobnern
749 3891 799 3928 von
817 3876 936 3930 Massiua
953 3879 1003 3931 den
1023 3896 1065 3932 cm
1084 3881 1128 3934 10.
1146 3881 1268 3937 Feiraar

171 3963 250 4021 1242
264 3964 394 4035 erfclpten
411 3967 467 4018 Tuci
478 3965 566 4018 amaea
579 3965 789 4034 Eratpebcrenen
802 3967 850 4019 dee
864 3967 966 4037 Konipe
978 3969 1104 4023 Heinrich
1116 3988 1159 4023 aa.
1253 4015 1257 4024 .

163 4109 244 4190 Quia
276 4108 357 4171 inter
388 4115 506 4170 ceteros
535 4106 621 4186 regni
655 4105 750 4168 nostri
783 4107 886 4169 fideles
920 4110 1044 4189 speciali
1076 4113 1267 4192 prerogativa

66 4221 214 4302 populum
231 4237 355 4298 semper
371 4216 526 4280 dileximus
549 4215 719 4296 Mysensem
743 4215 792 4298 c),
814 4215 941 4285 idcirco,
964 4218 1042 4280 sicut
1058 4218 1095 4279 de
1111 4222 1266 4302 prosperis

162 4380 196 4444 o)
214 4378 322 4430 ruinosa
338 4379 408 4430 Petr.
424 4376 448 4428 d.
463 4376 491 4428 V.
506 4406 538 4414 —
554 4376 585 4444 b)
601 4377 781 4444 praesenciam
796 4378 823 4429 P.
839 4375 863 4428 d.
878 4377 907 4431 V.
922 4406 953 4416 -
969 4378 1000 4445 r)
1016 4377 1153 4431 Offenbare
1172 4379 1269 4456 Felrler

70 4469 112 4520 liir
125 4466 297 4520 Messanensi
312 4466 363 4518 und
377 4468 582 4520 Massaneusom.
