3096 5128
839 560 866 624 b.

653 725 694 789 lt
710 726 775 787 elus
790 724 1043 788 derenlnelere.

346 884 517 952 Venerabili
533 889 565 946 et
580 883 838 967 supervenerabili
854 883 975 946 domino
998 904 1074 954 suo,
1096 882 1146 946 cui
1168 884 1270 944 innata
1290 877 1453 943 clementia

254 993 405 1059 veraciter
420 1014 530 1056 nomen
547 992 644 1063 dedit,
666 992 786 1056 domino
804 993 950 1056 Clementi
966 993 1018 1054 tali
1035 997 1066 1054 et
1082 989 1307 1073 archidyacono
1324 1008 1400 1051 suus
1416 987 1450 1049 H.

255 1121 325 1166 cum
341 1102 449 1165 devota
464 1100 665 1164 veneracione
682 1102 817 1164 salutem.

342 1209 434 1273 Novit
455 1215 557 1273 vestra
575 1209 740 1280 discrecio,
763 1230 852 1292 quam
869 1209 1033 1291 gloriosum
1050 1209 1090 1271 sit
1113 1205 1305 1289 magnificum
1330 1224 1450 1273 nomen,

252 1319 309 1384 sed
325 1338 415 1404 quam
430 1318 592 1400 gloriosius
608 1318 846 1401 magnitudinem
860 1318 988 1382 nominis
1000 1337 1088 1380 manu
1102 1314 1263 1398 magnilica
1275 1312 1448 1397 protestari.

251 1431 363 1496 Verum
375 1428 476 1492 divina
488 1429 682 1512 providencia
693 1450 747 1493 vos
758 1429 890 1512 providit
901 1450 961 1492 non
973 1433 1151 1510 accepturos
1165 1447 1272 1490 nornen
1284 1423 1317 1486 in
1330 1445 1449 1495 vanum,

250 1558 340 1625 quem
355 1539 475 1601 nomine
490 1538 656 1600 clemencie
674 1537 860 1601 denominari
877 1537 1025 1620 disposuit
1041 1538 1181 1600 devotum
1213 1531 1382 1598 clemencie
1398 1552 1449 1595 ne-

249 1647 386 1710 latorem.
411 1645 581 1727 Eapropter
603 1651 717 1708 tantam
740 1646 819 1727 apud
838 1667 892 1708 vos
913 1645 1029 1708 habens
1051 1645 1228 1708 advocatam
1252 1641 1449 1705 clemenciam

249 1752 368 1817 scilicet
383 1753 565 1816 exorabilem
582 1752 821 1816 dominacionem
837 1755 881 1839 o)
897 1759 1028 1816 vestram
1044 1750 1230 1815 familiariter
1244 1747 1403 1831 expostulo
1421 1753 1451 1810 et

249 1879 393 1944 exposco,
410 1866 559 1946 quatenus
576 1861 696 1943 pietatis
709 1861 819 1925 affectu
833 1862 871 1925 ad
884 1882 942 1933 me,
960 1862 1099 1924 devotum
1112 1864 1258 1930 vestrum,
1275 1857 1369 1920 studii
1382 1854 1449 1918 diu-

248 1967 392 2032 turnitate
421 1974 648 2051 consumptum,
677 1973 857 2051 paupertate
878 1971 1072 2052 depressum,
1103 1965 1213 2030 debitis
1236 1969 1448 2046 aggravatum,

249 2073 381 2138 nobilem
398 2075 594 2138 clemenciam
610 2080 740 2138 vestram
759 2078 914 2158 exponatis
931 2075 963 2139 in
981 2075 1145 2138 clemencia
1162 2071 1311 2142 manuali,
1335 2076 1370 2134 ut
1385 2091 1449 2133 me·

247 2179 373 2244 moriale
389 2187 521 2244 vestrum
538 2180 740 2245 indelebiliter
755 2182 907 2247 scribatur
923 2183 1053 2248 humane
1069 2180 1214 2246 memorie
1232 2186 1263 2243 ct
1279 2178 1393 2244 divine.

828 2422 854 2464 0.

717 2564 738 2627 t
754 2567 961 2629 conversione.

336 2722 574 2786 Honoratissimo
597 2721 660 2785 viro
683 2727 713 2784 et
735 2721 814 2786 inter
836 2723 953 2787 nobiles
975 2723 1104 2786 educato
1122 2724 1155 2787 C.
1175 2725 1210 2787 H.
1231 2729 1288 2786 etc.
1314 2725 1441 2786 salutern
1540 2731 1541 2804 g

245 2849 312 2894 cunr
329 2830 411 2894 filiali
428 2830 603 2894 reverencia
620 2836 650 2893 et
666 2831 776 2894 servili.
1540 2805 1541 2836 r

332 2939 450 3003 Felices
474 2938 605 3003 arbitror
627 2961 695 3003 esse
718 2961 846 3024 pueros,
876 2941 1039 3005 advocatos
1062 2943 1092 3004 in
1115 2946 1280 3024 conspectu
1305 2940 1440 3021 pruden-

244 3050 340 3119 cium,
358 3066 483 3132 quorum
501 3045 581 3111 oculi
597 3046 769 3130 conspicuis
787 3047 941 3131 exemplis,
960 3070 1050 3113 aures
1066 3050 1292 3131 impregnantes
1310 3068 1440 3133 precep-
1539 3025 1541 3114 l

241 3153 298 3225 tis,
318 3174 443 3239 quorum
465 3154 565 3237 lingue
588 3153 680 3218 castis
705 3156 849 3240 eloquiis,
866 3178 972 3220 manus
996 3162 1095 3221 autem
1121 3156 1236 3221 devotis
1260 3161 1441 3220 exercentur
1540 3143 1541 3156 ¹

240 3261 410 3346 obsequiis,
436 3267 484 3332 ut,
510 3264 588 3326 sicut
611 3265 809 3347 corporaliter
825 3265 870 3328 sic
886 3265 1058 3328 mentaliter
1074 3270 1190 3328 mutent
1206 3285 1346 3347 magnam
1363 3285 1438 3327 con-

237 3369 428 3434 suetudinem
445 3371 475 3434 in
492 3382 637 3435 naturam.
664 3375 725 3435 llec
744 3379 791 3437 est
807 3371 935 3436 celebris
952 3375 1200 3446 transformacio,
1223 3375 1281 3437 hec
1305 3373 1436 3438 salubris

236 3479 409 3562 perversio,
432 3479 488 3541 hec
511 3481 641 3543 mutacio
665 3481 788 3544 dextere
812 3482 932 3545 excelsi.
962 3482 1078 3545 Idcirco
1102 3482 1241 3546 nimirum
1258 3483 1344 3548 vobis
1363 3503 1436 3546 con-

236 3585 382 3668 gratulari
411 3586 525 3658 debeo,
554 3588 623 3671 quia
653 3587 772 3652 felicem
799 3589 963 3672 puericiam
988 3597 1120 3654 vestram
1147 3589 1332 3674 expendistis
1357 3589 1435 3654 inter

235 3694 391 3758 munificos
415 3701 445 3759 et
468 3695 644 3778 magnificos
661 3697 757 3769 viros,
781 3718 906 3781 quorum
930 3698 1167 3762 munificencianr
1187 3719 1350 3762 recensere
1366 3700 1434 3782 pul·
1500 3725 1506 3811 p
1540 3751 1541 3790 3

237 3802 341 3867 ebrum
359 3809 416 3875 est,
434 3805 488 3867 sed
504 3804 659 3887 pulchrius
676 3805 794 3870 imitari.
821 3805 969 3887 Quoniam
987 3806 1079 3888 igitur
1095 3805 1240 3870 laboriosi
1257 3806 1349 3870 studii
1366 3807 1433 3871 diu·
1540 3793 1541 3814 ¹

233 3911 378 3986 turnitas,
397 3913 570 3976 calamitosa
588 3922 750 3997 paupertas
770 3921 801 3978 et
823 3937 951 3979 onerosa
977 3915 1145 3979 debitorum
1170 3915 1302 3980 infinitas
1325 3937 1432 3998 super-

233 4039 341 4102 gressa
358 4025 429 4084 sunt
452 4028 543 4105 caput
559 4041 674 4093 meum,
697 4021 777 4085 sicut
793 4043 868 4086 onus
885 4044 977 4105 grave
994 4009 1202 4106 gravanime:
1226 4023 1430 4088 venerabilem

232 4127 451 4211 benignitatem
476 4135 605 4194 vestram
628 4137 710 4193 tanto
738 4129 907 4194 fiducialius
934 4131 1074 4216 requiro,
1104 4138 1216 4214 quanto
1246 4131 1431 4215 prudencius

233 4236 363 4300 enutrita
385 4238 528 4321 cognovi,
553 4245 700 4324 quatenus
719 4214 925 4303 subviniendo
945 4239 1053 4313 michi,
1076 4241 1189 4304 clerico
1207 4248 1307 4305 vestro
1325 4239 1430 4304 humili

236 4350 266 4408 et
282 4346 400 4417 devoto,
417 4353 547 4411 vestram
564 4354 595 4411 et
611 4352 776 4411 vestrorum
793 4349 922 4430 gloriam
939 4349 1079 4413 dilatetis.

302 4489 337 4559 a)
353 4490 610 4546 denominaoionernl
