3100 5116
1190 342 1254 406 loo

63 526 233 610 erigendum
255 525 292 612 1).
323 526 378 608 Qui
404 545 471 589 cum
501 523 537 587 ab
562 525 647 587 anrris
671 524 784 586 teneris
808 524 906 588 Deum
928 530 1032 589 tenere
1050 523 1093 608 a)
1116 523 1259 606 diligens,

64 635 207 698 catholice
231 635 302 698 fidei
326 634 435 706 robur,
463 636 545 696 velut
569 638 599 696 in
622 634 697 715 ipsa.
711 632 769 696 lide
792 633 951 706 fundatus,
980 640 1084 699 tenere
1109 634 1262 697 curaverit

65 747 93 806 et
119 744 333 806 exaltacionem
369 744 472 806 matris
503 743 632 806 ecclesie
661 762 697 804 ac
726 743 866 826 equitatis
901 745 1051 807 tramitem
1079 748 1109 805 et
1142 743 1262 807 iusticie

64 853 179 916 sublimi
205 872 326 935 semper
351 853 515 915 devocione
539 851 629 916 fuerit
651 852 852 934 amplexatus3
884 858 968 917 tenet
989 852 1120 916 fidelium
1143 852 1264 915 univer-

63 961 130 1024 salis
153 961 275 1044 opinio,
299 960 396 1046 quod,
419 966 574 1042 prestante
597 961 665 1032 illo,
682 983 738 1046 per
754 982 842 1046 quem
858 981 947 1046 reges
973 966 1118 1044 regnant,
1146 961 1175 1023 in
1198 965 1262 1046 ipso

63 1069 269 1150 gloriabuntur
298 1089 418 1142 omues,
449 1071 508 1154 qui.
528 1077 706 1133 reverentur
734 1071 896 1134 ecclesiam
921 1075 950 1132 et
978 1070 1125 1141 universi,
1156 1071 1206 1152 qui
1223 1069 1262 1153 d)

64 1179 188 1262 diligunt
207 1199 315 1243 nomen
336 1180 409 1241 eius.
437 1179 511 1243 Cum
529 1179 621 1262 igitur
637 1180 692 1242 toti
709 1180 820 1243 mundo
837 1179 999 1262 expediens
1013 1177 1162 1250 videatur,
1179 1184 1210 1241 ut
1224 1178 1262 1264 o)
1290 1225 1294 1230 -

63 1285 173 1371 lampas
192 1288 311 1371 imperii
329 1288 473 1371 deinceps
491 1307 550 1350 non
568 1289 624 1352 sub
642 1289 742 1352 modio
760 1289 862 1362 lateat,
876 1289 931 1351 sed
945 1307 1037 1371 super
1050 1286 1264 1352 candelabrum

63 1397 177 1476 posita,
205 1395 281 1468 hiis,
311 1397 361 1482 qui
393 1416 489 1482 usque
521 1396 620 1462 adhuc
649 1398 680 1460 in
708 1396 842 1461 tenebris
876 1396 1083 1466 ambularunt,
1113 1396 1264 1478 copiosius

62 1506 228 1568 elucescat:
254 1505 407 1568 sanctitati
431 1511 531 1569 vestre
553 1506 755 1587 provolvimur
778 1505 994 1590 supplicando,
1020 1511 1168 1589 quatenus
1193 1524 1265 1587 pre-

63 1614 171 1677 dictum
189 1633 304 1696 regem,
327 1633 382 1696 per
405 1614 601 1678 beatitudinis
626 1623 726 1678 vestre
752 1614 855 1678 literas
874 1614 911 1678 ad
928 1619 1057 1676 vestram
1075 1615 1264 1696 presenciam

64 1730 235 1793 evocatum,
261 1725 447 1806 compellatis
480 1726 516 1787 de
540 1726 677 1788 manibus
700 1725 808 1788 vestris
839 1726 1040 1788 sacrosanctis
1066 1743 1183 1788 sacrum
1206 1726 1264 1787 im-

63 1833 135 1913 perii
153 1833 313 1914 suscipere
331 1833 488 1914 dyadema,
507 1840 539 1896 ut
558 1836 655 1898 sciant
674 1841 704 1897 et
721 1835 890 1916 intelligant
910 1832 1052 1904 universi,
1074 1835 1151 1916 quod
1165 1835 1266 1917 posuit

64 1962 114 2002 vos
137 1941 168 2002 in
194 1941 291 2004 lucem
313 1942 457 2004 Dominus
488 1949 517 2005 ct
545 1964 601 2026 per
628 1949 687 2007 tam
712 1950 816 2006 sancte
840 1943 1039 2007 delibucionis
1067 1944 1266 2006 ministerium

64 2051 200 2112 universo
219 2049 283 2112 orbi
300 2071 358 2133 pax
376 2057 405 2113 et
422 2054 621 2135 tranquillitas
639 2059 827 2136 procuretur.

165 2215 198 2278 a)
220 2221 313 2268 tenere
333 2215 353 2267 V
374 2217 424 2268 und
444 2218 461 2268 Z
481 2217 550 2270 doch
572 2220 636 2270 wohl
652 2221 694 2271 fiir
705 2219 806 2271 timere.
822 2248 854 2255 -
866 2218 896 2285 b)
912 2217 958 2270 das
973 2219 1098 2288 folgende
1113 2218 1204 2274 Sttich,
1226 2219 1266 2268 bis

65 2322 117 2356 zum
132 2305 256 2362 Schinae,
271 2305 342 2358 steht
357 2307 382 2357 in
396 2307 424 2358 V.
438 2310 486 2359 auf
497 2309 579 2360 einern
593 2309 660 2361 Rest
673 2307 720 2360 des
734 2310 829 2362 achten
845 2308 943 2360 Blattes
958 2308 1215 2373 dosQuatevnionen.
1233 2339 1262 2346 -

65 2397 94 2463 c)
109 2400 136 2449 ut
151 2396 219 2448 fehlt
234 2396 261 2448 V.

70 2551 392 2559 -..—.—-——-——--——-—-

98 2652 122 2716 ¹)
142 2663 189 2704 Dae
213 2659 284 2702 weist
307 2660 349 2703 auf
371 2661 408 2705 die
427 2662 479 2705 Zeit
499 2663 558 2705 nach
578 2663 620 2704 der
643 2665 818 2721 Anerhennung
842 2663 949 2708 Rudolt's
973 2663 1066 2707 Seitens
1090 2665 1201 2722 Gregor's
1231 2664 1267 2715 X.,

140 2751 202 2796 nach
216 2750 255 2792 26.
271 2751 411 2808 September
425 2751 496 2804 1274,
510 2754 558 2797 hiu.
