3108 5118
1174 349 1250 428 293

68 522 215 608 populum,
243 522 338 590 virum
355 524 522 590 secundum
545 543 599 588 cor
622 529 756 600 nostrum
774 525 804 588 in
820 527 986 612 apostolica
1002 527 1076 592 sede
1093 528 1253 612 disposuit,

68 633 113 716 qui
137 632 359 714 predecessoris
386 633 433 698 sui
463 633 662 697 sanctissimis
691 633 731 719 a)
760 635 925 698 inherendo
954 637 1107 720 vestigiis,
1141 644 1255 704 cuncta

66 738 166 803 debeat
193 761 401 806 consummare
429 741 559 804 feliciter
588 762 643 825 per
670 743 799 807 eundem
827 744 1075 826 predecessorem
1093 746 1256 811 salubriter

66 847 203 914 inchoata.
239 853 329 915 Porro
354 870 423 917 cum
447 830 610 934 generacio
635 852 731 916 omnis
747 857 917 936 pretereat,
941 855 1142 937 generacione
1160 856 1255 919 altera

66 956 154 1022 denuo
170 959 393 1044 subsequente,
417 965 498 1024 terra
522 967 622 1024 tamen
646 966 707 1023 stat
724 960 841 1024 stabilis
857 963 889 1023 in
905 967 1042 1026 eternum
1054 963 1109 1050 1);’
1123 963 1254 1028 ecclesia

66 1067 170 1131 scilicet
197 1069 238 1148 t)
266 1070 319 1133 Dei
348 1070 408 1133 vivi
436 1070 467 1137 in
494 1069 558 1134 suis
586 1070 712 1152 agendis
740 1075 771 1133 et
793 1071 1039 1136 ordinacionibus
1068 1073 1254 1156 agendorum

67 1183 171 1243 matura
204 1179 427 1244 deliberacione
459 1180 612 1249 decoctis,
653 1180 833 1250 immobilis,
871 1187 960 1266 prout
994 1203 1119 1266 operum
1151 1183 1255 1248 docuit

69 1286 225 1358 arridencia,
243 1296 427 1371 perseverat.
614 1355 617 1364 ,

147 1398 272 1479 Propter
299 1398 381 1482 quod
407 1398 580 1463 beatissime
609 1405 710 1483 pater,
740 1393 790 1462 de'
807 1399 893 1463 cuius
922 1389 1081 1466 creceione
1110 1403 1253 1469 divinitus

68 1504 193 1569 ordinata
205 1505 245 1590 c)
253 1507 360 1571 revixit
373 1509 492 1572 omnino
507 1508 631 1591 spiritus
644 1512 758 1578 noster,
770 1508 901 1593 tripudio
915 1497 1050 1574 inel'abili
1061 1495 1255 1584 fecundatus,

66 1615 93 1675 in
106 1615 199 1678 sinum
215 1622 317 1681 vestre
329 1617 432 1700 gracie
449 1617 595 1700 colligite,
620 1636 795 1701 quesumus,
818 1615 911 1704 filiurn
927 1619 1127 1702 singularem,
1145 1620 1256 1685 vestris

68 1729 93 1788 ct
112 1726 211 1788 matris
236 1726 370 1790 ecclesie
386 1725 587 1810 beneplacitis
603 1726 771 1810 pariturum
787 1728 820 1808 in
836 1728 917 1792 ornni
933 1730 1058 1811 spiritns
1075 1732 1256 1815 promptitu-

67 1832 128 1896 dine
154 1840 184 1898 el
211 1837 349 1906 fervore,
378 1855 454 1921 opus
482 1835 538 1899 Dei
566 1834 698 1918 benigne
725 1833 919 1920 perficientes
942 1838 973 1900 in
990 1838 1078 1902 nobis
1095 1861 1131 1902 er
1146 1839 1257 1904 tradita

67 1942 142 2007 robis
177 1945 311 2031 desuper
344 1950 504 2027 potestate.
547 1945 758 2028 verisimiliter
772 1971 775 1976 ¹
790 1945 913 2029 quidem
941 1967 1001 2009 non
1029 1929 1170 2023 arbitrari
1199 1970 1258 2012 rron

67 2070 232 2134 possumus,
256 2053 339 2139 quod
360 2059 422 2118 tam
444 2055 538 2118 ardue
555 2054 598 2117 rei
616 2055 841 2119 consummaoio
862 2062 963 2121 vestre
981 2058 1021 2120 sit
1037 2057 1145 2122 celitus
1161 2059 1257 2141 glorie

68 2168 226 2235 reservata,
249 2168 283 2227 ut
299 2164 330 2226 in
347 2163 469 2227 dextera
485 2167 586 2226 vestra
610 2161 747 2246 proficiat
771 2168 802 2228 et
822 2166 854 2227 in
877 2170 978 2229 actum
1000 2165 1151 2238 deducat,
1176 2165 1257 2250 quod

70 2286 165 2334 manus
188 2271 335 2335 Altissimi
363 2271 576 2354 potencialiter
603 2292 676 2355 erga
704 2278 836 2352 nostram
864 2273 1100 2338 imbecillitatem
1125 2274 1258 2338 creditur

68 2377 217 2444 inchoasse
226 2381 267 2468 ²).
480 2363 482 2366 Ι

145 2490 225 2554 Ecce
238 2489 336 2574 igitur.
346 2489 551 2554 venerabilem
567 2491 666 2558 virum
677 2491 713 2556 N.
730 2491 956 2579 episcopum),
973 2493 1060 2557 robis
1077 2500 1107 2559 et
1123 2495 1257 2559 Romane

67 2601 185 2664 ecclesie
207 2601 369 2671 devotum,
392 2600 430 2663 ad
453 2599 652 2666 beatitudinis
676 2607 778 2666 vestre
801 2603 895 2688 pedes
921 2601 1102 2668 fiducialiter
1118 2603 1257 2669 duximus

68 2707 281 2782 destinandum,
295 2709 422 2793 supplici
437 2709 602 2774 devocione
614 2717 765 2793 petentes,
778 2717 812 2775 ut
824 2712 863 2782 ei,
876 2712 907 2774 in
920 2731 1008 2796 quem
1021 2714 1258 2778 transfundimus

67 2815 160 2883 intima
187 2820 292 2884 cordis
320 2820 432 2890 nostri,
466 2820 601 2885 auditum
632 2820 761 2904 prebere
788 2821 959 2886 benivolum
991 2828 1022 2886 et
1055 2824 1085 2886 in
1117 2823 1257 2887 omnibus

67 2930 167 2992 uostris
201 2929 331 3013 agendis
366 2929 510 2994 adbibere
538 2928 628 2993 fidem
655 2930 809 2998 credulam
841 2931 1006 3014 dignemini
1044 2933 1124 2996 sicut
1157 2931 1256 3002 uobis,

67 3038 254 3104 eraudicione
270 3039 402 3122 gratuita
418 3037 623 3104 favorabiliter
639 3039 856 3125 subsequente.

150 3239 183 3309 a)
204 3237 382 3295 sanctissimis
399 3255 440 3293 am
457 3239 549 3293 Raude
569 3239 598 3292 V.
616 3269 645 3279 -
661 3238 694 3309 d)
715 3239 830 3294 ccclesia
852 3240 983 3313 siquidem
997 3240 1026 3295 V.
1042 3271 1075 3280 -
1089 3242 1122 3312 o)
1137 3239 1259 3296 ordinata

67 3342 103 3382 rur
115 3328 203 3388 Raude
216 3331 247 3384 V.

90 3622 111 3680 ¹)
127 3621 286 3670 Ecclesiastec
297 3622 320 3676 1,
332 3620 356 3667 d.

88 3698 110 3762 Β)
127 3705 167 3752 bic
185 3705 386 3762 Kaiserkrduuug
406 3703 513 3750 liudolfo
533 3701 565 3747 ist
584 3701 702 3761 gemeiut,
729 3701 767 3747 die
788 3692 848 3747 urob
867 3701 911 3748 der
930 3701 968 3748 bei
988 3702 1031 3747 der
1051 3703 1260 3748 Zusommenlruoft
1297 3697 1313 3720 ⁹

123 3789 230 3834 flodolf's
243 3787 287 3833 mit
298 3787 392 3846 (fregor
402 3765 432 3832 X.
450 3786 615 3846 subobscure
632 3781 685 3843 (18.
699 3783 806 3830 October
819 3782 895 3844 1275)
913 3783 1064 3841 gctrcttenen
1078 3784 1259 3844 Verobredong,

124 3867 247 3930 Plingstcn
262 3868 324 3914 1276
337 3868 403 3913 bitte
414 3864 552 3913 otetttimlen
564 3866 650 3913 sollers.

89 3946 112 4010 ⁸)
128 3953 231 3998 Gerbert
241 3951 283 3996 bat
298 3948 351 3996 bier
368 3948 442 4010 (ureb
458 3949 511 3994 dem
523 3948 602 3994 Codex
619 3947 662 3992 dos
673 3949 746 3994 Abies
758 3948 877 3994 scifriedr
890 3947 986 3993 Wiener
998 3947 1102 3992 llolbibl.
1114 3949 1156 3994 ιΙιιι
1169 3948 1215 3994 cis.
1227 3948 1259 3992 76

123 4031 184 4090 jetct
193 4031 273 4092 9³51)
286 4029 466 4078 aoadrri'cbliebr
487 4028 610 4076 llemicurc
624 4030 774 4076 {faciliensem
787 4031 934 4089 episcopum,
945 4031 992 4074 und
1004 4030 1047 4076 dcr
1059 4029 1189 4083 donabere,
1207 4028 1261 4074 deas

123 4117 211 4164 liudolf
227 4117 312 4170 diesen
328 4116 411 4162 scinco
428 4115 563 4160 vertrauteo
580 4114 689 4168 Fecund,
706 4114 749 4161 der
766 4115 826 4162 rrrclr
844 4115 868 4160 in
884 4115 1008 4162 benerone
1024 4124 1134 4171 eugegeu
1146 4112 1192 4157 und
1204 4115 1259 4158 nort

122 4210 167 4244 ron
179 4200 276 4258 Gregor
293 4197 320 4244 L
339 4209 390 4242 zum
407 4196 506 4242 Biscbof
519 4195 625 4256 gcweibt
644 4197 741 4242 worden
759 4208 822 4250 war,
842 4209 870 4241 ιιι
887 4195 927 4242 die
946 4195 1017 4252 Curio
1028 4194 1175 4249 abordcolo,
1194 4192 1260 4237 otcbt

123 4280 200 4327 aicbts
213 4282 345 4340 eutgegeo.
368 4279 448 4338 Vergl.
461 4279 540 4337 Kopp,
553 4281 571 4334 l,
584 4278 640 4332 133,
653 4280 716 4327 doro.
729 4279 751 4325 7,
