3116 5124
304 279 379 353 m

301 435 456 500 aDomino
472 434 648 509 benedicte,
675 440 799 520 paterno
822 436 1057 502 contribulemur
1077 433 1206 509 aflectu,
1234 436 1387 506 scientes,
1412 440 1440 498 te
1453 437 1479 499 in
1534 521 1535 524 Ἴ

300 545 503 623 subtractione
529 546 605 616 tanti
631 545 703 619 viri,
731 565 799 610 cum
822 564 881 630 quo
900 565 958 611 unu
979 565 1050 610 caro
1073 545 1175 618 luisti,
1191 545 1313 609 acerbis
1339 543 1479 609 doloribus
1534 535 1535 540 ¹

299 653 438 716 cruciari.
471 653 582 717 Verum
611 676 664 727 uc,
693 653 720 716 si
744 654 854 718 doloris
878 675 987 718 causas
1005 673 1190 736 exaggerare
1214 653 1361 725 velimus,
1386 652 1480 716 vulnus

299 761 409 826 doloris
433 783 493 826 non
516 767 576 828 tam
598 762 815 827 medicinaliter
830 769 1036 847 pertractare,
1064 783 1153 846 quam
1174 762 1312 826 lacerare
1330 761 1480 825 crudeliter
1534 797 1535 848 l

298 871 462 945 videamur,
479 891 605 936 neccsse
622 878 679 945 est,
696 877 728 936 ut
743 872 782 936 ad
798 893 876 946 cum,
889 874 938 956 qui
950 874 1089 936 vulnerat
1101 877 1132 936 et
1143 872 1281 936 medetur
1294 877 1327 934 et
1342 876 1480 933 merentes

298 980 387 1063 erigit
403 981 559 1065 sospitate,
575 1002 631 1046 nos
648 981 744 1046 etalii
762 986 948 1046 revertamur
963 982 1125 1054 humiliter,
1142 989 1175 1046 ut
1191 982 1229 1046 ab
1247 1002 1302 1054 eo,
1320 981 1374 1064 qui
1390 999 1440 1042 nos
1454 981 1479 1042 in

1533 999 1535 1050 p

116 1073 137 1118 ⁶
180 1118 223 1159 ro.
236 1091 377 1158 commui
393 1090 590 1156 tribulacione
606 1092 842 1156 misericorditer
858 1092 1046 1165 consolatur,
1074 1091 1287 1156 consolationis
1306 1088 1477 1154 beneficium

193 4823 248 4831 A

30 4873 41 4886 na
67 4877 100 4890 ,11-

298 1218 484 1274 mereamur,
517 1201 643 1266 maxime
666 1220 733 1264 cum
756 1201 892 1285 dampnis
915 1200 1088 1266 huiusmodi
1112 1221 1173 1266 non
1194 1200 1317 1264 occurri
1342 1198 1437 1263 valeat
1454 1197 1480 1260 in

299 1309 417 1374 homine
440 1311 488 1374 vel
510 1311 655 1375 succurri.
674 1310 732 1393 Qui
760 1311 838 1374 enim
860 1312 981 1394 proprio
1003 1309 1062 1375 filio
1088 1332 1142 1375 suo
1165 1331 1225 1374 non
1247 1309 1407 1394 pepercit,
1433 1308 1479 1380 sed

297 1438 351 1501 pro
369 1419 505 1484 omnibus
522 1420 646 1484 tradidit
661 1421 758 1493 illum,
786 1439 937 1506 nunquam
958 1422 1047 1485 ullum
1072 1426 1177 1484 contra
1200 1418 1377 1502 generalem
1392 1417 1480 1498 legen

298 1533 403 1592 nature
427 1529 520 1593 voluit
542 1529 630 1593 eximi
652 1535 748 1594 morte
772 1531 889 1602 carnis;
921 1537 954 1595 ut
976 1531 1065 1594 etiam
1089 1531 1160 1594 nulli
1176 1529 1369 1613 preludicet,
1396 1546 1479 1610 gene-

298 1637 390 1700 ralem
418 1644 524 1703 nature
553 1639 759 1704 condicionem
788 1640 913 1722 singulis
942 1639 1123 1704 observavit.
1153 1639 1293 1702 Ceterum
1310 1627 1390 1700 ¹cum
1412 1636 1478 1698 iden

299 1745 357 1808 dux
379 1746 471 1810 corde
501 1748 665 1821 contritus,
683 1768 735 1812 ore
758 1729 933 1822 confessus,
962 1755 1080 1833 sumpto
1105 1749 1215 1813 viatico
1239 1745 1383 1819 salutari,
1410 1745 1476 1808 sicut
1533 1763 1535 1826 ς

294 1853 492 1956 ,confidimus
529 1856 658 1920 feliciter
694 1856 732 1920 ad
764 1857 916 1922 Christum
954 1858 1145 1942 migraverit,
1185 1855 1385 1938 diligentibus
1421 1875 1477 1918 eurn
1534 1877 1535 1890 ²

299 1963 490 2045 gaudendum
508 1967 613 2049 pocius
637 1973 701 2038 est,
729 1987 819 2051 quem
841 1967 1017 2039 dolendum,
1045 1968 1135 2052 quia,
1163 1967 1189 2030 si
1212 1986 1341 2031 currens
1365 1964 1477 2028 stadium

298 2072 386 2137 buius
421 2075 481 2138 vite
515 2075 638 2140 celestis
675 2076 771 2158 glorie
805 2075 939 2141 bravium
973 2077 1190 2161 apprehendit,
1222 2082 1338 2161 quanto
1370 2091 1476 2139 cursum

297 2183 425 2248 celerius
442 2184 644 2256 consumavit,
672 2190 720 2248 est
735 2191 818 2248 tanto
841 2185 959 2250 felicior
974 2186 1182 2270 reputandus
1203 2185 1281 2256 Sed,
1313 2183 1428 2269 inquies
1443 2181 1475 2267 a)

295 2293 393 2363 forte,
421 2313 478 2356 nec
501 2293 643 2357 tortitudo
666 2294 774 2376 lapidis
796 2294 940 2359 fortitudo
962 2316 1047 2368 mea,
1075 2315 1131 2358 nec
1157 2315 1227 2358 caro
1251 2314 1321 2358 mea
1339 2311 1413 2357 enea
1426 2297 1474 2361 est,

296 2403 366 2485 quin
383 2402 488 2466 eadem
517 2424 587 2467 caro
617 2423 682 2467 mea
710 2409 769 2467 tam
798 2404 896 2486 rigide
924 2403 1018 2468 incisa
1052 2405 1152 2469 doleat
1186 2403 1398 2473 vehementer,
1428 2419 1472 2463 nec

295 2511 462 2595 conjugalis
490 2511 610 2575 allectio
637 2512 766 2594 patitur,
795 2518 828 2576 ut
855 2513 885 2576 in
913 2534 948 2577 ea
965 2513 1061 2597 ipsius
1078 2514 1134 2577 viri
1156 2513 1301 2577 memoria
1329 2513 1470 2582 moriatur,

295 2641 364 2685 eum
388 2621 499 2690 caritas
524 2640 581 2684 non
604 2619 739 2693 excidat,
768 2641 858 2684 carne
875 2622 965 2686 ctiam
982 2622 1159 2686 decedente.
1207 2622 1274 2686 Nec
1291 2642 1349 2686 nos
1366 2620 1470 2706 quiden

294 2729 453 2814 castigati,
483 2729 593 2794 doloris
616 2730 780 2794 molestiam
803 2730 984 2795 intendimus
1007 2731 1163 2804 inhibere,
1192 2753 1230 2795 ne
1258 2739 1367 2798 contra
1387 2732 1470 2812 legen

293 2848 398 2907 nature
426 2840 538 2904 trustra
572 2838 755 2902 contendere
782 2837 958 2913 videamur,
990 2859 1049 2924 que
1082 2848 1184 2904 tamen
1212 2841 1257 2904 sic
1282 2847 1334 2905 est
1361 2839 1469 2924 provido

292 2948 505 3036 temperanda,
531 2969 568 3012 ne
585 2953 690 3011 contra
705 2946 804 3030 legem
819 2948 875 3010 Dei
893 2949 969 3031 erigi
986 2950 1130 3015 videatur.
1148 2951 1226 3016 Nam
1242 2971 1302 3036 que
1320 2950 1468 3014 secundun

293 3062 427 3126 seculum
459 3067 506 3123 est
536 3057 681 3130 tristicia,
712 3064 856 3128 mortem,
889 3077 946 3142 que
978 3065 1077 3124 eutem
1109 3060 1274 3126 secundum
1297 3061 1393 3125 Deum
1421 3064 1466 3128 est,

292 3169 489 3255 penitentiam
520 3174 662 3250 operatur
689 3165 827 3228 stabilem
855 3166 885 3228 in
915 3167 1050 3231 salutem.
1083 3169 1139 3234 Est
1166 3171 1261 3243 enim,
1289 3171 1371 3234 unde
1396 3174 1467 3253 potes

293 3282 382 3345 etiam
399 3276 604 3361 temporaliter
621 3273 787 3346 consolari,
805 3275 873 3356 quia
890 3275 927 3338 de
944 3277 1060 3358 sepulta
1076 3277 1179 3342 radice
1200 3300 1302 3343 ramus
1319 3279 1425 3365 prodiit
1437 3275 1466 3359 t)

291 3391 459 3477 gloriosus,
488 3387 557 3450 dum
575 3384 611 3448 de
628 3389 715 3469 patre
732 3389 817 3446 natus
836 3392 883 3448 est
897 3383 992 3458 illiue,
1013 3386 1040 3473 1)
1062 3393 1095 3450 ut
1110 3388 1158 3450 vix
1174 3389 1329 3453 senciatur
1345 3389 1466 3455 amissus,

291 3502 376 3566 cuius
405 3519 465 3562 non
493 3500 652 3558 extraneus
680 3499 728 3557 est
750 3512 919 3556 successor,
952 3493 1081 3577 Ideoque
1105 3515 1258 3561 monemus
1282 3503 1315 3563 et
1330 3514 1464 3582 rogamus,

290 3617 438 3698 quatenus
467 3626 527 3668 non
555 3622 650 3685 neges
679 3600 826 3665 consolari
854 3601 982 3666 animam
1009 3609 1107 3677 tuam,
1139 3605 1194 3669 sed
1221 3626 1338 3671 memor
1364 3603 1464 3672 Domini

291 3717 455 3788 delecteris
484 3715 515 3778 in
544 3709 682 3778 omnibus
711 3709 852 3793 operibus
874 3709 937 3774 suis
960 3717 1006 3785 et,
1031 3715 1110 3776 omni
1133 3733 1251 3778 merore
1267 3715 1418 3798 deposito,
1440 3721 1463 3776 te

291 3841 322 3899 et
337 3837 405 3896 tuos
423 3823 585 3890 salubriter
602 3820 785 3893 consoleris,
813 3827 846 3884 ut
862 3819 903 3884 sis
920 3820 1027 3894 etiam,
1055 3823 1135 3886 sicut
1151 3823 1317 3898 condecet,
1345 3823 1463 3889 consola·

291 3939 387 4009 aionis
404 3937 471 4002 aliis
484 3935 516 3996 in
532 3930 716 4014 exemplum,
743 3931 889 3995 clamores
907 3937 938 3995 et
952 3932 1050 3996 luctus
1067 3940 1245 4001 convertens
1261 3933 1293 3998 in
1310 3936 1461 4000 oracionun

381 4109 415 4179 a)
430 4106 504 4162 dices
517 4099 646 4173 corrigirt
658 4098 688 4154 V.
700 4129 727 4140 -
737 4097 769 4168 b)
783 4097 866 4154 aliast
881 4112 1028 4167 generosus
1041 4099 1166 4171 corrigirt
1174 4098 1202 4154 V.

289 4315 614 4346 .........-----·

312 4484 336 4544 ί)
357 4484 401 4528 bes
418 4480 449 4527 ist
465 4475 588 4524 Friedrich
606 4474 633 4518 ll.
652 4471 694 4517 dor
717 4468 859 4527 Streitbrrog
880 4465 916 4517 die
935 4467 1035 4520 anderen
1057 4471 1136 4520 Sdlrns
1155 4472 1290 4535 Leopold’s,
1311 4472 1407 4533 Leopold
1422 4467 1458 4514 uul

353 4561 472 4614 tlelorich,
490 4570 569 4604 waren
587 4555 661 4601 sebon
678 4565 722 4599 vor
739 4552 801 4600 laco
817 4555 956 4614 gcstorbcn,
1194 4547 1197 4554 '
