3132 5126
295 311 373 420 ao·

293 485 422 550 seminat
435 502 528 566 parce
545 489 576 548 et
591 483 631 569 α)
648 487 740 546 metet
757 487 787 548 et
803 482 853 566 qui
869 484 900 546 in
921 480 1184 548 benedictionibus
1207 481 1245 544 de
1267 480 1479 546 benedictioni·

292 596 349 658 bus
365 599 396 658 et
410 597 504 656 metet
524 591 563 680 ¹),
586 591 654 656 ideo
672 591 774 654 dilecti
790 591 822 656 in
837 591 968 664 Christo,
985 590 1209 656 universitatem
1230 597 1359 656 vestram
1381 610 1480 656 mone-

293 726 358 770 mus
373 704 487 786 pariter
503 707 533 765 et
548 702 716 773 hortamur,
741 705 887 785 quatenus
912 701 951 766 ad
978 701 1037 766 tale
1063 699 1251 773 hedificiunr,
1274 702 1353 784 quod
1374 701 1482 784 obsquo

293 815 425 880 fidelium
442 811 605 876 elemos'ma
622 831 681 874 non
695 811 807 893 poterit
822 831 876 894 pre
892 811 994 894 inopia
1010 812 1049 876 ad
1065 817 1176 878 statum
1197 816 1330 894 optatum
1349 811 1482 894 perduci,

296 925 332 988 de
349 921 440 987 rebus
455 920 541 983 vobis
559 921 726 991 concessis,
741 925 830 1002 prout
847 920 971 1004 quilibet
987 919 1148 986 destinauit
1159 921 1190 984 in
1203 921 1295 984 corde
1308 941 1374 993 suo,
1390 926 1484 984 vestra

296 1035 435 1115 dignetur
462 1029 575 1092 karitas
603 1028 741 1110 elargiri,
769 1034 801 1093 ut
818 1029 923 1093 exinde
940 1029 1070 1094 divinam
1091 1029 1342 1114 propiciacionem
1365 1027 1486 1092 valeatis

295 1141 412 1207 facilius
444 1141 614 1222 impetrare.
647 1139 710 1202 Nos
742 1159 814 1204 vero
846 1141 1025 1206 auctoritate
1054 1140 1211 1204 beatorum
1237 1141 1319 1204 Petri
1351 1145 1383 1203 et
1408 1137 1487 1202 Pauli

296 1251 497 1336 apostolorum
514 1254 546 1313 et
561 1247 673 1312 domini
688 1267 784 1330 pape,
802 1268 860 1332 qua
876 1250 1044 1331 fungimur,
1061 1247 1182 1322 confisi,
1199 1249 1334 1314 omnibus
1351 1247 1488 1312 elemosi-
1542 1263 1545 1344 q

296 1385 364 1428 nam
395 1379 479 1424 suam
516 1359 554 1422 ad
585 1358 753 1442 predictum
790 1358 889 1423 locum
926 1359 1150 1442 porrigentibus
1190 1359 1388 1446 quadraginta
1427 1357 1487 1422 dies

296 1470 490 1539 criminalium
507 1469 544 1532 de
561 1467 693 1531 iniuncta
709 1465 767 1530 sibi
782 1467 952 1550 penitencia
968 1469 1205 1534 misericorditer
1219 1468 1397 1534 relaxamus.

569 1608 740 1690 hxenplun
755 1608 900 1690 petitorio
915 1610 949 1673 ln
965 1607 1097 1674 soconda
1113 1611 1223 1694 specle.

389 1724 554 1807 Gregorius
598 1723 759 1807 episcopus
804 1744 908 1788 seruus
954 1743 1107 1788 servorum
1145 1725 1203 1789 Dei
1247 1725 1316 1791 talis
1365 1724 1491 1793 ecclesie

299 1840 451 1905 canonicis
469 1837 506 1926 b)
524 1842 582 1901 etc.
612 1838 700 1900 Licet
716 1859 751 1900 ex
768 1836 897 1902 decessu
913 1837 1011 1902 felicis
1028 1839 1252 1904 recordacionis
1268 1839 1450 1905 uenerabilis
1465 1837 1493 1901 iu

299 1950 417 2015 Christo
441 1947 542 2012 fratris
565 1946 657 2011 nostri
676 1947 708 2011 C.
728 1947 1042 2031 e),h1ayuburgensis
1059 1949 1208 2033 quondam
1235 1951 1384 2034 episcopi,
1409 1969 1495 2032 super

298 2082 353 2125 vos
384 2059 522 2123 musaeu
548 2077 652 2121 manus
674 2058 794 2122 Domini
823 2059 996 2140 specialiter
1023 2065 1205 2142 aggravata,
1234 2063 1303 2145 quia
1324 2064 1402 2125 tanti
1425 2060 1494 2124 estis

299 2171 512 2236 benedictione
528 2168 678 2251 pontificis
694 2168 818 2240 viduati,
842 2168 1002 2233 universali
1018 2170 1059 2254 d)
1075 2170 1283 2236 nichilominus
1308 2171 1441 2236 ecclesie
1463 2191 1496 2234 cx

301 2282 438 2347 eiusdem
464 2285 561 2345 morte
590 2280 675 2343 dolor
700 2279 837 2362 provenit
865 2285 895 2342 et
921 2280 1091 2344 lamentum.
1124 2283 1191 2364 lpse
1215 2282 1334 2366 quidem
1357 2283 1390 2346 in
1413 2281 1495 2346 domo

299 2392 419 2456 Domini
435 2396 571 2474 tempore
587 2387 742 2453 iracundie
758 2389 856 2452 lactus
875 2394 922 2453 est
938 2388 976 2477 e)
993 2389 1204 2455 reconciliacio
1229 2397 1259 2454 et
1275 2391 1353 2455 sicut
1365 2392 1497 2473 colump-

301 2521 368 2566 nam
383 2499 512 2564 validam
528 2498 669 2562 humeros
686 2517 757 2560 suos
775 2496 909 2561 exhibuit
924 2497 963 2561 ad
984 2499 1163 2581 portandum
1186 2520 1279 2563 onera
1300 2505 1494 2564 sacrosancte

301 2613 442 2683 ecclesie,
459 2611 640 2682 matricem,
654 2608 722 2672 ideo
739 2610 883 2672 memoria
900 2607 964 2671 eius
981 2629 1041 2673 non
1058 2610 1206 2675 delebitur
1221 2631 1239 2674 a
1252 2611 1455 2693 generacione
1467 2610 1495 2672 in

301 2720 533 2804 generacionem
552 2724 583 2783 et
595 2737 703 2782 nomen
719 2718 784 2780 eius
801 2737 856 2799 per
872 2719 974 2782 secula
990 2719 1168 2802 requiretur.
1188 2720 1250 2784 Sed
1263 2720 1333 2803 quia
1348 2739 1497 2804 nunquam

301 2833 346 2895 sic
367 2831 520 2895 abreviata
542 2829 661 2893 videtur
683 2847 786 2892 manus
803 2829 922 2892 Domini
944 2835 976 2893 ut
999 2829 1192 2893 obliviscatur
1213 2829 1331 2904 miseris
1348 2830 1497 2901 misereri,

302 2963 374 3006 eece
398 2941 545 3006 convertit
565 2941 676 3003 luctum
698 2943 832 3002 nostrum
856 2939 1058 3021 ingaudium,
1081 2942 1165 3004 cuius
1183 2940 1393 3006 misericordia
1409 2945 1495 3025 plena

302 3073 370 3116 esse
385 3049 422 3137 t)
440 3049 606 3113 dinoscitur
619 3047 714 3111 omnis
730 3055 820 3112 terra.
840 3048 979 3113 Ceterum
993 3051 1235 3132 congratulamur
1246 3049 1343 3123 vobis,
1360 3052 1444 3134 quod
1460 3047 1496 3113 ob

300 3160 505 3224 reverenciam
529 3159 611 3221 sedis
642 3157 808 3241 apostolice
840 3158 1046 3223 honorabilem
1076 3161 1171 3224 virum
1186 3160 1226 3246 9)
1248 3160 1280 3223 in
1309 3160 1493 3244 prepositum

300 3271 459 3356 recepistis
467 3291 477 3343 ;
513 3270 551 3334 ad
583 3268 664 3352 quod
693 3269 822 3340 iactum,
855 3268 934 3333 siout
964 3270 1138 3336 sinceritate
1170 3271 1278 3336 devota
1309 3270 1496 3335 adhibuimus

301 3402 422 3466 operam
450 3380 640 3462 diligentem,
687 3375 732 3438 sic
759 3398 819 3442 non
845 3377 984 3442 inmerito
1013 3383 1098 3461 grate
1125 3369 1333 3462 amplectimur
1359 3380 1496 3449 caritate,

302 3492 382 3577 quod
397 3491 428 3556 in
445 3513 480 3556 eo
497 3493 632 3554 voluntas
649 3481 752 3554 nostra
773 3490 884 3573 prodiit
905 3489 936 3553 in
958 3489 1107 3554 effectum.
1140 3492 1179 3555 Et
1196 3491 1266 3574 quia
1280 3489 1321 3575 b]
1337 3492 1369 3554 in
1386 3492 1497 3555 exami-

301 3605 428 3669 nacione
457 3603 590 3667 eiusdem
621 3623 749 3686 persone
780 3602 867 3684 plene
897 3600 992 3684 ipsius
1025 3603 1219 3685 cognovimus
1251 3602 1496 3667 circumstancias

301 3715 491 3787 meritorum,
514 3717 671 3798 sperantes
696 3717 727 3775 et
747 3711 779 3774 in
793 3712 919 3775 Domino
942 3709 1110 3776 firmissime
1134 3710 1335 3783 confidentes,
1358 3710 1439 3795 quod
1460 3711 1497 3773 ad

302 3822 462 3888 cuiuslibet
487 3825 623 3905 regimen
651 3823 780 3886 ecclesie
814 3821 947 3904 ydoneus
973 3842 1041 3884 esse
1063 3822 1169 3904 possit,
1197 3825 1302 3903 utpote
1334 3820 1381 3884 vir
1406 3820 1498 3884 multe

301 3932 479 4004 honestatis,
493 3931 682 3995 continencia
700 3936 730 3994 et
741 3951 856 3995 morum
871 3931 1028 3995 honestate
1053 3929 1085 4019 i)
1102 3929 1258 3993 laudabilis
1277 3949 1378 3994 coram
1390 3930 1455 3992 Deo
1470 3931 1499 3990 et

303 4044 383 4110 omni
398 4043 524 4127 populo,
541 4048 647 4126 potens
665 4041 696 4103 in
714 4061 805 4122 opere
823 4047 853 4104 et
875 4060 1029 4112 sermone,
1046 4040 1089 4104 ita
1112 4046 1145 4104 ut
1168 4039 1258 4122 digne
1281 4045 1311 4102 et
1333 4038 1500 4103 efficaciter

182 4164 290 4205 ΜΛΝ·
301 4173 427 4236 preesse
443 4153 557 4224 valeat,
580 4150 764 4240 fraternale)
778 4150 863 4214 vobis
881 4150 1080 4214 sollicitudine
1098 4149 1280 4213 consulimus
1298 4154 1328 4212 et
1344 4167 1499 4230 rogamus,

393 4281 426 4350 o)
440 4280 520 4334 etiam
533 4281 560 4333 Z.
579 4310 606 4319 -
625 4278 657 4348 h)
671 4279 769 4332 talibus
788 4280 900 4332 sulutem
919 4279 947 4332 Z.
962 4307 989 4317 -
1007 4279 1039 4348 o)
1059 4279 1088 4332 D.
1107 4278 1134 4330 Ζ.
1148 4307 1182 4317 -
1196 4277 1232 4348 d)
1252 4275 1408 4330 universalis
1420 4275 1451 4328 V.
1466 4303 1495 4314 -

306 4371 338 4440 e)
353 4371 404 4425 luit
418 4372 445 4424 Z.
464 4402 491 4410 -
504 4373 536 4443 f)
557 4388 616 4424 esse
636 4369 704 4422 fehlt
716 4371 745 4422 V.
765 4400 792 4408 -—
807 4371 842 4441 p)
858 4371 886 4422 ll.
899 4370 926 4422 Z.
944 4399 974 4408 -
989 4367 1023 4438 h)
1038 4371 1101 4440 quia
1120 4368 1281 4441 quandoque
1294 4368 1321 4420 Z.
1342 4396 1377 4407 -
1395 4365 1422 4435 ι)
1437 4366 1502 4419 hon.

301 4462 372 4516 fehlt
382 4461 411 4515 V.
428 4491 460 4500 -
475 4461 509 4531 le)
528 4461 582 4516 sic!

334 4592 358 4653 ¹)
371 4593 404 4637 hd
418 4593 546 4638 Corinthos
557 4592 582 4646 2,
596 4605 648 4648 cap.
660 4592 683 4646 9,
696 4591 719 4635 6.
