3100 5116
251 323 326 392 372

247 517 353 561 norum
381 497 494 560 vestris
523 496 629 559 votivis
655 517 714 559 non
736 493 909 578 impetrabit
932 493 1110 569 affectibus,
1139 516 1197 580 que
1214 495 1303 560 uobis
1321 498 1460 580 propicia

247 604 385 668 redditur
405 623 459 686 pro
482 603 580 667 laudis
603 602 701 666 divine
724 601 876 684 preconiis
899 606 930 664 et
952 621 1006 684 pro
1029 602 1090 666 rite
1120 605 1236 669 meritis
1260 605 1459 670 innocentis?

247 715 329 778 Ecce
353 713 461 796 igitur,
487 712 537 796 qui
561 733 629 777 cum
653 713 770 776 llartha
797 711 970 794 multiplicis
993 710 1235 795 perturbacionis
1252 713 1462 797 inquietamur

248 821 457 894 incommodis,
477 824 659 904 oportunum
675 819 882 885 auxiliacionis
909 819 1054 885 solacium
1078 827 1293 904 exspectantes
1317 843 1335 887 a
1353 825 1461 908 quies·

250 931 387 995 centibus
405 929 448 1015 a)
466 951 533 993 cum
555 931 666 993 Maria:
697 929 923 993 universitatem
950 935 1100 1003 vestram,
1128 949 1217 1014 quam
1245 931 1331 1014 regis
1360 934 1460 997 eterni

250 1041 384 1123 graciam
401 1044 431 1102 et
449 1039 571 1103 celestis
589 1039 672 1102 curie
690 1040 822 1102 fauorem
847 1038 937 1102 claris
960 1039 1073 1102 habere
1097 1040 1283 1122 argumentis
1300 1042 1458 1123 presumi·

249 1169 332 1220 mus,
361 1167 435 1211 voce
452 1147 492 1232 b)
525 1147 653 1230 supplici
682 1147 818 1211 duximus
846 1148 1075 1231 requirendam,
1111 1155 1260 1231 quatenus
1294 1149 1387 1214 nobis
1420 1170 1458 1213 ac

249 1257 351 1321 inclite
368 1257 404 1320 N.
425 1257 463 1340 c)
480 1259 680 1321 Romanorum
706 1257 831 1339 regine,
858 1257 991 1321 consorti
1021 1262 1122 1321 nostre
1146 1258 1323 1332 carissime,
1355 1259 1458 1323 divine

158 1390 165 1403 ·
252 1366 472 1450 omnipotencie
507 1365 640 1448 graciam
674 1367 783 1429 vestris
811 1366 869 1449 piis
893 1365 1170 1431 intervencionibus
1198 1367 1384 1451 acquiratis,
1414 1375 1458 1442 ut,

251 1476 336 1539 cuius
359 1474 541 1539 ammiranda
570 1476 710 1557 potencia
734 1475 785 1538 dat
806 1476 848 1559 d)
864 1496 920 1558 per
942 1476 1076 1558 graciam
1092 1497 1161 1541 esse
1184 1476 1372 1551 fortissima,
1398 1499 1458 1562 que

251 1589 320 1648 sunt
336 1583 455 1666 fragilia
471 1605 527 1666 per
542 1589 688 1656 naturam,
703 1582 887 1647 debilitatem
901 1591 1034 1665 nostram
1050 1585 1159 1649 robore
1172 1586 1278 1651 fulciat
1291 1591 1322 1651 et
1344 1588 1458 1652 virtute

252 1692 439 1763 corroboret,
457 1693 568 1775 detque
586 1692 672 1756 nobis
690 1692 728 1756 ab
746 1692 805 1755 alto
823 1693 979 1776 prosequi,
998 1695 1077 1777 quod
1094 1694 1245 1758 commisit
1262 1701 1295 1759 et
1311 1696 1456 1769 credidit,

252 1807 400 1885 quatenus
417 1800 448 1863 in
464 1799 560 1883 glorie
578 1821 631 1864 sue
649 1801 842 1864 convalescat
858 1806 1063 1883 augmentum,
1077 1809 1108 1866 et
1120 1801 1312 1866 Christianus
1325 1806 1458 1888 populus

252 1930 310 1974 una
338 1909 496 1973 nobiscum
517 1908 549 1972 in
573 1909 796 1991 pulchritudine
816 1911 902 1992 pacis
926 1915 956 1974 ct
977 1910 1082 1994 requie
1106 1912 1248 1993 opulenta
1274 1914 1458 1987 consedeat,

251 2019 373 2084 tandem
391 2019 535 2082 claritatis
552 2025 698 2100 perpetue
715 2018 808 2094 radiis
826 1999 1029 2083 illustrandus.

827 2335 890 2404 23.

313 2550 479 2632 lnpcratcr
495 2551 630 2616 natitent
646 2569 723 2632 pape
740 2551 818 2632 quod
834 2502 946 2628 gaudet
962 2552 999 2616 rle
1016 2551 1164 2617 electione
1180 2553 1217 2616 dc
1235 2573 1271 2618 eo
1289 2555 1383 2620 tecte.

679 2745 757 2799 1275.
772 2761 818 2798 vor
831 2744 890 2799 dem
905 2746 946 2801 1⁰.
961 2747 1021 2801 blai.

255 2927 342 2999 Kdnip
361 2928 466 3000 Redolf
478 2930 557 2994 stelit,
577 2927 613 2982 im
632 2930 764 2982 lotereeee
783 2928 834 2981 der
851 2928 1010 2998 Fttrderuny
1029 2929 1101 2983 einee
1120 2930 1301 3000 Kreuzauqeo,
1319 2929 1365 2985 die
1387 2933 1457 2984 Eat·

255 3016 402 3092 ocbeidunp
424 3019 513 3076 aer‘nee
533 3017 649 3074 Streitee
671 3018 718 3072 mit
740 3020 798 3072 dem
818 3017 920 3088 Kb'nige
942 3017 1042 3072 Otolror
1063 3036 1113 3074 oon
1131 3017 1251 3073 demen
1273 3021 1335 3075 dem
1357 3022 1459 3092 Papete

719 3111 820 3182 (ἕτερον
832 3110 862 3161 Χ.
877 3109 989 3165 onheim.

347 3275 491 3334 Bodmanm
506 3293 531 3345 p.
547 3274 607 3328 134.
622 3275 746 3335 Gerbert,
758 3273 784 3336 2,
798 3273 824 3326 3.
840 3273 951 3336 Stobbe,
965 3291 1007 3327 no.
1022 3273 1085 3328 tou.

346 3440 397 3503 llla
415 3439 465 3522 e),
494 3437 668 3501 beatissime
696 3443 793 3521 pater,
824 3438 861 3500 de
883 3436 1051 3500 admirabili
1075 3442 1177 3500 vestra
1200 3438 1364 3502 creacione
1386 3459 1459 3522 pre-

256 3552 367 3615 cordiis
398 3551 508 3614 nostris
537 3549 686 3614 tenaciter
715 3554 762 3611 cst
791 3546 879 3610 infixa
901 3546 1027 3620 fiducia,
1051 3547 1100 3609 illa
1123 3567 1229 3612 reuera
1252 3549 1459 3614 verisimiliter

256 3680 349 3742 super
365 3679 401 3722 ea
416 3658 609 3741 presumpcio
627 3657 737 3721 nostris
751 3656 862 3720 intimis
881 3662 927 3720 cst
943 3656 1091 3740 inpressa,
1110 3656 1188 3740 qued
1203 3677 1239 3719 ex
1256 3657 1387 3722 humarie
1402 3659 1459 3722 im·

256 3769 430 3832 becillitatis
448 3767 630 3851 operacione
644 3788 703 3830 non
716 3767 837 3848 prodiit,
855 3766 908 3828 sed
926 3765 1006 3849 quod
1019 3786 1054 3827 ex
1067 3764 1210 3849 inspirata
1223 3765 1323 3839 vobis,
1337 3772 1414 3832 tunc
1430 3770 1458 3831 in

257 3878 381 3942 remotis
410 3875 632 3964 agentibus1),
661 3875 783 3958 spiritus
812 3873 1014 3957 inspiracione
1042 3874 1180 3957 paracliti
1209 3875 1248 3938 ad
1277 3876 1459 3941 uniuersalis

353 4100 387 4169 o)
412 4105 440 4154 et
458 4098 691 4169 acquiescentibus
709 4097 739 4151 V.
769 4127 795 4136 -
821 4097 853 4164 b)
875 4097 929 4151 voti
954 4096 984 4151 V.
1001 4126 1031 4135 -
1047 4096 1079 4164 c)
1099 4096 1188 4150 Annae
1208 4096 1290 4153 Gerb.
1312 4130 1347 4140 -
1368 4101 1405 4168 d)
1428 4103 1464 4156 ait

257 4193 287 4247 V.
308 4193 354 4249 dat
373 4192 400 4248 Z.
414 4221 447 4230 -
463 4191 494 4259 e)
515 4191 568 4257 llya
587 4189 614 4242 Z.
637 4189 751 4242 Gerbcrt
771 4189 820 4241 und
842 4187 951 4242 Stobbe,
967 4221 996 4230 -
1014 4187 1049 4240 Ea
1063 4187 1153 4240 Bndm.

259 4366 585 4379 ,...-....,-..----

284 4490 307 4550 1)
327 4495 421 4551 Gregor
442 4493 468 4536 x.
489 4491 569 4535 wurde
589 4501 639 4534 zum
658 4491 728 4546 Papst
745 4488 854 4543 erwlihlt‚
875 4490 985 4534 withrend
1006 4502 1032 4532 er
1052 4488 1102 4534 sich
1122 4488 1163 4532 aul
1181 4490 1248 4534 einer
1267 4491 1420 4550 Pilgerlabrt
1433 4495 1463 4539 im

329 4584 437 4643 beillgen
451 4583 529 4628 Lande
542 4581 635 4628 beiand.
