3100 5116
1191 349 1262 418 ddi

76 524 217 596 sollempni
236 524 311 579 ouria
331 523 487 596 specialiter
505 525 583 581 etiam
602 541 653 598 per
672 541 712 580 mc
732 525 817 597 ipsum
838 541 869 580 ae
889 524 956 578 alios
975 522 1094 577 dominos
1114 525 1142 576 et
1161 523 1267 581 amicos,

65 617 172 671 restrae
181 614 354 688 paternitatis
367 616 527 680 absentiam,
547 620 577 671 ut
589 615 746 678 mandastis,
768 616 941 671 excusatione
953 612 1078 686 pervigili
1093 613 1267 683 supportabo.

63 705 158 760 Valeat
182 709 273 760 vestra
298 706 444 761 reverenda
465 708 613 778 paternitas
633 723 703 760 nune
722 710 750 760 et
769 723 882 776 semper.
913 704 1058 759 conservet
1078 720 1123 756 vos
1142 701 1268 754 Dominus

67 795 216 851 ministerio
230 813 296 853 suae
310 797 518 866 gloriosissimae
531 797 669 868 genitricis
682 799 709 852 03
722 801 841 868 tempora
855 796 1005 851 diuturna“.

648 987 711 1058 60.

68 1129 173 1191 terma
189 1127 351 1210 privilegii,
370 1145 429 1209 qn
452 1128 604 1211 prlnelpes
626 1129 779 1192 ilemenle
809 1128 1005 1191 oensenelust
1035 1129 1065 1188 ct
1093 1125 1271 1188 3330333331

67 1237 273 1317 0333313333,
288 1257 376 1320 quan
393 1258 446 1303 rex
461 1240 613 1304 01333313
630 1239 703 1306 tecit
719 1241 804 1304 uxsrl
821 1239 927 1303 secde
944 1238 1035 1304 eertls
1052 1237 1139 1300 benis
1156 1235 1272 1317 imperil

503 1351 540 1413 ed
556 1353 691 1431 ternpore
708 1350 770 1413 ulte
787 1367 849 1412 sse.

471 1507 550 1563 1273.
566 1508 695 1570 October,
709 1509 879 1581 Aquisgrani.

72 1651 125 1705 me
138 1649 306 1722 Kurfatraten
324 1652 407 1722 peden
425 1651 487 1706 itare
507 1653 689 1726 Zueta'mmuny
707 1654 784 1716 daza,
803 1654 869 1708 deas
889 1654 940 1707 der
958 1651 1046 1724 110309
1064 1649 1168 1721 liudolf
1186 1648 1275 1702 330333

73 1741 214 1798 Gemulala'n
241 1742 295 1813 auf
315 1744 469 1798 bebeneaea't
499 1743 679 1817 lietobepetter
704 1745 739 1799 e'm
767 1743 873 1816 Betauf
893 1762 940 1799 333
969 1744 1048 1797 1000
1074 1741 1154 1797 Marte
1177 1741 1276 1794 Goldes

452 1833 608 1906 jdbrla'ober
620 1835 766 1907 Einlsetefte
778 1834 897 1891 seweiee.

166 1979 296 2042 Gerbert,
310 1977 334 2040 1,
348 1979 374 2032 l.

162 2125 315 2188 Virtutum
332 2124 445 2187 candor
461 2125 586 2189 eximius
603 2131 634 2190 et
655 2126 804 2189 laudande
825 2125 1000 2209 prestantia
1023 2124 1184 2195 bonitatis,
1209 2121 1276 2205 qui-

70 2233 129 2298 bus
146 2233 251 2296 inclita
269 2232 387 2297 domina
405 2239 508 2296 nestra
523 2235 560 2298 N.
576 2234 682 2316 regina
695 2235 722 2322 ¹)
738 2235 966 2317 predicabilitcr
980 2235 1153 2304 adornatur,
1172 2253 1207 2295 ex
1224 2251 1277 2294 sue

71 2362 126 2406 333
151 2342 371 2432 delectamento
394 2343 559 2425 tlagraneie
577 2343 621 2432 a]
638 2345 737 2408 taliter
753 2344 921 2407 recreando
938 2342 1111 2426 gratificant
1135 2347 1165 2405 et
1182 2341 1277 2424 grati-

71 2450 194 2516 ficando
211 2451 381 2522 delectant,
397 2453 477 2536 quod
494 2454 532 2517 30
549 2454 643 2537 ipsius
661 2455 805 2518 honorem
822 2460 852 2518 ot
869 2454 1058 2517 commodum
1077 2452 1277 2535 ampliandum

72 2562 207 2626 libenter
235 2562 422 2645 assurgimus
451 2568 481 2627 et
509 2564 547 2627 30
575 2571 701 2635 333313,
731 2565 871 2649 quesibi
899 2565 930 2630 in
959 2565 1085 2628 salutem
1106 2563 1276 2646 proficiant,

72 2671 244 2736 liberaliter
260 2672 431 2737 invitamur.
461 2674 537 2736 Hine
561 2679 624 2747 est,
654 2674 733 2758 quod
757 2695 846 2738 nosse
875 2694 928 2738 vos
950 2675 1086 2738 volumus
1111 2674 1276 2742 universos,

74 2781 158 2866 quod
177 2801 308 2844 333333
327 2803 394 2846 eum
412 2782 478 2845 aliis
495 2783 607 2846 nostris
631 2783 854 2848 coelectoribus
877 2784 907 2846 in
929 2784 987 2848 hoe
1010 2790 1093 2848 motu
1110 2783 1276 2847 voluntario

74 2891 284 2954 consentimus
301 2897 332 2954 et
346 2891 468 2974 plenum
485 2912 520 2954 ac
537 2891 664 2955 liberum
681 2893 869 2974 impertimur
885 2913 1058 2964 assensum,
1088 2893 1168 2977 quod
1190 2913 1276 2955 sere-

76 3000 223 3063 nissimus
241 2999 379 3062 dominus
396 3008 499 3065 noster
514 3001 688 3084 Rudolphus
706 3003 827 3067 inclitus
845 3023 969 3067 consors
992 3003 1071 3066 thori
1095 3003 1153 3076 sui,
1177 3003 1275 3066 eidem
1287 3014 1394 3062 rol-eve.

76 3109 200 3173 domine
219 3115 339 3180 nostre,
366 3109 397 3172 in
413 3109 517 3180 bonis,
542 3111 667 3184 castris,
689 3113 780 3173 terris
793 3117 824 3175 et
840 3113 1085 3195 possessionibus
1098 3113 1164 3177 aliis
1182 3133 1277 3197 usque

75 3217 116 3282 30
129 3216 212 3280 mille
225 3237 343 3280 marcas
357 3218 422 3281 auri
434 3217 581 3289 redditus,
595 3219 625 3280 03
642 3218 717 3282 13303
735 3219 793 3283 sibi
810 3222 1066 3305 oportunioribus‚
1084 3221 1135 3286 ubi
1151 3223 1280 3287 voluerit

75 3333 108 3390 et
125 3326 483 3409 expedieneiusuiderit,
500 3325 599 3391 valeat
615 3328 791 3410 assignare,
821 3330 859 3392 ab
882 3331 948 3416 ipsa
970 3331 1090 3395 domina
1113 3336 1217 3397 nestra
1241 3331 1280 3396 30

74 3443 216 3520 tempora
250 3457 303 3498 sue
331 3437 392 3499 vite
425 3435 552 3519 pacifice
579 3439 780 3519 possidenda,
808 3440 850 3502 ita
878 3446 996 3511 tamen,
1028 3441 1107 3527 quod
1136 3442 1278 3506 custodes

75 3552 261 3618 castrorum,
279 3551 437 3616 terrarum.
453 3547 682 3629 possessionum
698 3547 870 3612 huiusmodi
894 3550 1005 3614 adhoc
1027 3551 1220 3616 iureiurando
1246 3575 1279 3618 se

78 3656 227 3740 obligent,
246 3656 326 3739 qued
342 3677 409 3719 mox
430 3656 498 3741 ipsa
521 3656 641 3721 domina
657 3662 759 3722 nostra
775 3659 812 3720 N.
832 3659 937 3741 regina
961 3661 1075 3744 inclyta
1100 3662 1218 3728 sublate
1242 3664 1279 3728 03
1335 3721 1336 3725 ,

76 3766 191 3838 medio,
209 3765 316 3829 eadem
331 3764 412 3830 bona
429 3767 467 3831 30
483 3768 698 3850 proprietatem
721 3773 751 3830 et
774 3769 820 3832 ius
843 3770 960 3852 imperii
976 3769 1105 3836 fideliter
1119 3773 1280 3838 restituant

76 3881 107 3940 et
123 3875 284 3940 reducant.

175 4023 224 4076 Die
237 4022 373 4076 Annehme
387 4021 535 4085 Gerbert’s,
555 4021 618 4076 dass
632 4022 721 4078 dieser
733 4023 886 4080 Willebrief
900 4044 942 4079 um
961 4026 1005 4080 die
1017 4027 1074 4081 Zeit
1092 4029 1141 4081 der
1153 4029 1280 4100 Krbnung

82 4132 114 4167 zu
133 4113 245 4168 Aacben
264 4113 424 4185 ausgestellt
437 4113 543 4169 werden
557 4115 605 4177 sei,
625 4115 689 4169 wird
708 4115 794 4169 durch
813 4117 863 4170 den
881 4118 1019 4181 Umstaud,
1038 4118 1100 4172 dass
1119 4121 1221 4174 liudolf
1237 4140 1280 4176 um

85 4205 162 4258 disee
176 4204 235 4258 Zeit
247 4203 298 4257 den
312 4203 837 4277 0330033133333303033031133303033
851 4211 1006 4265 zubommcn
1018 4212 1091 4274 lices,
1105 4213 1169 4266 sehr
1191 4214 1281 4266 wabr-

81 4296 641 4368 3303031031]333333130113331013313333,
656 4299 803 4367 10331130.
818 4317 859 4355 no.
874 4302 899 4354 2.
914 4301 938 4355 3.
953 4301 978 4355 6.
993 4301 1018 4355 7.

174 4423 209 4493 a)
224 4423 369 4493 fraglancie
380 4423 410 4480 V.

84 4561 413 4578 m—

39 4687 41 4694 .
102 4647 128 4709 ¹)
151 4652 267 4707 destruet,
280 4653 331 4698 seit
347 4653 390 4700 033
404 4654 518 4713 tlrttuung
532 4653 603 4698 buna.
