3168 5124
1260 303 1283 375 7

168 475 390 566 Imperatores
405 477 453 544 oie
471 477 615 542 scribunt
632 497 731 566 pope.
766 479 964 544 Sanctissimo
987 487 1046 545 313.
1063 479 1097 544 F.
1116 481 1164 544 dei
1188 482 1285 563 gratia

77 587 282 655 Romanorum
296 588 463 670 imperator
478 592 509 650 et
526 605 646 669 semper
667 593 814 669 augustus
838 595 868 653 et
891 589 994 653 Sicilie
1016 611 1080 664 rex,
1097 609 1166 654 cum
1183 590 1284 654 debite

80 695 278 760 subiectionis
295 697 466 761 reverentia
482 701 619 779 paratum
636 696 674 758 ad
691 697 787 760 omnia
805 698 979 763 famulatum
1003 705 1033 765 et
1053 700 1164 783 pedum
1181 702 1285 764 oscula

82 805 250 870 beatorum.
283 845 330 856 -
362 806 415 870 Sic
448 804 554 868 scribit
591 805 938 890 Constantinopolitanus
969 809 1149 891 imperator,
1181 811 1282 892 posito

82 915 199 998 proprio
229 915 368 988 nomine,
395 915 489 999 tytulo
518 913 683 996 dignitatis.
701 954 746 964 -
764 915 816 980 Sic
845 915 982 982 scribunt
1003 937 1106 982 omnes
1127 919 1284 1002 principes

79 1024 248 1098 seculares,
277 1045 382 1088 omnes
404 1010 534 1109 persone
562 1024 715 1087 seculares
739 1044 756 1087 a
778 1024 942 1089 maioribus
965 1017 1062 1110 usque
1084 1028 1123 1090 ad
1140 1028 1284 1103 minores,

75 1133 185 1214 positis
208 1155 268 1218 que
290 1134 433 1218 ponenda
454 1139 535 1207 sunt,
556 1139 589 1197 ut
605 1153 697 1216 supra
712 1133 810 1198 visum
833 1141 888 1198 est.
907 1174 952 1184 -
967 1135 1006 1200 Et
1021 1137 1185 1201 notandum
1202 1138 1283 1221 quod

5 1309 6 1312 ,
77 1263 212 1326 congrue
234 1245 346 1309 scribit
368 1245 466 1309 clerus
490 1243 609 1307 domino
632 1263 710 1326 pape
732 1250 762 1307 et
784 1263 887 1308 ornnes
915 1265 1045 1328 persone
1074 1245 1284 1311 ecclesiastice

74 1353 323 1427 „obedientiam“
343 1360 374 1418 ct
388 1354 467 1438 layci
483 1353 694 1418 universaliter
711 1353 911 1438 „obsequium
927 1362 958 1418 et
974 1356 1188 1420 famulatum.
1227 1339 1233 1356 ⁸

386 1577 427 1642 lle
444 1578 578 1651 33333313
593 1576 699 1642 tabula
714 1579 930 1642 salutationum
946 1575 997 1664 a).

165 1755 236 1820 Viso
254 1758 386 1842 qualiter
402 1756 539 1820 dominus
556 1776 635 1840 papa
652 1777 755 1820 omnes
773 1758 883 1822 salutat
899 1764 929 1822 et
942 1758 1072 1842 qualiter
1087 1757 1125 1821 ab
1143 1759 1282 1824 omnibus

70 1866 234 1940 salutetur,
252 1874 284 1932 31
299 1868 358 1930 hoc
374 1888 430 1951 per
446 1867 682 1948 experimentum
699 1867 795 1951 prime
818 1867 935 1942 tabule,
959 1887 1039 1932 nune
1055 1867 1218 1933 videndum
1235 1875 1283 1934 est

74 1975 111 2037 lle
128 1976 266 2040 secunda
288 1977 407 2049 tabula,
430 1977 461 2038 in
479 1995 537 2059 qua
555 1976 682 2040 docetur
698 1977 735 2040 de
752 1978 931 2041 salutatione
953 1979 1185 2061 imperatorum,
1208 1999 1283 2064 quo·
1311 2062 1315 2071 .

76 2085 162 2148 modo
193 2085 316 2149 scilicet
346 2086 511 2168 imperator
542 2106 644 2149 omnes
676 2086 708 2148 in
740 2087 820 2150 clero
848 2094 952 2170 preter
977 2107 1086 2171 papam
1115 2089 1224 2152 salutet
1252 2095 1284 2153 et

5 2201 6 2206 ’
72 2194 206 2278 qualiter
231 2196 301 2279 ipse
328 2196 493 2278 imperator
520 2194 668 2259 salutetur
695 2195 733 2258 ab
763 2196 917 2270 omnibus,
951 2203 1012 2261 tarn
1039 2217 1056 2259 a
1084 2199 1165 2260 clero
1194 2219 1296 2282 33313

68 2303 279 2370 secularibus.

163 2417 382 2483 Potriorelros
409 2417 458 2482 313
483 2418 624 2482 3313131.Ι
654 2415 687 2479 F.
711 2416 767 2478 Ilei
795 2416 894 2498 gratia
916 2416 999 2479 Rom.
1029 2405 1083 2478 reis
1111 2423 1141 2481 et
1163 2437 1283 2500 semper

5 2545 6 2554 ¹
68 2531 235 2606 augustus,
252 2527 299 2589 vel
315 2528 516 2590 Romanorum
534 2525 697 2609 imperator
712 2526 758 2588 vel
774 2527 807 2589 Α.
825 2525 882 2588 1131
899 2524 997 2608 gratia
1018 2526 1108 2608 regni
1131 2527 1283 2591 Constan-

5 2643 6 2650 ’
67 2634 263 2717 tinopolitani
281 2635 468 2716 guberuator
488 2634 654 2698 reverendo
676 2635 708 2698 in
724 2635 844 2708 Christo
868 2636 947 2719 patri
970 2641 1000 2698 et
1017 2634 1137 2699 domiuo
1154 2657 1209 2720 per
1225 2637 1283 2701 Dei

69 2743 203 2826 gratiam
237 2744 481 2809 ierosolimitano
512 2745 685 2827 patriarche
714 2746 840 2809 salutern
869 2766 937 2809 cum
965 2745 1153 2828 plenitudine
1185 2747 1281 2810 omnis

68 2853 153 2916 boni.
206 2854 261 2919 Sic
301 2853 418 2917 scribit.
455 2853 592 2918 omnibus
632 2854 833 2937 patriarchis,
879 2856 1128 2920 convenientibus
1173 2855 1281 2939 positis

69 2964 247 3028 adiectivis.
1265 3041 1267 3046 Ι

164 3075 368 3140 Prosbiteros
384 3076 569 3140 cardinales
584 3075 632 3140 sle
647 3078 787 3140 salutat:
803 3075 836 3138 F.
854 3075 910 3140 Dei
928 3075 1037 3157 gratia,
1055 3081 1088 3138 ut
1104 3094 1196 3157 supra
1212 3096 1279 3139 ven.

69 3184 97 3246 in
112 3182 240 3246 Christo
255 3184 332 3265 patri
346 3183 464 3247 domino
482 3183 560 3248 tituli
576 3184 675 3247 saneti
691 3184 852 3248 Clementis
869 3187 914 3248 vel
932 3184 1056 3248 alterius
1074 3185 1282 3269 cuiuscunque

69 3297 246 3380 presbitero
265 3294 409 3360 cardinali
426 3295 552 3358 salutem
570 3300 600 3358 et
616 3314 703 3356 omne
719 3295 839 3358 bonum.
874 3295 927 3358 Sic
945 3295 1034 3358 etiam
1051 3296 1163 3359 salutat
1179 3315 1282 3358 omnes

5 3477 6 3480 Ἴ
69 3406 231 3491 principes
249 3403 475 3468 ecclesiasticos
493 3424 656 3488 omnesque
669 3405 801 3488 prelatos
819 3404 947 3467 maiores
965 3404 1045 3468 sicut
1061 3411 1146 3467 sunt:
1163 3405 1283 3486 regales

5 3493 6 3496 Ἴ
70 3516 221 3589 abbates,
245 3515 297 3598 qui
314 3534 373 3578 non
390 3513 519 3578 subsunt
535 3514 638 3577 ditioni
661 3514 793 3596 imperii;
822 3515 873 3598 qui
895 3519 995 3577 autem
1011 3514 1140 3578 subsunt
1156 3513 1283 3596 imperio

70 3627 118 3689 sic
136 3625 264 3689 scribit:
289 3626 322 3688 F.
342 3624 391 3688 dei
408 3623 523 3706 gratia,
546 3628 579 3686 ut
596 3643 703 3706 supra,
721 3624 830 3687 dilecto
853 3623 971 3705 imperii
994 3623 1074 3686 fideli
1098 3623 1205 3686 devoto
1229 3644 1283 3687 suo

5 3705 7 3758 l
70 3734 241 3799 venerabili
255 3734 334 3817 patri
346 3735 379 3797 Α.
394 3734 451 3797 1131
464 3732 562 3815 gratia
575 3733 805 3816 archiepiscopo
819 3731 1045 3813 salisburgensi
1058 3733 1187 3814 gratiam
1200 3753 1284 3796 suam

73 3852 103 3910 31
132 3866 225 3909 omne
246 3845 366 3909 bonurn.
398 3845 450 3909 Sic
467 3844 578 3908 salutat
594 3863 696 3906 omnes
713 3844 868 3927 principes
885 3843 1111 3907 ecclesiasticos
1129 3841 1284 3905 subiectos

5 4027 6 4030 Ἴ
72 3956 215 4042 imperio.

168 4067 333 4150 Quomodo
351 4065 500 4154 prelatos
521 4064 711 4149 inferiores,
734 4072 771 4131 31
791 4065 922 4160 albatos
947 4071 979 4130 31
1002 4071 1125 4129 ceteros
1146 4063 1181 4128 io
1198 4065 1285 4129 clero

73 4180 205 4244 salutet.
231 4174 367 4238 Prolatos
390 4173 550 4237 interiores
574 4173 737 4238 existentes
766 4174 920 4258 principes
950 4174 996 4237 sic
1025 4172 1150 4236 salutat:
1174 4173 1207 4235 F.
1226 4173 1284 4236 Dei

75 4287 192 4369 gratia,
215 4291 251 4350 ut
272 4303 381 4367 supra,
405 4282 515 4347 dilecto
539 4283 647 4346 devoto
669 4303 724 4348 suo
745 4282 809 4346 viro
833 4282 988 4366 religioso,
1005 4282 1031 4344 si
1042 4277 1096 4346 'est
1111 4280 1286 4364 religiosus,

73 4395 244 4462 venerabili
265 4394 419 4479 preposito
443 4393 572 4475 gratiam
601 4412 686 4456 suam
709 4398 739 4456 31
756 4413 842 4456 omne
864 4393 985 4458 bonum.
1018 4393 1051 4456 ln
1066 4393 1147 4457 hunc
1163 4391 1285 4458 modum

167 4555 203 4625 o)
217 4550 367 4609 Distinetio
381 4551 586 4616 illumirante
600 4550 631 4604 11.
645 4550 674 4608 V.
688 4551 742 4606 und
754 4553 781 4608 Z.
