3120 5126
351 291 423 414 rao

343 525 446 585 sancte
463 521 622 603 negocium
638 521 765 604 gratiam
781 522 936 604 largietur,
952 521 993 586 ita
1007 523 1087 606 quod
1104 522 1160 585 sub
1177 523 1242 586 eius
1265 523 1401 588 studioso
1418 523 1522 588 ducatu

344 635 440 694 status
469 631 599 694 ecclesie
627 630 714 694 nobis
741 651 777 694 ac
805 631 914 695 mundo
937 630 1082 714 pacificus
1105 631 1264 713 proveniet
1286 638 1317 695 et
1343 634 1525 718 tranquillus.

343 738 416 801 Cum
433 739 525 821 igitur
541 739 616 803 odor
631 741 748 822 piorum
777 759 901 822 operum
928 739 1016 804 huius
1044 738 1096 802 filii
1118 740 1212 804 nostri
1230 739 1381 805 karissimi
1398 742 1438 827 a]
1455 743 1528 808 sicut

342 849 418 913 odor
433 849 499 932 agri
514 848 606 932 pleni,
623 850 671 912 cui
687 849 840 913 benedixit
855 849 1011 923 Dominus,
1034 849 1162 933 quadam
1186 849 1356 915 delectabili
1375 854 1525 915 suauitate

343 959 385 1024 ita
396 960 577 1045 b)nostrum
593 960 727 1024 allexerit
740 967 770 1024 et
782 960 894 1023 alliciat
909 960 1039 1023 animum
1054 960 1092 1023 ad
1110 959 1219 1033 omnia,
1236 979 1294 1044 que
1310 961 1407 1045 ipsius
1423 963 1528 1032 exalta-

342 1071 459 1134 cionem
471 1071 625 1154 respicere
639 1070 851 1142 dinoscuntur,
868 1070 992 1154 eiusque
1004 1090 1175 1153 personam,
1189 1091 1277 1154 quam
1289 1071 1393 1136 intima
1407 1073 1527 1136 sinceri-

338 1185 401 1244 tate
423 1165 637 1263 conplectimur
665 1185 696 1243 et
711 1179 740 1242 in
763 1180 851 1252 cuius
869 1177 1057 1262 profectibus
1074 1177 1246 1263 specialiter
1269 1180 1471 1254 delectamur,
1497 1191 1525 1244 ut

340 1290 379 1353 ad
395 1289 579 1354 subeundam
587 1296 668 1354 tante
678 1289 833 1372 dignitatis
845 1288 1080 1372 preminenciam
1088 1287 1199 1352 'ceteris
1215 1290 1318 1353 mundi
1334 1290 1526 1374 principibus,

341 1399 379 1462 ad
412 1398 471 1464 hoc
487 1400 559 1464 licet
579 1398 722 1482 ydoneis,
755 1418 822 1461 eum
851 1397 971 1482 penitus
1001 1383 1208 1482 proferamus,
1239 1417 1275 1461 ac
1303 1405 1409 1462 nostra
1430 1400 1526 1463 inboc

339 1508 475 1572 uoluntas
503 1506 587 1572 firma
616 1512 646 1571 et
673 1513 754 1580 rata,
782 1512 976 1590 nostrumque
998 1510 1099 1569 votum
1115 1504 1266 1569 immobile
1282 1514 1525 1590 perseveret-;

340 1637 407 1681 cum
423 1617 513 1681 etiam
528 1623 560 1681 tu
578 1638 631 1680 sue
646 1616 849 1700 promocionis
866 1615 1040 1701 principalis
1056 1615 1140 1680 basis
1157 1621 1187 1679 et
1204 1617 1362 1700 columpna
1381 1619 1524 1704 exstiteris

339 1727 509 1811 singularis,
527 1727 569 1793 ita
585 1728 665 1811 quod
682 1727 768 1811 quasi
784 1733 878 1792 totum
897 1726 1031 1790 eiusdem
1052 1725 1169 1809 imperii
1192 1728 1352 1808 negocium
1375 1729 1524 1814 ipsiusque

339 1839 457 1923 pondus
486 1838 607 1921 negocii
632 1836 858 1920 assumpseris:
895 1857 986 1920 super
1011 1836 1070 1900 hoe
1097 1835 1153 1900 tibi
1181 1836 1346 1926 gratiarum
1373 1841 1524 1902 referimus

340 1948 497 2022 acciones,
523 1947 741 2012 fraternitatem
758 1952 838 2009 tuam
861 1945 899 2008 de
916 1946 1039 2008 fratrum
1062 1952 1229 2010 nostrorum
1247 1947 1374 2012 consilio
1391 1956 1526 2032 rogantes

338 2063 429 2142 atque
445 2078 499 2141 per
515 2057 681 2141 apostolica
699 2055 812 2139 scripta
833 2053 1027 2126 mandentes,
1056 2059 1221 2138 quatenns,
1244 2037 1362 2122 habens
1380 2059 1412 2122 in
1427 2059 1524 2123 huius-

336 2165 416 2230 modi
432 2167 559 2248 negocio
576 2166 615 2230 ad
630 2164 725 2242 Deum
742 2171 773 2228 et
789 2163 827 2226 ad
844 2163 1015 2237 ecclesiam,
1033 2183 1175 2246 sponsam
1191 2185 1287 2238 suam,
1305 2171 1336 2230 et
1348 2167 1388 2231 ad
1401 2189 1467 2241 nos,
1480 2167 1523 2252 qui

337 2275 472 2342 eiusdem
484 2263 632 2339 karissimi
645 2274 696 2339 lilii
710 2273 803 2338 nostri
815 2275 1038 2358 promocionem
1050 2274 1122 2338 totis
1130 2274 1289 2338 desideriis
1297 2275 1485 2350 affectamus,
1493 2299 1523 2340 ex

335 2385 435 2450 innata
447 2386 583 2451 bonitate
595 2386 645 2474 c),
657 2385 688 2447 in
702 2383 842 2448 fidelitate
855 2405 892 2449 ac
907 2383 1072 2450 devocione
1084 2385 1191 2468 ipsius,
1204 2425 1248 2434 -
1262 2406 1351 2471 quem
1364 2394 1397 2451 tu
1410 2389 1448 2452 ad
1460 2410 1522 2472 pre-

334 2497 395 2560 fate
413 2495 568 2578 dignitatis
587 2495 718 2577 elegisse
736 2495 852 2557 culmen
869 2501 900 2560 et
914 2493 1045 2577 propriis
1062 2494 1197 2558 nosceris
1210 2494 1348 2559 manibus
1362 2497 1519 2568 inunxisse,

334 2611 423 2687 prout
430 2605 468 2669 ad
475 2606 651 2687 tepertinet,
671 2642 714 2653 -
730 2603 895 2687 persistere
902 2605 1111 2680 nondesistas,
1128 2625 1214 2668 omne
1232 2605 1436 2691 quodcunque
1442 2612 1518 2690 potes

335 2713 432 2778 eidem
449 2735 505 2798 per
522 2720 568 2786 te,
588 2715 845 2796 consanguineos,
864 2713 1000 2778 subditos
1021 2719 1051 2777 et
1069 2713 1111 2801 d)
1130 2713 1243 2778 amicos
1261 2720 1330 2780 tuos
1351 2752 1396 2766 —-
1415 2716 1517 2780 adhoc

333 2831 365 2889 ut
381 2824 418 2910 e)
436 2824 547 2888 dictum
574 2823 752 2905 negocium,
783 2824 880 2906 gratia
909 2823 967 2887 sibi
993 2829 1175 2907 cooperante
1199 2824 1315 2898 divina,
1337 2825 1516 2891 laudabiliter

286 2933 289 2940 ’
332 2937 491 3022 prosequi,
521 2937 608 3020 eique
638 2940 738 3018 optato
766 2933 824 2997 line
847 2934 885 2998 ed
911 2934 1031 2998 laudem
1054 2939 1085 2999 et
1112 2935 1236 3017 gloriam
1265 2935 1359 3000 divini
1388 2937 1516 3006 nominis,

330 3031 475 3111 bonorem
491 3046 623 3109 ecclesie
640 3050 671 3108 et
686 3049 879 3126 augmentum
896 3044 965 3108 [idei
982 3045 1152 3109 Christiane
1169 3045 1351 3110 concludere
1368 3048 1513 3112 valeat-

330 3157 496 3240 inpendens
514 3155 680 3226 consilium,
696 3154 835 3218 auxilinm
853 3159 882 3218 et
899 3156 1042 3228 favorem,
1060 3155 1206 3228 sciturus,
1224 3155 1303 3239 quod
1320 3179 1356 3220 ex
1373 3159 1431 3223 h'oc
1447 3157 1516 3228 Deo,

331 3275 363 3332 ut
376 3267 537 3338 credimus,
555 3272 585 3329 et
600 3264 687 3329 nobis
705 3265 951 3349 quamplurimum
968 3265 1182 3348 complacebis,
1200 3286 1316 3350 nosque
1333 3268 1466 3332 invenies
1482 3267 1515 3329 ad

332 3377 430 3442 omnia
446 3382 496 3440 tua
514 3381 544 3438 et
559 3380 676 3440 tuorum
694 3374 849 3438 commoda
865 3373 1031 3457 proniores.

422 3523 455 3591 o)
470 3523 527 3594 kar,
546 3539 586 3576 em
606 3519 698 3575 Rande
718 3519 745 3573 V.
770 3550 797 3558 -
820 3519 852 3590 d)
872 3521 922 3574 iem
941 3520 971 3573 v.
992 3549 1025 3560 —
1044 3525 1077 3589 c)
1096 3523 1250 3590 respectum
1269 3539 1301 3575 eu
1325 3531 1463 3592 erganzen.
1482 3551 1514 3560 —

331 3615 366 3682 d)
382 3612 502 3668 subditos
516 3616 543 3666 et
556 3612 585 3667 V.
604 3629 644 3666 am
657 3611 758 3665 Raude.
778 3641 805 3650 -
823 3613 855 3680 e)
869 3613 898 3663 ut
911 3609 1113 3681 ausgestricheo
1127 3611 1157 3664 v.

421 3719 578 3791 Vergleiehe
604 3719 670 3774 coo.
694 3720 774 3774 wilh.
800 3720 831 3773 Α.
858 3719 884 3782 l;
911 3720 988 3773 Perta
1012 3719 1089 3772 Arcb·
1115 3718 1141 3783 7,
1167 3717 1229 3774 893.
1255 3752 1284 3762 -
1316 3725 1367 3778 Am
1390 3723 1434 3776 30.
1448 3721 1515 3792 April

331 3811 403 3866 1259
427 3812 574 3865 beriebtete
604 3811 752 3864 Alexander
778 3808 818 3865 tv.
844 3810 904 3863 dem
928 3811 1031 3878 lfbnige
1061 3809 1175 3865 Richard
1207 3815 1284 3864 unler
1313 3815 1459 3886 Auderem,
1489 3829 1515 3864 er

213 3941 216 3946 «
330 3908 406 3974 trage
438 3903 488 3957 den
515 3901 674 3973 geistlicben
706 3901 757 3955 und
788 3901 939 3955 weltlicben
967 3901 1079 3954 Fdrsten
1106 3901 1299 3957 Deutscblands
1326 3903 1409 3958 durch
1432 3903 1514 3960 Briele

330 3992 382 4050 ond
416 3993 497 4050 durch
537 3996 588 4049 den
624 4012 656 4048 au
695 3995 744 4048 den
784 3995 872 4062 Kdnig
905 3994 1085 4062 abgeeaudten
1121 3995 1286 4066 pipetlichen
1319 3995 1515 4050 anitentiarius

330 4088 432 4142 Walter
451 4089 510 4140 auf:
534 4094 563 4142 ut
579 4087 738 4162 adherentes
752 4087 798 4140 tibi
812 4089 964 4142 constanter
988 4087 1012 4140 in
1036 4090 1082 4142 tua
1099 4085 1228 4141 fidelitate
1250 4105 1283 4142 ac
1301 4089 1440 4141 devotione
1455 4105 1514 4157 per-

330 4183 450 4236 maneant
463 4181 490 4231 et
502 4181 634 4248 prebeant
646 4194 731 4238 omne,
744 4179 923 4248 quodcunque
932 4183 1052 4247 possunt,
1056 4196 1150 4250 perae,
1156 4179 1275 4234 subditos
1284 4186 1310 4233 et
1315 4179 1514 4250 consanguineos

332 4285 356 4324 et
370 4269 467 4325 amicos
480 4268 761 4338 conciliumxauxilium
775 4279 801 4321 et
814 4269 938 4339 favorem
959 4269 1048 4338 (siche
1067 4271 1134 4323 oben
1154 4287 1196 4323 no.
1214 4269 1254 4341 9).
1271 4269 1349 4324 Diese
1362 4269 1512 4325 Ansdrticlre

331 4359 432 4414 lehren
458 4361 483 4412 in
503 4375 624 4413 auserem
647 4357 736 4412 Briefe
759 4357 875 4421 wieder;
909 4357 954 4410 wir
979 4357 1063 4413 baben
1087 4359 1144 4413 aleo
1170 4361 1242 4413 eines
1269 4360 1318 4414 der
1341 4377 1397 4413 vom
1422 4359 1511 4428 Papste

331 4450 520 4504 bezeichueten
534 4449 680 4505 Schreiben
701 4466 747 4504 vor
761 4465 809 4504 nne
822 4449 875 4501 ond
889 4465 971 4512 zuar,
1001 4450 1067 4504 nach
1089 4449 1139 4504 der
1152 4451 1177 4503 in
1197 4467 1321 4510 anserem
1335 4451 1399 4506 eod.
1414 4449 1511 4504 enthel-
