3132 5126
341 371 391 441 70

339 549 444 608 ventus
466 547 559 608 cessit
576 552 606 608 et
627 546 683 608 sub
698 547 777 608 iuste
800 546 990 628 proprietatis
1012 547 1105 628 tytulo
1130 546 1167 608 ad
1190 563 1293 609 corum
1314 545 1526 608 nonasterium

338 653 659 736 perpetuopertinebit.
674 652 759 734 Quod
772 653 798 715 si
811 660 878 716 ante
892 660 1023 717 notatam
1035 654 1075 741 a)
1087 653 1263 736 peccuniam
1274 653 1421 736 predictis
1436 653 1528 716 abbas

340 766 373 844 et
397 769 560 825 conventus
577 762 617 849 ὁ)
632 763 714 825 circa
740 762 898 825 terminum
926 762 983 825 sibi
1010 747 1065 845 per
1091 763 1220 826 arbitros
1249 764 1445 826 constitutum
1473 783 1528 826 uon

340 871 492 942 solverint,
525 891 583 933 non
615 872 709 933 solnm
741 870 797 933 hoo
816 870 853 956 e)
869 891 995 952 presens
1026 870 1181 934 arbitrium
1212 872 1397 943 cassabitur,
1430 887 1529 934 rerum

341 980 432 1074 etiarn
447 981 560 1062 eamd)
576 980 760 1062 peccuniam,
793 1000 881 1063 quam
897 982 976 1043 forte
992 980 1072 1042 iuxta
1085 981 1262 1064 aliquantam
1278 981 1455 1062 porcionem
1470 980 1529 1042 sol-

340 1087 447 1160 verint,
464 1089 581 1151 omniuo
595 1088 720 1171 perdent
729 1088 777 1170 e),
790 1093 820 1150 et
833 1086 968 1172 causas)
980 1109 1047 1150 cum
1063 1089 1113 1151 lite
1127 1109 1180 1151 sua
1192 1089 1222 1150 in
1235 1095 1344 1151 statum
1360 1089 1527 1170 pristinum,

342 1216 429 1280 quem
445 1202 513 1259 aute
529 1197 683 1259 arbitrium
700 1196 814 1268 habuit,
831 1201 1005 1259 revertetur.
1039 1196 1083 1258 Ne
1105 1218 1175 1260 vero
1200 1197 1287 1259 alicui
1304 1197 1479 1279 'calumpnie
1502 1195 1529 1257 in

340 1311 494 1388 posterum
526 1305 610 1367 locus
638 1310 754 1386 pateat,
789 1306 914 1368 sormam
942 1304 1057 1367 arbitrii
1084 1305 1273 1386 presentibus
1306 1305 1476 1386 inpressam
1502 1309 1529 1364 et

342 1414 438 1496 sigillo
456 1419 556 1476 nostre
569 1413 697 1476 civitatis
710 1415 928 1485 communitam,
942 1413 1014 1494 ipsis
1028 1413 1148 1476 arbitris
1166 1412 1377 1476 reservandam
1389 1413 1432 1499 p)
1457 1411 1528 1474 assi-

342 1525 661 1606 gnavimus,ut,soluta
676 1525 821 1608 peccunia
838 1531 867 1587 et
882 1525 934 1587 lite
950 1545 1071 1607 prorsus
1089 1527 1195 1608 sopita,
1211 1525 1297 1589 litere
1311 1523 1431 1586 demum
1445 1536 1529 1601 super

341 1635 400 1698 boc
417 1634 543 1716 negocio
560 1639 703 1717 perpetue
719 1633 948 1696 conscribentur
964 1641 1021 1697 etc.

432 1743 487 1806 llic
509 1749 622 1814 notate,
646 1742 725 1826 quod
741 1741 808 1805 talis
832 1743 927 1805 torma
950 1763 1008 1805 nou
1030 1749 1077 1806 est
1093 1749 1237 1825 perpetua
1250 1741 1369 1826 qnando
1386 1737 1427 1822 Ῑι)
1444 1735 1528 1800 habet

343 1852 456 1936 aliquas
484 1851 692 1922 condiciones,
721 1871 778 1934 que
806 1851 831 1912 si
854 1857 971 1914 servate
994 1872 1052 1914 nou
1074 1852 1200 1922 fuerint,
1221 1851 1307 1915 litera
1330 1857 1362 1912 et
1378 1845 1527 1911 arbitrium

343 1967 499 2025 cassantur
515 1967 546 2024 et
562 1981 652 2023 cause
668 1966 731 2023 tota
746 1959 778 2022 in
794 1963 903 2022 statum
925 1959 1082 2041 pristinum
1104 1961 1265 2023 reducetur
1286 1958 1328 2042 i),
1346 1959 1373 2021 si
1395 1955 1528 2018 videlicet

342 2071 488 2153 peccunia
505 2089 562 2133 non
579 2069 668 2132 suerit
685 2069 789 2131 soluta.
823 2067 856 2132 Si
879 2072 976 2131 autem
999 2069 1135 2131 condicio
1152 2069 1199 2131 illa
1224 2090 1282 2131 non
1299 2073 1383 2129 esset
1399 2063 1457 2135 ibi,
1481 2061 1529 2123 sed

344 2178 526 2242 scriberetur
543 2178 622 2262 quod
638 2177 782 2259 peccunia
798 2182 879 2239 esset
895 2177 1001 2249 soluta,
1018 2182 1088 2240 tuuc
1110 2177 1194 2240 litera
1212 2184 1292 2238 essct
1315 2181 1461 2257 perpetua
1478 2188 1527 2232 nec

344 2293 427 2350 essct
438 2307 563 2350 necesse
585 2286 672 2349 aliam
687 2285 803 2349 literam
819 2291 992 2367 perpetuam
1008 2285 1048 2373 t)
1065 2285 1223 2349 conscribi.

434 2396 602 2458 Notandum
614 2392 641 2481 ¹)
650 2393 748 2466 etiam,
766 2393 846 2477 quod
859 2393 963 2457 stricte
976 2393 1150 2477 accipiendo
1160 2393 1389 2476 ,privilegium“
1406 2389 1437 2474 l)
1450 2403 1527 2450 nemo

345 2502 435 2566 debet
451 2503 523 2566 darc
541 2501 728 2584 privilegium
745 2502 801 2564 nisi
817 2501 968 2584 princeps,
991 2501 1069 2564 sicut
1085 2521 1170 2584 papa,
1188 2503 1361 2584 imperator,
1385 2494 1526 2578 archiepi-

344 2612 439 2694 scopi,
464 2610 608 2700 episcopi,
630 2610 747 2690 regales
770 2609 905 2681 abbates,
922 2629 1011 2690 reges
1025 2611 1081 2693 m),
1100 2613 1202 2682 duces,
1219 2609 1427 2680 marchiones;
1450 2607 1525 2668 litere

344 2738 415 2783 vero
429 2739 503 2802 quas
517 2719 588 2781 dant
600 2717 724 2780 abbates
738 2717 898 2798 simplices
910 2719 1064 2799 prepositi,
1078 2719 1201 2782 comites
1215 2727 1245 2781 et
1257 2719 1297 2804 η)
1309 2714 1523 2780 ministeriales.

345 2847 403 2891 non
416 2832 486 2891 sunt
497 2825 617 2907 proprie
630 2824 796 2906 privilegia,
814 2825 867 2887 sed
879 2833 1023 2888 vocantur
1036 2826 1169 2889 actiones
1178 2849 1187 2898 ;
1204 2835 1303 2892 tamen
1320 2848 1393 2890 usus
1412 2827 1525 2888 interra

346 2942 448 2999 nostra
465 2933 600 3006 obtinuit,
625 2939 657 2996 ut
675 2953 776 2996 omnes
801 2933 875 2997 tales
891 2933 976 2998 litere
993 2939 1136 2998 vocentur
1152 2936 1317 3018 privilegia.

684 3095 730 3138 ne
744 3096 829 3139 modo
844 3095 1027 3148 exemplandi
1041 3096 1145 3139 literas
1155 3099 1191 3152 a).

844 3190 969 3236 DistinctIo
989 3193 1034 3235 Vll.
1539 3195 1541 3232 i

437 3280 510 3342 ltem
527 3277 553 3340 si
568 3279 684 3342 literam
701 3280 810 3344 domini
832 3302 908 3365 pape
931 3283 977 3345 vel
1000 3282 1187 3364 imperatoris
1203 3282 1250 3343 vel
1272 3281 1355 3361 regis
1373 3239 1541 3355 exemplare(

349 3410 403 3454 nos
416 3387 615 3468 contingeret,
632 3388 688 3450 ista
702 3396 784 3452 esset
796 3389 900 3453 sorma.
919 3391 980 3453 Nos
989 3391 1043 3453 Dei
1060 3391 1163 3471 gracia
1175 3389 1207 3452 B.
1222 3385 1456 3472 Ratisponensis,
1469 3364 1536 3479 CN:

348 3497 532 3562 Pataviensis
557 3496 751 3560 ecclesiarum
774 3499 907 3581 episcopi
936 3505 1036 3563 notum
1058 3499 1184 3562 facimus
1207 3497 1354 3560 universis
1382 3491 1533 3583 presente·

348 3607 451 3670 literas
467 3607 657 3689 inspecturis,
666 3607 744 3691 quod
760 3627 836 3670 anno
853 3607 971 3670 Domini
987 3606 1142 3669 millesimo
1160 3606 1197 3691 q)
1215 3613 1272 3669 ete.
1291 3625 1394 3668 mense
1411 3599 1532 3664 Novem-r

349 3715 431 3786 bris,
441 3715 549 3782 domini
562 3715 683 3778 Honorii
699 3735 775 3799 pape
793 3717 889 3800 quarti
906 3737 982 3779 anno
1000 3715 1141 3786 seeundo,
1155 3714 1281 3778 vidimus
1299 3720 1330 3777 et
1346 3709 1488 3776 tenuimus
1503 3719 1518 3760 e

353 3823 513 3907 diligenter
539 3825 720 3908 inspeximus
748 3825 864 3890 literam
893 3825 1003 3888 domini
1029 3823 1187 3887 Alexandri
1216 3843 1291 3906 pape
1320 3820 1415 3906 quinti
1441 3807 1511 3877 serie

441 3961 475 4029 o)
497 3962 652 4016 nominatam
680 3961 707 4015 Z.
726 3990 760 4000 -
779 3961 810 4029 b)
831 3959 960 4030 predictis
985 3959 1072 4013 abbati
1092 3963 1119 4014 et
1138 3959 1276 4014 conventui
1297 3958 1324 4013 V.
1345 3958 1372 4011 Z.
1388 3983 1419 3993 -
1433 3951 1462 4020 c)
1482 3947 1511 3998 ¹1⁰

351 4051 421 4107 fehlt
439 4051 467 4106 V.
491 4083 518 4092 -
541 4053 575 4123 d)
595 4071 653 4107 eam
672 4053 739 4106 fehlt
766 4053 796 4106 V.
821 4083 848 4090 -
870 4051 902 4122 e)
928 4050 1024 4121 perdet
1052 4051 1081 4104 V.
1109 4081 1136 4090 -
1155 4051 1189 4122 f)
1205 4068 1311 4104 cerream
1331 4051 1352 4105 V
1371 4067 1395 4100 u.
1416 4045 1441 4097 Z·
1457 4051 1526 4105 -l

352 4145 541 4200 reservandum
565 4146 592 4199 v.
618 4174 651 4183 —
680 4143 714 4212 la)
746 4143 866 4212 proriam
887 4145 917 4197 z.
947 4173 975 4182 -
1002 4142 1031 4213 i)
1056 4143 1206 4197 retruditur
1226 4143 1253 4197 Z.
1281 4174 1311 4184 -
1332 4139 1366 4207 lc)
1387 4134 1507 4208 perpetu¹

354 4238 462 4292 rehltv.
481 4263 508 4277 -
523 4238 550 4306 l)
567 4238 716 4290 mandatum
736 4235 764 4287 V.
784 4263 810 4275 -
829 4237 870 4305 m)
884 4252 965 4306 reges
978 4236 1045 4288 feblt
1058 4235 1085 4286 Z.
1100 4261 1134 4273 -·-
1146 4234 1180 4304 o)
1202 4237 1228 4286 et
1246 4233 1313 4288 fehlt
1326 4233 1352 4286 Z.
1377 4259 1403 4269 -
1419 4224 1451 4294 o)
1470 4217 1497 4272 ὓί
1525 4271 1526 4274 ,

354 4329 418 4384 vlll.
435 4359 463 4369 -
480 4329 519 4400 p)
532 4330 575 4383 fiir
595 4328 615 4384 C
634 4330 685 4381 vel.
705 4328 824 4397 z.-q)
837 4326 898 4381 mill.
913 4326 979 4379 fehlt
996 4327 1023 4378 Z.

356 4441 680 4460 -n-—n———t—-t

382 4510 405 4570 ²)
425 4513 507 4557 lliceer
523 4513 610 4557 Absatz
627 4513 714 4570 gobbrt
732 4512 755 4555 iu
774 4512 819 4556 den
837 4514 951 4556 tractatus
970 4512 998 4556 de
1016 4511 1161 4569 privilegiis,
1177 4514 1248 4556 unten
1267 4512 1290 4555 S.
1307 4512 1337 4556 79
1353 4520 1396 4552 sor
1411 4493 1496 4548 llotsud

419 4594 497 4638 etiam.
