3100 5116
1178 364 1254 436 339

42 553 62 597 a
98 537 218 620 longe
249 539 462 602 retroactis
499 540 737 624 temporibus
775 546 835 604 est
869 561 1067 612 annexum,
1096 539 1257 621 presertim

42 645 134 729 quod
159 645 275 710 ibidem
303 668 359 730 per
379 668 525 731 personas
553 649 736 722 laudabiles,
765 669 823 734 que
844 651 970 713 Domino
993 649 1135 721 militant,
1165 649 1258 714 divini

40 755 153 818 cultus
170 761 262 840 atque
280 759 338 821 alia
354 757 488 822 caritatis
506 757 604 822 officia
617 797 662 808 -
680 759 788 843 quibus
800 765 942 842 tanquam
954 779 1010 844 per
1020 758 1134 843 gradm
1148 779 1258 823 ascen·

42 865 150 929 sionis
180 866 220 930 ad
250 869 315 930 reri
344 866 513 932 Salomonis
541 869 763 932 reclinatorium
792 870 946 934 scanditur
973 875 1002 932 et
1031 874 1135 933 saneta
1162 874 1258 933 mater

41 976 187 1042 ecclesia
218 978 249 1039 in
275 976 401 1041 tiliorum
436 977 578 1060 operibus
613 979 780 1042 delectatur
805 1019 849 1029 -
878 978 1042 1042 studiosius
1069 984 1256 1051 exercentur,

40 1091 194 1149 nostram
213 1087 386 1170 specialiter
401 1088 535 1169 graciam
557 1086 748 1170 inpertimur,
779 1090 811 1151 in
835 1105 871 1150 eo
894 1089 1034 1172 equidem
1056 1087 1126 1150 boni
1143 1088 1258 1152 emula-

40 1201 139 1259 tores
157 1196 420 1260 serenissimorum
437 1201 593 1278 parentum
611 1203 641 1260 et
657 1198 882 1280 progenitorum
898 1203 1068 1262 nostrorum
1084 1198 1258 1262 evidencius

41 1306 227 1378 existendo,
257 1307 308 1390 qui
338 1307 433 1370 eciam
462 1306 588 1369 eandem
617 1308 777 1371 ecclesiam
810 1308 948 1370 foverunt
979 1306 1123 1370 uberibus
1154 1307 1257 1389 gracie
1289 1343 1291 1348 ·

41 1415 247 1480 multiformis
270 1435 407 1478 necnon
430 1416 599 1479 extulerunt
615 1415 786 1480 dilectionis
808 1417 964 1500 privilegio
988 1417 1158 1499 singularis.

143 1523 1257 1611 Nosquoque,racionisintellectuperspicaciusintuentes,quodaffectus

44 1657 81 1700 ex
96 1635 217 1698 ellectu
232 1635 383 1719 colligitur
398 1639 428 1696 et
443 1633 522 1718 quod
536 1633 688 1698 interioris
705 1639 814 1698 mentis
831 1639 877 1698 est
893 1633 1046 1718 eipositor
1061 1639 1146 1699 actus
1163 1642 1257 1710 extra,

42 1751 75 1809 ut
101 1750 213 1808 nostra
237 1744 376 1817 dilectio,
407 1762 496 1827 quam
519 1743 557 1807 ad
583 1745 730 1826 prefatam
753 1744 886 1826 gerimus
910 1745 1085 1814 ecelesiam,
1114 1751 1258 1827 appareat

42 1855 237 1919 evidencius
255 1854 355 1936 operis
372 1858 560 1938 argumento,
579 1873 615 1916 ac
633 1854 738 1924 eciam,
761 1857 794 1915 ut
815 1851 914 1916 tidelia
937 1853 1064 1917 servicia
1080 1856 1111 1915 et
1125 1853 1375 1928 labores‚r01.r1a.

44 1985 106 2050 que
123 1965 169 2052 a)
188 1963 295 2026 eadem
313 1962 443 2027 ecclesia
461 1963 549 2027 nobis
567 1962 717 2034 exhibuit,
748 1983 805 2046 que
823 1963 925 2044 utique
947 1963 1064 2037 affectu,
1078 1965 1258 2047 respicimus

43 2076 207 2158 graciosa,
227 2073 366 2155 graciose
379 2074 636 2137 remuneracionis
644 2073 868 2155 apparicionem
875 2074 1042 2135 ettructum
1050 2074 1180 2157 aliquem
1193 2094 1257 2138 me-

42 2183 236 2248 morabilem
248 2187 317 2266 post
331 2203 364 2246 se
377 2183 563 2266 relinquant:
582 2181 710 2246 ecclesie
723 2186 887 2245 memorate
901 2202 1004 2245 omnes
1017 2182 1199 2247 donaciones
1207 2185 1255 2269 b),

42 2292 268 2376 possessiones
284 2282 465 2363 reddituum,
483 2291 655 2355 libertatum
669 2312 723 2355 seu
736 2292 861 2354 aliorum
878 2311 1134 2376 quorumcunque,
1151 2313 1209 2378 que
1225 2294 1257 2358 in

41 2404 115 2486 ipsa
134 2401 270 2465 ecclesia
283 2401 321 2488 c]
333 2401 499 2484 privilegiis
517 2401 688 2484 conscripta
706 2401 879 2483 expressius
896 2401 1095 2473 continentur,
1113 2401 1222 2487 quibus
1239 2423 1256 2466 a

41 2512 167 2576 nostris
186 2515 234 2574 est
249 2510 495 2594 progenitoribus
513 2510 709 2593 solempniter
725 2514 754 2572 et
771 2510 936 2574 liberaliter
950 2511 1103 2594 insignita,
1128 2512 1166 2575 ad
1183 2533 1256 2577 con-

46 2621 265 2686 servacionem
292 2625 469 2704 perpetuam
505 2619 668 2683 eorundem
702 2619 880 2682 auctoritate
915 2620 1000 2702 regia
1033 2619 1253 2686 confirmamus.

40 2733 183 2813 lnsuper
210 2730 323 2801 eciam,
352 2734 385 2792 ut
412 2728 546 2811 graciam
569 2725 681 2811 graciis
710 2730 895 2792 cumulemus
923 2734 1013 2812 atque
1041 2730 1072 2792 in
1100 2731 1256 2814 sepedicta

42 2843 185 2907 ecclesia
202 2845 305 2903 nostre
321 2839 511 2902 liberalitatis
528 2839 659 2921 insignia
675 2839 889 2921 relinquamus,
906 2840 1127 2921 prouinciarum
1143 2840 1255 2906 iudicia

41 2950 196 3016 videlicet
218 2948 249 3011 in
271 2947 382 3011 talibus
405 2948 480 3010 locis
497 2949 533 3011 N.
553 2953 583 3011 et
599 2949 648 3022 N,
666 2967 791 3032 quorum
814 2950 929 3010 mencio
949 2947 979 3010 in
996 2954 1136 3012 contextu
1152 2949 1255 3034 predi-

43 3067 170 3126 ctorum
183 3057 409 3141 privilegiorum
422 3057 524 3120 habita
538 3057 617 3121 nulla
633 3058 700 3128 fuit,
718 3057 817 3120 eidem
835 3056 962 3119 ecclesie
980 3057 1174 3122 concedimus
1190 3059 1254 3122 iure

41 3174 199 3255 perpetuo
217 3166 410 3250 possidenda.

630 3300 692 3369 40.

272 3423 332 3486 Rex
350 3423 546 3487 Romanorum
562 3423 613 3486 dot
628 3424 858 3488 lustramentum
874 3424 1035 3507 publicum.

238 3546 326 3618 Kdnip
343 3544 447 3616 Rudalf
464 3544 576 3601 cerleidt
597 3545 679 3600 einem
703 3545 821 3619 Biardof
837 3548 888 3603 dcc
910 3548 1071 3605 Mdncrecbt.

142 3657 260 3712 Gerbert
272 3655 298 3720 2,
312 3654 355 3710 59.
419 3674 424 3684 ·

146 3767 214 3831 Etsi
231 3767 269 3830 ad
287 3787 390 3830 omnes
406 3765 531 3830 Romani
548 3765 666 3848 imperii
683 3764 787 3832 fideles
805 3770 906 3829 nostre
923 3766 1131 3833 munificencie
1149 3769 1254 3833 dexte-

41 3899 115 3944 ram
132 3876 301 3941 debeamus
325 3874 486 3940 extendere
510 3873 700 3946 debitricem,
724 3875 878 3958 principes
901 3881 1031 3950 nostros,
1055 3879 1146 3944 veluti
1162 3879 1253 3942 bases

44 3988 206 4074 egregias,
226 3986 335 4071 quibus
353 3984 500 4050 celsitudo
517 3985 629 4066 regalis
646 3988 786 4067 potenter
801 3986 947 4058 innititur,
966 3989 1092 4071 speciali
1107 4009 1254 4072 preroga-

42 4101 109 4164 tiva
133 4117 190 4161 nos
214 4096 303 4160 decet
331 4096 483 4166 attollere,
513 4099 543 4156 et
566 4093 724 4177 condignis
748 4094 953 4161 beneticencie
976 4102 1078 4161 nostre
1100 4098 1252 4163 favoribus

48 4206 202 4292 ampliare
222 4205 261 4293 1).
295 4207 465 4290 Eapropter
480 4223 570 4268 nosse
586 4204 722 4269 volumus
740 4206 907 4276 universos,
924 4210 986 4268 tam
1002 4211 1140 4289 posteros
1163 4228 1253 4293 quam

144 4317 178 4386 a)
194 4332 262 4390 quos
274 4316 305 4372 V.
319 4332 387 4385 quas
401 4315 428 4370 Z.
443 4345 477 4354 -
491 4314 523 4382 b)
538 4315 701 4370 adnationes
715 4315 742 4368 Z.
757 4345 792 4353 —
806 4316 838 4385 o)
852 4315 936 4386 ipsius
950 4315 1064 4369 ecclesie
1077 4333 1109 4370 zu
1123 4317 1203 4372 lesen.

82 4507 104 4566 1)
129 4509 206 4554 Einen
224 4505 435 4569 gleicblautenden
453 4505 562 4567 bingang
578 4505 619 4552 hat
633 4506 673 4552 dic
692 4505 804 4551 Urknude
820 4506 848 4552 ll.
868 4504 974 4553 cucone
992 4505 1030 4553 ntr
1051 4510 1097 4556 den
1114 4507 1161 4554 nat
1173 4507 1255 4554 Ortolt

130 4613 177 4644 von
191 4598 401 4644 Benedictbcuren
417 4597 439 4642 d.
454 4597 477 4641 d.
490 4597 559 4642 Wien
573 4596 644 4652 1278,
656 4597 734 4642 Maera
749 4597 788 4652 ll,
799 4597 858 4658 Reg.
872 4598 930 4645 llud.
944 4612 985 4647 no.
997 4598 1052 4646 lar.

977 4682 1034 4736 22·
