<?xml version="1.0" encoding="UTF-8"?>
<!DOCTYPE html PUBLIC "-//W3C//DTD XHTML 1.0 Transitional//EN"
    "http://www.w3.org/TR/xhtml1/DTD/xhtml1-transitional.dtd">
<html xmlns="http://www.w3.org/1999/xhtml" xml:lang="en" lang="en">
 <head>
  <title>
</title>
<meta http-equiv="Content-Type" content="text/html;charset=utf-8" />
  <meta name='ocr-system' content='tesseract 3.04.00' />
  <meta name='ocr-capabilities' content='ocr_page ocr_carea ocr_par ocr_line ocrx_word'/>
</head>
<body>
  <div class='ocr_page' id='page_1' title='image "./fontesrerumaust01kommgoog_0231.png"; bbox 0 0 3112 5118; ppageno 0'>
   <div class='ocr_carea' id='block_1_1' title="bbox 298 344 373 413">
    <p class='ocr_par' dir='ltr' id='par_1_1' title="bbox 298 344 373 413">
     <span class='ocr_line' id='line_1_1' title="bbox 298 344 373 413; baseline 0.013 -1"><span class='ocrx_word' id='word_1_1' title='bbox 298 344 373 413; x_wconf 83' lang='lat'>202</span> 
     </span>
    </p>
   </div>
   <div class='ocr_carea' id='block_1_2' title="bbox 172 510 1489 4154">
    <p class='ocr_par' dir='ltr' id='par_1_2' title="bbox 172 510 1489 4154">
     <span class='ocr_line' id='line_1_2' title="bbox 290 510 1483 600; baseline -0.003 -23"><span class='ocrx_word' id='word_1_2' title='bbox 290 535 424 587; x_wconf 78' lang='lat' dir='ltr'>corruas,</span> <span class='ocrx_word' id='word_1_3' title='bbox 449 537 507 600; x_wconf 89' lang='lat' dir='ltr'>quo</span> <span class='ocrx_word' id='word_1_4' title='bbox 529 523 628 580; x_wconf 91' lang='lat' dir='ltr'>tecum</span> <span class='ocrx_word' id='word_1_5' title='bbox 652 518 751 598; x_wconf 91' lang='lat' dir='ltr'>plures</span> <span class='ocrx_word' id='word_1_6' title='bbox 774 520 911 581; x_wconf 81' lang='lat' dir='ltr'><strong>traheres</strong></span> <span class='ocrx_word' id='word_1_7' title='bbox 934 518 972 579; x_wconf 88' lang='lat' dir='ltr'>ad</span> <span class='ocrx_word' id='word_1_8' title='bbox 994 516 1119 579; x_wconf 89' lang='lat' dir='ltr'>ruinam.</span> <span class='ocrx_word' id='word_1_9' title='bbox 1153 515 1263 579; x_wconf 91' lang='lat' dir='ltr'>Verum</span> <span class='ocrx_word' id='word_1_10' title='bbox 1286 513 1326 575; x_wconf 89' lang='lat' dir='ltr'>ad</span> <span class='ocrx_word' id='word_1_11' title='bbox 1349 510 1392 597; x_wconf 82' lang='lat' dir='ltr'>a)</span> <span class='ocrx_word' id='word_1_12' title='bbox 1417 512 1483 575; x_wconf 89' lang='lat' dir='ltr'>iusti</span> 
     </span>
     <span class='ocr_line' id='line_1_3' title="bbox 289 619 1482 712; baseline -0.005 -27"><span class='ocrx_word' id='word_1_13' title='bbox 289 625 402 704; x_wconf 85' lang='lat' dir='ltr'>pariter</span> <span class='ocrx_word' id='word_1_14' title='bbox 418 629 448 686; x_wconf 90' lang='lat' dir='ltr'>ct</span> <span class='ocrx_word' id='word_1_15' title='bbox 464 625 583 687; x_wconf 81' lang='lat' dir='ltr'>honesti</span> <span class='ocrx_word' id='word_1_16' title='bbox 600 625 791 689; x_wconf 87' lang='lat' dir='ltr'>solliditatcm</span> <span class='ocrx_word' id='word_1_17' title='bbox 807 627 846 712; x_wconf 82' lang='lat' dir='ltr'>b)</span> <span class='ocrx_word' id='word_1_18' title='bbox 863 623 1009 708; x_wconf 82' lang='lat' dir='ltr'>propositi</span> <span class='ocrx_word' id='word_1_19' title='bbox 1032 630 1135 706; x_wconf 91' lang='lat' dir='ltr'>preter</span> <span class='ocrx_word' id='word_1_20' title='bbox 1157 641 1315 684; x_wconf 91' lang='lat' dir='ltr'>commune</span> <span class='ocrx_word' id='word_1_21' title='bbox 1340 619 1482 690; x_wconf 89' lang='lat' dir='ltr'>debitum,</span> 
     </span>
     <span class='ocr_line' id='line_1_4' title="bbox 291 726 1483 813; baseline -0.006 -20"><span class='ocrx_word' id='word_1_22' title='bbox 291 736 402 810; x_wconf 85' lang='lat' dir='ltr'>quote</span> <span class='ocrx_word' id='word_1_23' title='bbox 425 733 489 794; x_wconf 89' lang='lat' dir='ltr'>Deo</span> <span class='ocrx_word' id='word_1_24' title='bbox 512 732 708 795; x_wconf 86' lang='lat' dir='ltr'>vehementer</span> <span class='ocrx_word' id='word_1_25' title='bbox 730 734 886 797; x_wconf 89' lang='lat' dir='ltr'>astrictum</span> <span class='ocrx_word' id='word_1_26' title='bbox 907 732 1068 813; x_wconf 82' lang='lat' dir='ltr'>intelligis,</span> <span class='ocrx_word' id='word_1_27' title='bbox 1097 731 1184 794; x_wconf 91' lang='lat' dir='ltr'>cuius</span> <span class='ocrx_word' id='word_1_28' title='bbox 1207 732 1237 791; x_wconf 91' lang='lat' dir='ltr'>in</span> <span class='ocrx_word' id='word_1_29' title='bbox 1260 726 1422 790; x_wconf 90' lang='lat' dir='ltr'>ministerii</span> <span class='ocrx_word' id='word_1_30' title='bbox 1444 727 1483 788; x_wconf 89' lang='lat' dir='ltr'>tui</span> 
     </span>
     <span class='ocr_line' id='line_1_5' title="bbox 291 834 1484 920; baseline -0.003 -21"><span class='ocrx_word' id='word_1_31' title='bbox 291 843 372 900; x_wconf 89' lang='lat' dir='ltr'>sorte</span> <span class='ocrx_word' id='word_1_32' title='bbox 388 845 513 902; x_wconf 88' lang='lat' dir='ltr'>vocatus</span> <span class='ocrx_word' id='word_1_33' title='bbox 528 840 559 901; x_wconf 89' lang='lat' dir='ltr'>in</span> <span class='ocrx_word' id='word_1_34' title='bbox 582 845 697 920; x_wconf 88' lang='lat' dir='ltr'>partem</span> <span class='ocrx_word' id='word_1_35' title='bbox 719 840 927 904; x_wconf 75' lang='lat' dir='ltr'>sollicitudinis</span> <span class='ocrx_word' id='word_1_36' title='bbox 944 844 1027 910; x_wconf 89' lang='lat' dir='ltr'>vices</span> <span class='ocrx_word' id='word_1_37' title='bbox 1044 840 1142 920; x_wconf 87' lang='lat' dir='ltr'>geris,</span> <span class='ocrx_word' id='word_1_38' title='bbox 1171 835 1342 898; x_wconf 87' lang='lat' dir='ltr'>aeumulata</span> <span class='ocrx_word' id='word_1_39' title='bbox 1358 834 1484 896; x_wconf 87' lang='lat' dir='ltr'>nichilo·</span> 
     </span>
     <span class='ocr_line' id='line_1_6' title="bbox 290 942 1483 1030; baseline -0.004 -22"><span class='ocrx_word' id='word_1_40' title='bbox 290 946 389 1008; x_wconf 91' lang='lat' dir='ltr'>minus</span> <span class='ocrx_word' id='word_1_41' title='bbox 413 946 606 1009; x_wconf 89' lang='lat' dir='ltr'>beneficiate</span> <span class='ocrx_word' id='word_1_42' title='bbox 630 947 782 1030; x_wconf 87' lang='lat' dir='ltr'>obligant,</span> <span class='ocrx_word' id='word_1_43' title='bbox 811 967 868 1029; x_wconf 92' lang='lat' dir='ltr'>que</span> <span class='ocrx_word' id='word_1_44' title='bbox 892 968 959 1010; x_wconf 90' lang='lat' dir='ltr'>cum</span> <span class='ocrx_word' id='word_1_45' title='bbox 982 947 1047 1010; x_wconf 89' lang='lat' dir='ltr'>aliis</span> <span class='ocrx_word' id='word_1_46' title='bbox 1063 945 1187 1028; x_wconf 90' lang='lat' dir='ltr'>prelatis</span> <span class='ocrx_word' id='word_1_47' title='bbox 1204 942 1359 1006; x_wconf 85' lang='lat' dir='ltr'>Alemanie</span> <span class='ocrx_word' id='word_1_48' title='bbox 1378 963 1396 1004; x_wconf 88' lang='lat' dir='ltr'>a</span> <span class='ocrx_word' id='word_1_49' title='bbox 1412 943 1483 1004; x_wconf 90' lang='lat' dir='ltr'>sede</span> 
     </span>
     <span class='ocr_line' id='line_1_7' title="bbox 289 1050 1485 1136; baseline -0.006 -20"><span class='ocrx_word' id='word_1_50' title='bbox 289 1053 456 1134; x_wconf 87' lang='lat' dir='ltr'>apostolica</span> <span class='ocrx_word' id='word_1_51' title='bbox 488 1053 654 1117; x_wconf 90' lang='lat' dir='ltr'>dinosceris</span> <span class='ocrx_word' id='word_1_52' title='bbox 685 1055 857 1135; x_wconf 71' lang='lat' dir='ltr'>recepisse,</span> <span class='ocrx_word' id='word_1_53' title='bbox 890 1056 974 1118; x_wconf 91' lang='lat' dir='ltr'>cuius</span> <span class='ocrx_word' id='word_1_54' title='bbox 1006 1055 1090 1136; x_wconf 85' lang='lat' dir='ltr'>larga</span> <span class='ocrx_word' id='word_1_55' title='bbox 1117 1051 1266 1116; x_wconf 83' lang='lat' dir='ltr'>beneficia</span> <span class='ocrx_word' id='word_1_56' title='bbox 1299 1058 1330 1114; x_wconf 88' lang='lat' dir='ltr'>et</span> <span class='ocrx_word' id='word_1_57' title='bbox 1360 1050 1485 1130; x_wconf 82' lang='lat' dir='ltr'>largitas</span> 
     </span>
     <span class='ocr_line' id='line_1_8' title="bbox 288 1157 1485 1244; baseline -0.003 -22"><span class='ocrx_word' id='word_1_58' title='bbox 288 1160 427 1224; x_wconf 86' lang='lat' dir='ltr'>benivola</span> <span class='ocrx_word' id='word_1_59' title='bbox 449 1160 503 1223; x_wconf 90' lang='lat' dir='ltr'>tibi</span> <span class='ocrx_word' id='word_1_60' title='bbox 528 1167 558 1223; x_wconf 89' lang='lat' dir='ltr'>et</span> <span class='ocrx_word' id='word_1_61' title='bbox 581 1162 638 1224; x_wconf 92' lang='lat' dir='ltr'>illis</span> <span class='ocrx_word' id='word_1_62' title='bbox 662 1183 780 1243; x_wconf 85' lang='lat' dir='ltr'>semper</span> <span class='ocrx_word' id='word_1_63' title='bbox 803 1163 948 1226; x_wconf 86' lang='lat' dir='ltr'>hactonus</span> <span class='ocrx_word' id='word_1_64' title='bbox 974 1161 1058 1225; x_wconf 82' lang='lat' dir='ltr'>alluit</span> <span class='ocrx_word' id='word_1_65' title='bbox 1075 1166 1105 1222; x_wconf 90' lang='lat' dir='ltr'>et</span> <span class='ocrx_word' id='word_1_66' title='bbox 1122 1161 1206 1244; x_wconf 87' lang='lat' dir='ltr'>quasi</span> <span class='ocrx_word' id='word_1_67' title='bbox 1223 1161 1291 1221; x_wconf 87' lang='lat' dir='ltr'>lons</span> <span class='ocrx_word' id='word_1_68' title='bbox 1308 1157 1485 1219; x_wconf 86' lang='lat' dir='ltr'>indeficiens</span> 
     </span>
     <span class='ocr_line' id='line_1_9' title="bbox 288 1265 1487 1350; baseline -0.003 -20"><span class='ocrx_word' id='word_1_69' title='bbox 288 1269 374 1331; x_wconf 85' lang='lat' dir='ltr'>robis</span> <span class='ocrx_word' id='word_1_70' title='bbox 393 1273 422 1330; x_wconf 89' lang='lat' dir='ltr'>et</span> <span class='ocrx_word' id='word_1_71' title='bbox 438 1269 548 1331; x_wconf 84' lang='lat' dir='ltr'>restris</span> <span class='ocrx_word' id='word_1_72' title='bbox 566 1269 703 1332; x_wconf 90' lang='lat' dir='ltr'>ecclesiis</span> <span class='ocrx_word' id='word_1_73' title='bbox 721 1271 890 1350; x_wconf 74' lang='lat' dir='ltr'>graciarum</span> <span class='ocrx_word' id='word_1_74' title='bbox 902 1271 1014 1332; x_wconf 86' lang='lat' dir='ltr'>fluenta</span> <span class='ocrx_word' id='word_1_75' title='bbox 1028 1269 1261 1337; x_wconf 88' lang='lat' dir='ltr'>communicans,</span> <span class='ocrx_word' id='word_1_76' title='bbox 1279 1283 1334 1328; x_wconf 83' lang='lat' dir='ltr'>ros</span> <span class='ocrx_word' id='word_1_77' title='bbox 1348 1265 1487 1328; x_wconf 83' lang='lat' dir='ltr'>instruxit</span> 
     </span>
     <span class='ocr_line' id='line_1_10' title="bbox 289 1369 1485 1461; baseline -0.005 -25"><span class='ocrx_word' id='word_1_78' title='bbox 289 1374 439 1446; x_wconf 87' lang='lat' dir='ltr'>consiliis,</span> <span class='ocrx_word' id='word_1_79' title='bbox 478 1374 632 1438; x_wconf 85' lang='lat' dir='ltr'>roboravit</span> <span class='ocrx_word' id='word_1_80' title='bbox 663 1375 792 1446; x_wconf 85' lang='lat' dir='ltr'>auxiliis,</span> <span class='ocrx_word' id='word_1_81' title='bbox 832 1376 950 1438; x_wconf 86' lang='lat' dir='ltr'>vallavit</span> <span class='ocrx_word' id='word_1_82' title='bbox 987 1375 1025 1461; x_wconf 83' lang='lat' dir='ltr'>c)</span> <span class='ocrx_word' id='word_1_83' title='bbox 1056 1371 1211 1436; x_wconf 86' lang='lat' dir='ltr'>beneficiis</span> <span class='ocrx_word' id='word_1_84' title='bbox 1250 1377 1281 1433; x_wconf 88' lang='lat' dir='ltr'>et</span> <span class='ocrx_word' id='word_1_85' title='bbox 1318 1369 1485 1452; x_wconf 87' lang='lat' dir='ltr'>privilegiis</span> 
     </span>
     <span class='ocr_line' id='line_1_11' title="bbox 288 1479 1487 1564; baseline -0.003 -21"><span class='ocrx_word' id='word_1_86' title='bbox 288 1482 456 1546; x_wconf 85' lang='lat' dir='ltr'>bonoravit.</span> <span class='ocrx_word' id='word_1_87' title='bbox 480 1484 599 1546; x_wconf 64' lang='lat' dir='ltr'>,lustum</span> <span class='ocrx_word' id='word_1_88' title='bbox 628 1489 674 1545; x_wconf 89' lang='lat' dir='ltr'>est</span> <span class='ocrx_word' id='word_1_89' title='bbox 703 1484 795 1564; x_wconf 89' lang='lat' dir='ltr'>igitur</span> <span class='ocrx_word' id='word_1_90' title='bbox 824 1491 853 1547; x_wconf 90' lang='lat' dir='ltr'>et</span> <span class='ocrx_word' id='word_1_91' title='bbox 881 1486 1063 1546; x_wconf 86' lang='lat' dir='ltr'>conveniens</span> <span class='ocrx_word' id='word_1_92' title='bbox 1092 1481 1214 1564; x_wconf 83' lang='lat' dir='ltr'>pietati,</span> <span class='ocrx_word' id='word_1_93' title='bbox 1243 1485 1276 1542; x_wconf 91' lang='lat' dir='ltr'>ut</span> <span class='ocrx_word' id='word_1_94' title='bbox 1304 1479 1344 1541; x_wconf 89' lang='lat' dir='ltr'>ad</span> <span class='ocrx_word' id='word_1_95' title='bbox 1361 1484 1487 1541; x_wconf 86' lang='lat' dir='ltr'>matrem</span> 
     </span>
     <span class='ocr_line' id='line_1_12' title="bbox 291 1588 1484 1672; baseline -0.003 -20"><span class='ocrx_word' id='word_1_96' title='bbox 291 1589 451 1652; x_wconf 89' lang='lat' dir='ltr'>ecclesiam</span> <span class='ocrx_word' id='word_1_97' title='bbox 479 1592 603 1654; x_wconf 82' lang='lat' dir='ltr'>elevetis</span> <span class='ocrx_word' id='word_1_98' title='bbox 632 1593 734 1656; x_wconf 93' lang='lat' dir='ltr'>oculos</span> <span class='ocrx_word' id='word_1_99' title='bbox 762 1593 913 1664; x_wconf 88' lang='lat' dir='ltr'>universi,</span> <span class='ocrx_word' id='word_1_100' title='bbox 943 1598 973 1654; x_wconf 91' lang='lat' dir='ltr'>et</span> <span class='ocrx_word' id='word_1_101' title='bbox 996 1612 1069 1654; x_wconf 89' lang='lat' dir='ltr'>cura</span> <span class='ocrx_word' id='word_1_102' title='bbox 1091 1590 1230 1672; x_wconf 82' lang='lat' dir='ltr'>pervigili</span> <span class='ocrx_word' id='word_1_103' title='bbox 1251 1589 1402 1652; x_wconf 84' lang='lat' dir='ltr'>studeatis</span> <span class='ocrx_word' id='word_1_104' title='bbox 1420 1588 1484 1650; x_wconf 92' lang='lat' dir='ltr'>eius</span> 
     </span>
     <span class='ocr_line' id='line_1_13' title="bbox 291 1697 1484 1782; baseline -0.002 -22"><span class='ocrx_word' id='word_1_105' title='bbox 291 1697 412 1760; x_wconf 85' lang='lat' dir='ltr'>obviare</span> <span class='ocrx_word' id='word_1_106' title='bbox 428 1699 586 1779; x_wconf 86' lang='lat' dir='ltr'>periculis,</span> <span class='ocrx_word' id='word_1_107' title='bbox 611 1719 668 1782; x_wconf 88' lang='lat' dir='ltr'>que</span> <span class='ocrx_word' id='word_1_108' title='bbox 686 1702 711 1762; x_wconf 94' lang='lat' dir='ltr'>si</span> <span class='ocrx_word' id='word_1_109' title='bbox 729 1720 782 1762; x_wconf 89' lang='lat' dir='ltr'>sua</span> <span class='ocrx_word' id='word_1_110' title='bbox 798 1701 845 1762; x_wconf 88' lang='lat' dir='ltr'>vel</span> <span class='ocrx_word' id='word_1_111' title='bbox 861 1707 962 1764; x_wconf 87' lang='lat' dir='ltr'>vestra</span> <span class='ocrx_word' id='word_1_112' title='bbox 980 1700 1157 1770; x_wconf 84' lang='lat' dir='ltr'>dixerimus,</span> <span class='ocrx_word' id='word_1_113' title='bbox 1181 1718 1235 1761; x_wconf 89' lang='lat' dir='ltr'>sua</span> <span class='ocrx_word' id='word_1_114' title='bbox 1250 1703 1353 1760; x_wconf 85' lang='lat' dir='ltr'>tamen</span> <span class='ocrx_word' id='word_1_115' title='bbox 1370 1697 1484 1758; x_wconf 87' lang='lat' dir='ltr'>rectius</span> 
     </span>
     <span class='ocr_line' id='line_1_14' title="bbox 292 1804 1485 1891; baseline 0 -25"><span class='ocrx_word' id='word_1_116' title='bbox 292 1804 425 1869; x_wconf 89' lang='lat' dir='ltr'>dicemus</span> <span class='ocrx_word' id='word_1_117' title='bbox 443 1812 474 1869; x_wconf 91' lang='lat' dir='ltr'>et</span> <span class='ocrx_word' id='word_1_118' title='bbox 489 1813 605 1879; x_wconf 85' lang='lat' dir='ltr'>vestra,</span> <span class='ocrx_word' id='word_1_119' title='bbox 634 1828 718 1879; x_wconf 91' lang='lat' dir='ltr'>cum,</span> <span class='ocrx_word' id='word_1_120' title='bbox 747 1809 867 1871; x_wconf 91' lang='lat' dir='ltr'>dolente</span> <span class='ocrx_word' id='word_1_121' title='bbox 885 1808 999 1891; x_wconf 89' lang='lat' dir='ltr'>capite,</span> <span class='ocrx_word' id='word_1_122' title='bbox 1029 1828 1087 1870; x_wconf 92' lang='lat' dir='ltr'>non</span> <span class='ocrx_word' id='word_1_123' title='bbox 1105 1807 1144 1870; x_wconf 91' lang='lat' dir='ltr'>sit</span> <span class='ocrx_word' id='word_1_124' title='bbox 1160 1807 1190 1868; x_wconf 91' lang='lat' dir='ltr'>in</span> <span class='ocrx_word' id='word_1_125' title='bbox 1205 1805 1340 1868; x_wconf 88' lang='lat' dir='ltr'>menbris</span> <span class='ocrx_word' id='word_1_126' title='bbox 1360 1805 1485 1875; x_wconf 85' lang='lat' dir='ltr'>sanitas,</span> 
     </span>
     <span class='ocr_line' id='line_1_15' title="bbox 172 1913 1485 1998; baseline -0.002 -22"><span class='ocrx_word' id='word_1_127' title='bbox 172 1927 345 1976; x_wconf 59' lang='lat' dir='ltr'>susteneo</span> <span class='ocrx_word' id='word_1_128' title='bbox 374 1917 515 1978; x_wconf 89' lang='lat' dir='ltr'>maternis</span> <span class='ocrx_word' id='word_1_129' title='bbox 541 1915 620 1978; x_wconf 78' lang='lat' dir='ltr'>inlini</span> <span class='ocrx_word' id='word_1_130' title='bbox 654 1917 821 1980; x_wconf 90' lang='lat' dir='ltr'>visceribus</span> <span class='ocrx_word' id='word_1_131' title='bbox 858 1924 953 1980; x_wconf 90' lang='lat' dir='ltr'>matre</span> <span class='ocrx_word' id='word_1_132' title='bbox 987 1919 1104 1998; x_wconf 88' lang='lat' dir='ltr'>possint</span> <span class='ocrx_word' id='word_1_133' title='bbox 1132 1915 1291 1998; x_wconf 80' lang='lat' dir='ltr'>quiescere</span> <span class='ocrx_word' id='word_1_134' title='bbox 1313 1913 1485 1976; x_wconf 90' lang='lat' dir='ltr'>laborante.</span> 
     </span>
     <span class='ocr_line' id='line_1_16' title="bbox 290 2022 1488 2107; baseline 0.001 -24"><span class='ocrx_word' id='word_1_135' title='bbox 290 2022 431 2086; x_wconf 84' lang='lat' dir='ltr'>Ceterum</span> <span class='ocrx_word' id='word_1_136' title='bbox 454 2028 594 2107; x_wconf 86' lang='lat' dir='ltr'>quantum</span> <span class='ocrx_word' id='word_1_137' title='bbox 612 2025 769 2088; x_wconf 88' lang='lat' dir='ltr'>ecclesiam</span> <span class='ocrx_word' id='word_1_138' title='bbox 786 2024 998 2106; x_wconf 88' lang='lat' dir='ltr'>flagellaverit,</span> <span class='ocrx_word' id='word_1_139' title='bbox 1026 2029 1168 2106; x_wconf 88' lang='lat' dir='ltr'>quantum</span> <span class='ocrx_word' id='word_1_140' title='bbox 1185 2022 1391 2092; x_wconf 83' lang='lat' dir='ltr'>concusserit,</span> <span class='ocrx_word' id='word_1_141' title='bbox 1415 2027 1488 2104; x_wconf 85' lang='lat' dir='ltr'>quot</span> 
     </span>
     <span class='ocr_line' id='line_1_17' title="bbox 290 2129 1485 2222; baseline 0 -32"><span class='ocrx_word' id='word_1_142' title='bbox 290 2130 534 2211; x_wconf 81' lang='lat' dir='ltr'>exprobracionis</span> <span class='ocrx_word' id='word_1_143' title='bbox 559 2134 585 2193; x_wconf 91' lang='lat' dir='ltr'>ei</span> <span class='ocrx_word' id='word_1_144' title='bbox 602 2134 678 2194; x_wconf 85' lang='lat' dir='ltr'>mula</span> <span class='ocrx_word' id='word_1_145' title='bbox 701 2132 866 2194; x_wconf 89' lang='lat' dir='ltr'>reddiderit</span> <span class='ocrx_word' id='word_1_146' title='bbox 889 2132 992 2194; x_wconf 91' lang='lat' dir='ltr'>domus</span> <span class='ocrx_word' id='word_1_147' title='bbox 1015 2131 1195 2212; x_wconf 90' lang='lat' dir='ltr'>inproperii,</span> <span class='ocrx_word' id='word_1_148' title='bbox 1223 2129 1485 2222; x_wconf 29' lang='lat' dir='ltr'>quondam‘vide·</span> 
     </span>
     <span class='ocr_line' id='line_1_18' title="bbox 287 2236 1487 2324; baseline -0.002 -24"><span class='ocrx_word' id='word_1_149' title='bbox 287 2239 360 2301; x_wconf 89' lang='lat' dir='ltr'>licet</span> <span class='ocrx_word' id='word_1_150' title='bbox 376 2240 424 2301; x_wconf 83' lang='lat' dir='ltr'>Fr.</span> <span class='ocrx_word' id='word_1_151' title='bbox 443 2239 483 2324; x_wconf 84' lang='lat' dir='ltr'>d)</span> <span class='ocrx_word' id='word_1_152' title='bbox 500 2240 705 2321; x_wconf 89' lang='lat' dir='ltr'>imperatoris,</span> <span class='ocrx_word' id='word_1_153' title='bbox 735 2262 793 2303; x_wconf 95' lang='lat' dir='ltr'>non</span> <span class='ocrx_word' id='word_1_154' title='bbox 817 2241 911 2302; x_wconf 88' lang='lat' dir='ltr'>solum</span> <span class='ocrx_word' id='word_1_155' title='bbox 928 2241 1065 2303; x_wconf 93' lang='lat' dir='ltr'>ecclesiis</span> <span class='ocrx_word' id='word_1_156' title='bbox 1084 2245 1114 2301; x_wconf 91' lang='lat' dir='ltr'>et</span> <span class='ocrx_word' id='word_1_157' title='bbox 1128 2236 1315 2320; x_wconf 90' lang='lat' dir='ltr'>principibus</span> <span class='ocrx_word' id='word_1_158' title='bbox 1332 2238 1487 2299; x_wconf 81' lang='lat' dir='ltr'>Alemanie</span> 
     </span>
     <span class='ocr_line' id='line_1_19' title="bbox 289 2344 1487 2426; baseline -0.002 -18"><span class='ocrx_word' id='word_1_159' title='bbox 289 2352 391 2410; x_wconf 91' lang='lat' dir='ltr'>uotum</span> <span class='ocrx_word' id='word_1_160' title='bbox 408 2347 524 2418; x_wconf 86' lang='lat' dir='ltr'>existit,</span> <span class='ocrx_word' id='word_1_161' title='bbox 554 2348 607 2410; x_wconf 91' lang='lat' dir='ltr'>sed</span> <span class='ocrx_word' id='word_1_162' title='bbox 631 2355 677 2410; x_wconf 91' lang='lat' dir='ltr'>est</span> <span class='ocrx_word' id='word_1_163' title='bbox 700 2348 809 2411; x_wconf 90' lang='lat' dir='ltr'>mundo</span> <span class='ocrx_word' id='word_1_164' title='bbox 828 2347 976 2410; x_wconf 92' lang='lat' dir='ltr'>notorium</span> <span class='ocrx_word' id='word_1_165' title='bbox 992 2347 1142 2409; x_wconf 87' lang='lat' dir='ltr'>universo.</span> <span class='ocrx_word' id='word_1_166' title='bbox 1177 2345 1263 2408; x_wconf 91' lang='lat' dir='ltr'>Unde</span> <span class='ocrx_word' id='word_1_167' title='bbox 1281 2346 1361 2408; x_wconf 89' lang='lat' dir='ltr'>iusto</span> <span class='ocrx_word' id='word_1_168' title='bbox 1380 2344 1487 2426; x_wconf 92' lang='lat' dir='ltr'>damp-</span> 
     </span>
     <span class='ocr_line' id='line_1_20' title="bbox 289 2438 1487 2538; baseline -0.002 -22"><span class='ocrx_word' id='word_1_169' title='bbox 289 2460 377 2517; x_wconf 91' lang='lat' dir='ltr'>natus</span> <span class='ocrx_word' id='word_1_170' title='bbox 394 2455 515 2526; x_wconf 89' lang='lat' dir='ltr'>iudicio,</span> <span class='ocrx_word' id='word_1_171' title='bbox 534 2462 564 2518; x_wconf 91' lang='lat' dir='ltr'>et</span> <span class='ocrx_word' id='word_1_172' title='bbox 579 2463 640 2518; x_wconf 91' lang='lat' dir='ltr'>tam</span> <span class='ocrx_word' id='word_1_173' title='bbox 657 2457 773 2536; x_wconf 90' lang='lat' dir='ltr'>imperii</span> <span class='ocrx_word' id='word_1_174' title='bbox 787 2475 875 2538; x_wconf 90' lang='lat' dir='ltr'>quam</span> <span class='ocrx_word' id='word_1_175' title='bbox 891 2457 977 2536; x_wconf 87' lang='lat' dir='ltr'>regni</span> <span class='ocrx_word' id='word_1_176' title='bbox 991 2438 1102 2536; x_wconf 82' lang='lat' dir='ltr'>Sycilie</span> <span class='ocrx_word' id='word_1_177' title='bbox 1116 2455 1180 2517; x_wconf 93' lang='lat' dir='ltr'>iure</span> <span class='ocrx_word' id='word_1_178' title='bbox 1192 2454 1306 2534; x_wconf 85' lang='lat' dir='ltr'>pariter</span> <span class='ocrx_word' id='word_1_179' title='bbox 1324 2460 1355 2516; x_wconf 91' lang='lat' dir='ltr'>et</span> <span class='ocrx_word' id='word_1_180' title='bbox 1370 2453 1487 2516; x_wconf 88' lang='lat' dir='ltr'>honore</span> 
     </span>
     <span class='ocr_line' id='line_1_21' title="bbox 289 2561 1489 2642; baseline -0.001 -19"><span class='ocrx_word' id='word_1_181' title='bbox 289 2563 439 2642; x_wconf 91' lang='lat' dir='ltr'>privatus,</span> <span class='ocrx_word' id='word_1_182' title='bbox 479 2562 557 2625; x_wconf 91' lang='lat' dir='ltr'>diem</span> <span class='ocrx_word' id='word_1_183' title='bbox 588 2563 797 2626; x_wconf 86' lang='lat' dir='ltr'>miserabiliter</span> <span class='ocrx_word' id='word_1_184' title='bbox 829 2563 972 2625; x_wconf 90' lang='lat' dir='ltr'>claudens</span> <span class='ocrx_word' id='word_1_185' title='bbox 1006 2567 1184 2632; x_wconf 83' lang='lat' dir='ltr'>extremum,</span> <span class='ocrx_word' id='word_1_186' title='bbox 1217 2566 1338 2622; x_wconf 84' lang='lat' dir='ltr'>tenuem</span> <span class='ocrx_word' id='word_1_187' title='bbox 1365 2561 1489 2642; x_wconf 86' lang='lat' dir='ltr'>reliquit</span> 
     </span>
     <span class='ocr_line' id='line_1_22' title="bbox 289 2667 1488 2742; baseline -0.001 -11"><span class='ocrx_word' id='word_1_188' title='bbox 289 2671 478 2741; x_wconf 91' lang='lat' dir='ltr'>memoriam,</span> <span class='ocrx_word' id='word_1_189' title='bbox 512 2691 596 2742; x_wconf 91' lang='lat' dir='ltr'>cum,</span> <span class='ocrx_word' id='word_1_190' title='bbox 629 2671 753 2733; x_wconf 90' lang='lat' dir='ltr'>sublatis</span> <span class='ocrx_word' id='word_1_191' title='bbox 781 2670 818 2732; x_wconf 91' lang='lat' dir='ltr'>de</span> <span class='ocrx_word' id='word_1_192' title='bbox 846 2670 944 2732; x_wconf 89' lang='lat' dir='ltr'>medio</span> <span class='ocrx_word' id='word_1_193' title='bbox 970 2669 1054 2741; x_wconf 84' lang='lat' dir='ltr'>siliis,</span> <span class='ocrx_word' id='word_1_194' title='bbox 1086 2669 1117 2730; x_wconf 91' lang='lat' dir='ltr'>iu</span> <span class='ocrx_word' id='word_1_195' title='bbox 1145 2667 1231 2729; x_wconf 91' lang='lat' dir='ltr'>domo</span> <span class='ocrx_word' id='word_1_196' title='bbox 1253 2667 1329 2730; x_wconf 89' lang='lat' dir='ltr'>tanti</span> <span class='ocrx_word' id='word_1_197' title='bbox 1358 2669 1488 2730; x_wconf 88' lang='lat' dir='ltr'>nominis</span> 
     </span>
     <span class='ocr_line' id='line_1_23' title="bbox 266 2763 1488 2856; baseline 0.002 -18"><span class='ocrx_word' id='word_1_198' title='bbox 266 2777 377 2839; x_wconf 50' lang='lat' dir='ltr'>,unica</span> <span class='ocrx_word' id='word_1_199' title='bbox 409 2778 537 2840; x_wconf 90' lang='lat' dir='ltr'>scintilla</span> <span class='ocrx_word' id='word_1_200' title='bbox 568 2779 746 2842; x_wconf 88' lang='lat' dir='ltr'>remanserit</span> <span class='ocrx_word' id='word_1_201' title='bbox 778 2778 865 2840; x_wconf 84' lang='lat' dir='ltr'>etatis</span> <span class='ocrx_word' id='word_1_202' title='bbox 898 2778 996 2839; x_wconf 87' lang='lat' dir='ltr'>adbuc</span> <span class='ocrx_word' id='word_1_203' title='bbox 1024 2782 1144 2847; x_wconf 89' lang='lat' dir='ltr'>tenere,</span> <span class='ocrx_word' id='word_1_204' title='bbox 1166 2763 1348 2856; x_wconf 83' lang='lat' dir='ltr'>¹premature</span> <span class='ocrx_word' id='word_1_205' title='bbox 1386 2783 1488 2840; x_wconf 81' lang='lat' dir='ltr'>tamen</span> 
     </span>
     <span class='ocr_line' id='line_1_24' title="bbox 287 2885 1486 2971; baseline 0.006 -25"><span class='ocrx_word' id='word_1_206' title='bbox 287 2885 405 2948; x_wconf 86' lang='lat' dir='ltr'>malicie</span> <span class='ocrx_word' id='word_1_207' title='bbox 423 2886 688 2948; x_wconf 84' lang='lat' dir='ltr'>Chunradinus</span> <span class='ocrx_word' id='word_1_208' title='bbox 706 2885 755 2971; x_wconf 83' lang='grc' dir='ltr'>α).</span> <span class='ocrx_word' id='word_1_209' title='bbox 780 2887 872 2949; x_wconf 90' lang='lat' dir='ltr'>Porro</span> <span class='ocrx_word' id='word_1_210' title='bbox 889 2907 947 2949; x_wconf 90' lang='lat' dir='ltr'>non</span> <span class='ocrx_word' id='word_1_211' title='bbox 964 2887 1028 2947; x_wconf 91' lang='lat' dir='ltr'>sine</span> <span class='ocrx_word' id='word_1_212' title='bbox 1045 2905 1152 2966; x_wconf 84' lang='lat' dir='ltr'>magna</span> <span class='ocrx_word' id='word_1_213' title='bbox 1169 2886 1269 2949; x_wconf 90' lang='lat' dir='ltr'>cordis</span> <span class='ocrx_word' id='word_1_214' title='bbox 1286 2888 1486 2953; x_wconf 88' lang='lat' dir='ltr'>amaritudine</span> 
     </span>
     <span class='ocr_line' id='line_1_25' title="bbox 223 2978 1487 3080; baseline 0.003 -24"><span class='ocrx_word' id='word_1_215' title='bbox 223 2989 227 2994; x_wconf 75' lang='grc'><strong>’</strong></span> <span class='ocrx_word' id='word_1_216' title='bbox 288 3015 382 3076; x_wconf 89' lang='lat' dir='ltr'>nuper</span> <span class='ocrx_word' id='word_1_217' title='bbox 409 2995 598 3078; x_wconf 90' lang='lat' dir='ltr'>accepimus,</span> <span class='ocrx_word' id='word_1_218' title='bbox 627 2996 708 3077; x_wconf 90' lang='lat' dir='ltr'>quod</span> <span class='ocrx_word' id='word_1_219' title='bbox 735 2978 846 3058; x_wconf 91' lang='lat' dir='ltr'>nonulli</span> <span class='ocrx_word' id='word_1_220' title='bbox 874 3017 910 3056; x_wconf 85' lang='lat' dir='ltr'>ex</span> <span class='ocrx_word' id='word_1_221' title='bbox 938 2993 996 3056; x_wconf 87' lang='lat' dir='ltr'>hiis</span> <span class='ocrx_word' id='word_1_222' title='bbox 1019 2994 1205 3076; x_wconf 90' lang='lat' dir='ltr'>principibus</span> <span class='ocrx_word' id='word_1_223' title='bbox 1224 3001 1254 3056; x_wconf 88' lang='lat' dir='ltr'>et</span> <span class='ocrx_word' id='word_1_224' title='bbox 1269 2995 1395 3076; x_wconf 88' lang='lat' dir='ltr'>prelatis</span> <span class='ocrx_word' id='word_1_225' title='bbox 1404 3043 1419 3080; x_wconf 24' lang='grc' dir='ltr'>,Ι</span> <span class='ocrx_word' id='word_1_226' title='bbox 1443 2998 1487 3060; x_wconf 90' lang='lat' dir='ltr'>ad</span> 
     </span>
     <span class='ocr_line' id='line_1_26' title="bbox 289 3102 1485 3187; baseline 0 -23"><span class='ocrx_word' id='word_1_227' title='bbox 289 3123 383 3184; x_wconf 90' lang='lat' dir='ltr'>quus</span> <span class='ocrx_word' id='word_1_228' title='bbox 417 3103 474 3164; x_wconf 91' lang='lat' dir='ltr'>ius</span> <span class='ocrx_word' id='word_1_229' title='bbox 512 3104 688 3184; x_wconf 89' lang='lat' dir='ltr'>pertinet</span> <span class='ocrx_word' id='word_1_230' title='bbox 725 3102 898 3182; x_wconf 86' lang='lat' dir='ltr'>eligendi</span> <span class='ocrx_word' id='word_1_231' title='bbox 929 3103 1177 3164; x_wconf 89' lang='lat' dir='ltr'>Romanorum</span> <span class='ocrx_word' id='word_1_232' title='bbox 1208 3121 1337 3182; x_wconf 86' lang='lat' dir='ltr'>regem</span> <span class='ocrx_word' id='word_1_233' title='bbox 1369 3103 1414 3164; x_wconf 89' lang='lat' dir='ltr'>ad</span> <span class='ocrx_word' id='word_1_234' title='bbox 1449 3103 1485 3187; x_wconf 83' lang='lat' dir='ltr'>e)</span> 
     </span>
     <span class='ocr_line' id='line_1_27' title="bbox 287 3208 1485 3297; baseline 0.003 -28"><span class='ocrx_word' id='word_1_235' title='bbox 287 3208 1485 3297; x_wconf 81' lang='lat' dir='ltr'>imperatorempostmodumpromovendum,ineamdevenerints)</span> 
     </span>
     <span class='ocr_line' id='line_1_28' title="bbox 288 3315 1483 3403; baseline -0.001 -24"><span class='ocrx_word' id='word_1_236' title='bbox 288 3316 460 3387; x_wconf 86' lang='lat' dir='ltr'>audaciam,</span> <span class='ocrx_word' id='word_1_237' title='bbox 489 3322 521 3378; x_wconf 87' lang='lat' dir='ltr'>ut</span> <span class='ocrx_word' id='word_1_238' title='bbox 548 3337 640 3398; x_wconf 93' lang='lat' dir='ltr'>super</span> <span class='ocrx_word' id='word_1_239' title='bbox 667 3316 812 3378; x_wconf 90' lang='lat' dir='ltr'>electione</span> <span class='ocrx_word' id='word_1_240' title='bbox 842 3316 1023 3379; x_wconf 87' lang='lat' dir='ltr'>Chunradinl</span> <span class='ocrx_word' id='word_1_241' title='bbox 1052 3315 1186 3378; x_wconf 91' lang='lat' dir='ltr'>eiusdem</span> <span class='ocrx_word' id='word_1_242' title='bbox 1213 3316 1252 3377; x_wconf 90' lang='lat' dir='ltr'>ad</span> <span class='ocrx_word' id='word_1_243' title='bbox 1268 3316 1428 3398; x_wconf 94' lang='lat' dir='ltr'>imperium</span> <span class='ocrx_word' id='word_1_244' title='bbox 1441 3318 1483 3403; x_wconf 72' lang='lat'>9)</span> 
     </span>
     <span class='ocr_line' id='line_1_29' title="bbox 289 3423 1484 3505; baseline -0.001 -18"><span class='ocrx_word' id='word_1_245' title='bbox 289 3426 423 3488; x_wconf 90' lang='lat' dir='ltr'>occultos</span> <span class='ocrx_word' id='word_1_246' title='bbox 437 3425 566 3487; x_wconf 90' lang='lat' dir='ltr'>audeant</span> <span class='ocrx_word' id='word_1_247' title='bbox 578 3429 609 3486; x_wconf 90' lang='lat' dir='ltr'>et</span> <span class='ocrx_word' id='word_1_248' title='bbox 621 3428 741 3503; x_wconf 90' lang='lat' dir='ltr'>apertos</span> <span class='ocrx_word' id='word_1_249' title='bbox 754 3425 829 3486; x_wconf 90' lang='lat' dir='ltr'>inire</span> <span class='ocrx_word' id='word_1_250' title='bbox 842 3429 999 3496; x_wconf 85' lang='lat' dir='ltr'>tractatus,</span> <span class='ocrx_word' id='word_1_251' title='bbox 1017 3423 1136 3505; x_wconf 91' lang='lat' dir='ltr'>proprie</span> <span class='ocrx_word' id='word_1_252' title='bbox 1160 3423 1265 3484; x_wconf 89' lang='lat' dir='ltr'>salutis</span> <span class='ocrx_word' id='word_1_253' title='bbox 1288 3423 1484 3495; x_wconf 86' lang='lat' dir='ltr'>inmemores,</span> 
     </span>
     <span class='ocr_line' id='line_1_30' title="bbox 288 3530 1482 3614; baseline 0.001 -20"><span class='ocrx_word' id='word_1_254' title='bbox 288 3535 390 3596; x_wconf 91' lang='lat' dir='ltr'>hostes</span> <span class='ocrx_word' id='word_1_255' title='bbox 407 3534 526 3595; x_wconf 89' lang='lat' dir='ltr'>iusticie</span> <span class='ocrx_word' id='word_1_256' title='bbox 545 3536 575 3593; x_wconf 89' lang='lat' dir='ltr'>et</span> <span class='ocrx_word' id='word_1_257' title='bbox 591 3532 698 3614; x_wconf 89' lang='lat' dir='ltr'>quietis</span> <span class='ocrx_word' id='word_1_258' title='bbox 715 3531 835 3612; x_wconf 92' lang='lat' dir='ltr'>publice</span> <span class='ocrx_word' id='word_1_259' title='bbox 851 3532 1039 3601; x_wconf 88' lang='lat' dir='ltr'>turbatores,</span> <span class='ocrx_word' id='word_1_260' title='bbox 1063 3551 1131 3593; x_wconf 89' lang='lat' dir='ltr'>cum</span> <span class='ocrx_word' id='word_1_261' title='bbox 1148 3530 1295 3593; x_wconf 87' lang='lat' dir='ltr'>deberent</span> <span class='ocrx_word' id='word_1_262' title='bbox 1311 3552 1373 3594; x_wconf 90' lang='lat' dir='ltr'>non</span> <span class='ocrx_word' id='word_1_263' title='bbox 1389 3533 1482 3596; x_wconf 87' lang='lat' dir='ltr'>solum</span> 
     </span>
     <span class='ocr_line' id='line_1_31' title="bbox 288 3637 1482 3725; baseline 0 -22"><span class='ocrx_word' id='word_1_264' title='bbox 288 3642 458 3711; x_wconf 89' lang='lat' dir='ltr'>attendere,</span> <span class='ocrx_word' id='word_1_265' title='bbox 488 3639 567 3722; x_wconf 90' lang='lat' dir='ltr'>quod</span> <span class='ocrx_word' id='word_1_266' title='bbox 593 3637 747 3702; x_wconf 87' lang='lat' dir='ltr'>assumere</span> <span class='ocrx_word' id='word_1_267' title='bbox 776 3639 970 3720; x_wconf 83' lang='lat' dir='ltr'>ineligibilem</span> <span class='ocrx_word' id='word_1_268' title='bbox 998 3640 1069 3700; x_wconf 90' lang='lat' dir='ltr'>nulli</span> <span class='ocrx_word' id='word_1_269' title='bbox 1095 3639 1168 3700; x_wconf 89' lang='lat' dir='ltr'>licet</span> <span class='ocrx_word' id='word_1_270' title='bbox 1187 3638 1237 3725; x_wconf 73' lang='lat' dir='ltr'>d).</span> <span class='ocrx_word' id='word_1_271' title='bbox 1272 3640 1360 3702; x_wconf 93' lang='lat' dir='ltr'>Hunc</span> <span class='ocrx_word' id='word_1_272' title='bbox 1383 3646 1482 3703; x_wconf 86' lang='lat' dir='ltr'>autem</span> 
     </span>
     <span class='ocr_line' id='line_1_32' title="bbox 289 3745 1483 3830; baseline -0.002 -19"><span class='ocrx_word' id='word_1_273' title='bbox 289 3770 357 3812; x_wconf 89' lang='lat' dir='ltr'>esse</span> <span class='ocrx_word' id='word_1_274' title='bbox 384 3749 491 3830; x_wconf 88' lang='lat' dir='ltr'>probat</span> <span class='ocrx_word' id='word_1_275' title='bbox 508 3746 701 3826; x_wconf 84' lang='lat' dir='ltr'>ineligibilem</span> <span class='ocrx_word' id='word_1_276' title='bbox 723 3747 812 3809; x_wconf 89' lang='lat' dir='ltr'>etatis</span> <span class='ocrx_word' id='word_1_277' title='bbox 836 3745 1007 3817; x_wconf 87' lang='lat' dir='ltr'>infirmitas,</span> <span class='ocrx_word' id='word_1_278' title='bbox 1038 3766 1096 3828; x_wconf 88' lang='lat' dir='ltr'>que</span> <span class='ocrx_word' id='word_1_279' title='bbox 1119 3745 1280 3808; x_wconf 89' lang='lat' dir='ltr'>inhabilem</span> <span class='ocrx_word' id='word_1_280' title='bbox 1296 3745 1397 3828; x_wconf 90' lang='lat' dir='ltr'>ipsum</span> <span class='ocrx_word' id='word_1_281' title='bbox 1409 3747 1483 3809; x_wconf 81' lang='lat' dir='ltr'>lacit</span> 
     </span>
     <span class='ocr_line' id='line_1_33' title="bbox 287 3853 1481 3936; baseline -0.002 -16"><span class='ocrx_word' id='word_1_282' title='bbox 287 3857 333 3920; x_wconf 85' lang='lat' dir='ltr'>vel</span> <span class='ocrx_word' id='word_1_283' title='bbox 351 3856 443 3919; x_wconf 84' lang='lat' dir='ltr'>elficit</span> <span class='ocrx_word' id='word_1_284' title='bbox 458 3856 496 3918; x_wconf 90' lang='lat' dir='ltr'>ad</span> <span class='ocrx_word' id='word_1_285' title='bbox 511 3855 653 3926; x_wconf 85' lang='lat' dir='ltr'>honores,</span> <span class='ocrx_word' id='word_1_286' title='bbox 671 3873 797 3936; x_wconf 89' lang='lat' dir='ltr'>cumque</span> <span class='ocrx_word' id='word_1_287' title='bbox 815 3855 903 3916; x_wconf 86' lang='lat' dir='ltr'>etiam</span> <span class='ocrx_word' id='word_1_288' title='bbox 917 3855 943 3916; x_wconf 93' lang='lat' dir='ltr'>si</span> <span class='ocrx_word' id='word_1_289' title='bbox 955 3853 1133 3934; x_wconf 88' lang='lat' dir='ltr'>legittimum</span> <span class='ocrx_word' id='word_1_290' title='bbox 1146 3854 1306 3916; x_wconf 88' lang='lat' dir='ltr'>terminum</span> <span class='ocrx_word' id='word_1_291' title='bbox 1318 3856 1481 3936; x_wconf 83' lang='lat' dir='ltr'>attigisset,</span> 
     </span>
     <span class='ocr_line' id='line_1_34' title="bbox 287 3960 1481 4045; baseline -0.004 -17"><span class='ocrx_word' id='word_1_292' title='bbox 287 3986 355 4028; x_wconf 90' lang='lat' dir='ltr'>eum</span> <span class='ocrx_word' id='word_1_293' title='bbox 371 3971 470 4027; x_wconf 90' lang='lat' dir='ltr'>tamen</span> <span class='ocrx_word' id='word_1_294' title='bbox 487 3963 558 4043; x_wconf 91' lang='lat' dir='ltr'>eligi</span> <span class='ocrx_word' id='word_1_295' title='bbox 574 3983 633 4024; x_wconf 92' lang='lat' dir='ltr'>non</span> <span class='ocrx_word' id='word_1_296' title='bbox 650 3962 783 4032; x_wconf 87' lang='lat' dir='ltr'>deceret,</span> <span class='ocrx_word' id='word_1_297' title='bbox 805 3968 909 4043; x_wconf 90' lang='lat' dir='ltr'>utpote</span> <span class='ocrx_word' id='word_1_298' title='bbox 926 3963 976 4045; x_wconf 93' lang='lat' dir='ltr'>qui</span> <span class='ocrx_word' id='word_1_299' title='bbox 994 3961 1031 4024; x_wconf 89' lang='lat' dir='ltr'>de</span> <span class='ocrx_word' id='word_1_300' title='bbox 1048 3960 1294 4042; x_wconf 87' lang='lat' dir='ltr'>persecutoribus</span> <span class='ocrx_word' id='word_1_301' title='bbox 1313 3961 1481 4025; x_wconf 82' lang='lat' dir='ltr'>manifestis</span> 
     </span>
     <span class='ocr_line' id='line_1_35' title="bbox 287 4064 1481 4154; baseline -0.003 -18"><span class='ocrx_word' id='word_1_302' title='bbox 287 4077 432 4144; x_wconf 89' lang='lat' dir='ltr'>ecclesie,</span> <span class='ocrx_word' id='word_1_303' title='bbox 463 4081 524 4138; x_wconf 93' lang='lat' dir='ltr'>tam</span> <span class='ocrx_word' id='word_1_304' title='bbox 551 4064 703 4138; x_wconf 90' lang='lat' dir='ltr'>veteribus</span> <span class='ocrx_word' id='word_1_305' title='bbox 736 4091 822 4154; x_wconf 90' lang='lat' dir='ltr'>quam</span> <span class='ocrx_word' id='word_1_306' title='bbox 855 4071 1022 4141; x_wconf 88' lang='lat' dir='ltr'>modernis,</span> <span class='ocrx_word' id='word_1_307' title='bbox 1055 4068 1176 4132; x_wconf 82' lang='lat' dir='ltr'>trahens</span> <span class='ocrx_word' id='word_1_308' title='bbox 1205 4069 1372 4150; x_wconf 83' lang='lat' dir='ltr'>originem,</span> <span class='ocrx_word' id='word_1_309' title='bbox 1402 4072 1481 4133; x_wconf 91' lang='lat' dir='ltr'>iuste</span> 
     </span>
    </p>
   </div>
   <div class='ocr_carea' id='block_1_3' title="bbox 286 4180 1482 4378">
    <p class='ocr_par' dir='ltr' id='par_1_3' title="bbox 286 4180 1482 4378">
     <span class='ocr_line' id='line_1_36' title="bbox 286 4180 1481 4266; baseline -0.003 -20"><span class='ocrx_word' id='word_1_310' title='bbox 286 4192 388 4266; x_wconf 91' lang='lat' dir='ltr'>posset</span> <span class='ocrx_word' id='word_1_311' title='bbox 416 4188 472 4248; x_wconf 87' lang='lat' dir='ltr'>bac</span> <span class='ocrx_word' id='word_1_312' title='bbox 500 4186 563 4248; x_wconf 88' lang='lat' dir='ltr'>sola</span> <span class='ocrx_word' id='word_1_313' title='bbox 590 4187 711 4248; x_wconf 87' lang='lat' dir='ltr'>racione</span> <span class='ocrx_word' id='word_1_314' title='bbox 740 4185 855 4266; x_wconf 90' lang='lat' dir='ltr'>repelli.</span> <span class='ocrx_word' id='word_1_315' title='bbox 890 4183 980 4246; x_wconf 82' lang='lat' dir='ltr'>Cuius</span> <span class='ocrx_word' id='word_1_316' title='bbox 998 4180 1036 4266; x_wconf 78' lang='lat' dir='ltr'>p)</span> <span class='ocrx_word' id='word_1_317' title='bbox 1052 4186 1153 4242; x_wconf 90' lang='lat' dir='ltr'>tamen</span> <span class='ocrx_word' id='word_1_318' title='bbox 1182 4199 1305 4241; x_wconf 88' lang='lat' dir='ltr'>causam</span> <span class='ocrx_word' id='word_1_319' title='bbox 1333 4187 1481 4260; x_wconf 76' lang='lat' dir='ltr'>aggravat</span> 
     </span>
     <span class='ocr_line' id='line_1_37' title="bbox 288 4287 1482 4378; baseline -0.005 -22"><span class='ocrx_word' id='word_1_320' title='bbox 288 4296 376 4356; x_wconf 88' lang='lat' dir='ltr'>etiam</span> <span class='ocrx_word' id='word_1_321' title='bbox 404 4295 442 4378; x_wconf 85' lang='lat' dir='ltr'>t)</span> <span class='ocrx_word' id='word_1_322' title='bbox 470 4295 629 4356; x_wconf 81' lang='lat' dir='ltr'>manifesta</span> <span class='ocrx_word' id='word_1_323' title='bbox 656 4295 810 4356; x_wconf 89' lang='lat' dir='ltr'>temeritas</span> <span class='ocrx_word' id='word_1_324' title='bbox 840 4311 896 4374; x_wconf 76' lang='lat' dir='ltr'>qiua</span> <span class='ocrx_word' id='word_1_325' title='bbox 924 4311 957 4352; x_wconf 89' lang='lat' dir='ltr'>se</span> <span class='ocrx_word' id='word_1_326' title='bbox 986 4295 1086 4371; x_wconf 86' lang='lat' dir='ltr'>parat,</span> <span class='ocrx_word' id='word_1_327' title='bbox 1119 4293 1151 4350; x_wconf 88' lang='lat' dir='ltr'>ut</span> <span class='ocrx_word' id='word_1_328' title='bbox 1180 4287 1370 4349; x_wconf 80' lang='lat' dir='ltr'>evidentibus</span> <span class='ocrx_word' id='word_1_329' title='bbox 1397 4294 1482 4368; x_wconf 80' lang='lat' dir='ltr'>patet</span> 
     </span>
    </p>
   </div>
   <div class='ocr_carea' id='block_1_4' title="bbox 288 4430 1480 4595">
    <p class='ocr_par' dir='ltr' id='par_1_4' title="bbox 288 4430 1480 4595">
     <span class='ocr_line' id='line_1_38' title="bbox 377 4430 1480 4505; baseline -0.006 -17"><span class='ocrx_word' id='word_1_330' title='bbox 377 4438 410 4505; x_wconf 85' lang='lat' dir='ltr'>u)</span> <span class='ocrx_word' id='word_1_331' title='bbox 426 4453 439 4487; x_wconf 92' lang='lat' dir='ltr'>a</span> <span class='ocrx_word' id='word_1_332' title='bbox 454 4437 564 4504; x_wconf 84' lang='lat' dir='ltr'>V.-d)</span> <span class='ocrx_word' id='word_1_333' title='bbox 579 4435 722 4488; x_wconf 87' lang='lat' dir='ltr'>solliditato</span> <span class='ocrx_word' id='word_1_334' title='bbox 730 4435 757 4487; x_wconf 93' lang='lat' dir='ltr'>V.</span> <span class='ocrx_word' id='word_1_335' title='bbox 778 4466 803 4473; x_wconf 97' lang='lat'><em>-</em></span> <span class='ocrx_word' id='word_1_336' title='bbox 821 4435 852 4502; x_wconf 80' lang='lat' dir='ltr'>r)</span> <span class='ocrx_word' id='word_1_337' title='bbox 868 4434 966 4485; x_wconf 85' lang='lat' dir='ltr'>fallavit</span> <span class='ocrx_word' id='word_1_338' title='bbox 979 4433 1008 4484; x_wconf 87' lang='lat' dir='ltr'>V.</span> <span class='ocrx_word' id='word_1_339' title='bbox 1026 4461 1056 4469; x_wconf 91' lang='lat'>-</span> <span class='ocrx_word' id='word_1_340' title='bbox 1073 4433 1107 4498; x_wconf 86' lang='lat' dir='ltr'>d)</span> <span class='ocrx_word' id='word_1_341' title='bbox 1122 4433 1162 4483; x_wconf 79' lang='lat' dir='ltr'>Fr.</span> <span class='ocrx_word' id='word_1_342' title='bbox 1179 4447 1218 4482; x_wconf 90' lang='lat' dir='ltr'>um</span> <span class='ocrx_word' id='word_1_343' title='bbox 1233 4430 1336 4482; x_wconf 85' lang='lat' dir='ltr'>llundc.</span> <span class='ocrx_word' id='word_1_344' title='bbox 1352 4459 1385 4468; x_wconf 89' lang='lat'><em>-</em></span> <span class='ocrx_word' id='word_1_345' title='bbox 1400 4431 1433 4498; x_wconf 85' lang='lat' dir='ltr'>e)</span> <span class='ocrx_word' id='word_1_346' title='bbox 1447 4431 1480 4483; x_wconf 78' lang='lat' dir='ltr'>ud</span> 
     </span>
     <span class='ocr_line' id='line_1_39' title="bbox 288 4517 1475 4595; baseline -0.006 -18"><span class='ocrx_word' id='word_1_347' title='bbox 288 4527 356 4578; x_wconf 85' lang='lat' dir='ltr'>leblt</span> <span class='ocrx_word' id='word_1_348' title='bbox 370 4525 397 4578; x_wconf 92' lang='lat' dir='ltr'>V.</span> <span class='ocrx_word' id='word_1_349' title='bbox 413 4525 487 4595; x_wconf 63' lang='grc' dir='ltr'>-ἣ</span> <span class='ocrx_word' id='word_1_350' title='bbox 510 4527 644 4579; x_wconf 75' lang='lat' dir='ltr'>devenerit</span> <span class='ocrx_word' id='word_1_351' title='bbox 659 4526 686 4577; x_wconf 88' lang='lat' dir='ltr'>V.</span> <span class='ocrx_word' id='word_1_352' title='bbox 705 4555 731 4563; x_wconf 44' lang='grc' dir='ltr'>-ν</span> <span class='ocrx_word' id='word_1_353' title='bbox 747 4525 781 4594; x_wconf 73' lang='lat'>9)</span> <span class='ocrx_word' id='word_1_354' title='bbox 798 4523 829 4575; x_wconf 87' lang='lat' dir='ltr'>ad</span> <span class='ocrx_word' id='word_1_355' title='bbox 845 4525 906 4592; x_wconf 88' lang='lat' dir='ltr'>imp.</span> <span class='ocrx_word' id='word_1_356' title='bbox 927 4539 967 4573; x_wconf 87' lang='lat' dir='ltr'>orn</span> <span class='ocrx_word' id='word_1_357' title='bbox 982 4521 1080 4574; x_wconf 79' lang='lat' dir='ltr'>Raude.</span> <span class='ocrx_word' id='word_1_358' title='bbox 1094 4550 1125 4558; x_wconf 88' lang='lat'>-</span> <span class='ocrx_word' id='word_1_359' title='bbox 1138 4518 1170 4587; x_wconf 85' lang='lat' dir='ltr'>d)</span> <span class='ocrx_word' id='word_1_360' title='bbox 1186 4519 1265 4573; x_wconf 86' lang='lat' dir='ltr'>ctiam</span> <span class='ocrx_word' id='word_1_361' title='bbox 1279 4537 1320 4572; x_wconf 88' lang='lat' dir='ltr'>aru</span> <span class='ocrx_word' id='word_1_362' title='bbox 1335 4517 1428 4572; x_wconf 81' lang='lat' dir='ltr'>llunclu</span> <span class='ocrx_word' id='word_1_363' title='bbox 1446 4519 1475 4570; x_wconf 84' lang='lat' dir='ltr'>ll.</span> 
     </span>
    </p>
   </div>
   <div class='ocr_carea' id='block_1_5' title="bbox 0 0 1556 5118">
    <p class='ocr_par' dir='ltr' id='par_1_5' title="bbox 0 0 1556 5118">
     <span class='ocr_line' id='line_1_40' title="bbox 0 0 1556 5118; baseline 0 1"><span class='ocrx_word' id='word_1_364' title='bbox 0 0 1556 5118; x_wconf 95' lang='lat' dir='ltr'> </span> 
     </span>
    </p>
   </div>
  </div>
 </body>
</html>
