3104 5112
272 321 349 392 348

268 516 327 558 non
344 495 439 559 solum
456 497 564 578 agitari
580 495 720 560 tluctibus
737 495 874 559 videatur
889 494 1022 558 fidelium
1039 493 1196 565 navicula,
1225 492 1279 556 sed
1302 493 1481 574 submergi,

269 603 327 666 nisi
360 604 541 669 clamoribus
572 609 603 667 ct
633 603 758 668 vocibus
787 605 893 668 saltem
925 603 1153 689 querulancium
1185 603 1351 672 excitatus,
1391 601 1483 684 genti
1528 675 1529 678 Ἴ

270 712 461 795 periclitanti,
484 713 614 796 longiori
636 713 708 775 licet
730 714 789 776 iam
813 733 895 777 mora
918 719 1083 796 protracta,
1107 711 1265 775 subveniat
1281 713 1480 774 festinanter.

269 821 345 884 Nam
361 821 439 904 ipso,
456 823 541 884 cuius
559 827 632 885 nutu
650 821 747 884 omnia
765 821 945 904 diriguntur,
969 824 1093 904 propter
1113 824 1242 903 peccata
1258 819 1430 889 hominnm,
1450 825 1483 881 ut

269 929 395 992 firmiter
410 931 572 1002 credimus,
589 933 792 1014 permittente,
809 930 938 994 barbare
961 929 1116 1002 naciones,
1138 949 1204 1014 que
1221 930 1312 1011 vulgo
1329 931 1482 992 Tartarea

271 1058 304 1099 sc
320 1039 482 1120 appeliant,
501 1038 537 1102 de
554 1041 643 1122 plaga
661 1040 798 1103 orientali
820 1040 910 1103 velud
927 1038 967 1126 β)
982 1039 1100 1102 locuste
1122 1059 1246 1102 numero
1272 1057 1308 1100 ac
1337 1039 1483 1100 multitu-

272 1146 341 1208 dine
369 1147 554 1228 prodeuntes
581 1148 670 1210 terris
698 1147 761 1216 sive
791 1149 895 1231 regnis
922 1147 1072 1230 Ungarie‚
1101 1149 1219 1211 scilicet
1246 1148 1357 1212 Bozzie
1375 1147 1421 1234 a)
1452 1151 1483 1209 ct

272 1254 411 1337 Brizsyc‚
445 1259 553 1319 castris
585 1255 765 1340 quibusdam
794 1261 824 1319 et
851 1257 1071 1321 municionibus
1100 1259 1250 1339 exceptis,
1286 1277 1346 1341 quc
1375 1257 1482 1320 adhuc

274 1363 393 1426 fortiter
414 1385 448 1427 se
471 1364 650 1436 defendunt,
677 1385 735 1428 non
758 1365 874 1450 absque
898 1371 1001 1449 strage
1028 1385 1225 1450 personarum
1253 1366 1481 1429 miserabilium

274 1471 397 1544 infinita,
422 1472 610 1558 depopulatis
628 1475 666 1562 b)
682 1475 797 1559 pariter
824 1480 854 1538 et
883 1475 1044 1540 destructis
1067 1480 1147 1540 terre
1170 1482 1272 1540 nostre
1296 1477 1408 1540 incolis
1428 1477 1482 1563 c),

272 1569 352 1668 quod
376 1604 435 1646 non
463 1584 528 1648 sinc
556 1605 665 1668 magno
694 1585 796 1649 dolore
825 1586 925 1650 cordis
947 1586 1127 1669 proterimus
1144 1587 1196 1674 d),
1219 1591 1315 1651 totum
1337 1593 1483 1651 nostrum

274 1713 402 1775 regnum
424 1693 502 1755 ultra
518 1693 689 1758 Danubium
705 1695 800 1779 proch
823 1695 923 1759 dolori
949 1700 1148 1778 occuparunt,
1171 1716 1207 1759 eo
1230 1697 1312 1780 quod
1333 1697 1482 1780 predicta

273 1821 349 1886 gens
371 1801 444 1866 nulli
467 1800 606 1866 videatur
627 1823 754 1888 parcere
777 1805 960 1876 condicioni,¹
982 1806 1066 1884 sexui
1088 1806 1135 1869 vel
1154 1806 1237 1877 etati,
1261 1804 1480 1869 universorum

245 1999 259 2009 .
276 1911 455 1995 sanguinem
467 1912 579 1975 siciens
593 1918 683 1995 atque
696 1919 831 1977 mortem.
842 1915 904 1978 Nos
921 1919 1021 1978 autem
1038 1913 1075 1978 dc
1092 1912 1240 1978 adiutorio
1257 1915 1480 1998 omnipotentis

273 2026 330 2090 Dei
358 2024 475 2098 contisi,
504 2027 640 2090 volentes
669 2032 700 2090 et
722 2026 753 2089 in
776 2026 874 2091 animo
896 2033 1040 2111 gerentes
1064 2027 1208 2091 resistere
1237 2031 1298 2090 tam
1325 2048 1480 2110 perverse

273 2134 457 2199 multitudini
485 2155 573 2198 manu
601 2136 682 2207 forti,
711 2142 780 2218 post
801 2135 936 2200 habitum
960 2157 1028 2200 cum
1050 2138 1094 2201 eis
1115 2137 1299 2207 conflictum,
1318 2157 1379 2199 non
1409 2139 1482 2201 sine

276 2245 362 2330 gravi
391 2251 421 2310 et
449 2245 621 2309 vchcmcnti
643 2266 842 2330 personarum
866 2251 896 2310 et
917 2267 1017 2311 rerum
1034 2246 1162 2318 iactura,
1185 2251 1369 2310 novercante
1385 2248 1480 2311 nobis

274 2358 404 2430 fortuna,
427 2355 477 2419 illc
506 2356 705 2420 succumbere
729 2378 784 2420 nos
806 2356 955 2442 permisit,
977 2356 1113 2441 peccatis
1136 2357 1247 2421 nostris
1265 2355 1477 2439 erigentibus,

277 2466 308 2529 in
324 2486 383 2551 quo
399 2463 624 2550 proieceramus
654 2486 772 2530 omnem
796 2467 958 2530 anchoram
981 2467 1047 2549 spei
1069 2471 1181 2530 nostre.
1216 2466 1371 2538 Ceterum,
1395 2468 1481 2530 sicut

277 2575 466 2658 percepimus
498 2573 638 2646 tirmiter,
676 2575 757 2638 circa
792 2573 974 2660 principium
1006 2576 1187 2639 imminentis
1219 2576 1336 2659 hyemis
1368 2597 1481 2641 versus

278 2683 460 2748 hiemaniam
477 2688 647 2766 proponunt
664 2684 832 2766 procedere
844 2682 1002 2766 gressibus
1014 2683 1177 2756 festinatis,
1191 2690 1350 2768 sperantes
1366 2686 1479 2749 exinde

278 2813 373 2876 regna
390 2797 420 2856 ct
437 2793 594 2855 universas
610 2791 781 2876 provincias
799 2813 958 2876 occupare.
989 2794 1063 2858 Cum
1080 2793 1173 2876 igitur
1189 2796 1220 2856 in
1236 2795 1294 2858 hac
1310 2800 1398 2880 parte
1417 2816 1479 2858 non

280 2903 377 2968 solum
400 2906 519 2976 nostra,
552 2903 606 2965 sed
628 2903 726 2966 tocius
748 2901 850 2987 populi
874 2900 1031 2965 christiani
1053 2903 1272 2987 quodammodo
1288 2924 1338 2966 res
1356 2909 1481 2986 agatur,

279 3014 348 3077 dum
377 3033 430 3097 pro
465 3017 552 3096 parte
582 3017 686 3075 noster
719 3011 819 3094 paries
847 3017 894 3076 cst
917 3031 1082 3083 accensus,
1104 3031 1247 3095 rogamus
1270 3019 1301 3076 et
1323 3011 1482 3078 hortamur

279 3121 495 3188 excellenciam
511 3128 655 3194 vestram,
671 3126 821 3207 quatenus
839 3121 878 3185 cb
902 3121 1106 3185 reverenciam
1128 3122 1256 3185 nominis
1271 3123 1346 3186 lesu
1364 3122 1479 3188 Christi

279 3251 463 3318 precumque
480 3237 649 3296 nostrarum
665 3230 834 3295 interventu
852 3236 957 3294 contra
973 3231 1095 3294 eosdem
1112 3231 1243 3315 perfidos
1258 3231 1290 3294 in
1307 3233 1477 3315 presidium

280 3346 425 3413 nostrum,
437 3341 527 3404 immo
540 3339 646 3424 pocius
657 3340 756 3403 tocius
769 3339 870 3424 populi
889 3338 1056 3411 christiani,
1073 3345 1208 3404 vestrum
1225 3340 1392 3424 dignemini
1410 3343 1475 3405 sine

280 3472 363 3516 more
386 3448 544 3536 dispendio
568 3448 740 3512 accelerare
761 3468 885 3514 cursum
906 3448 1020 3532 pariter
1043 3453 1074 3512 et
1102 3468 1279 3522 occursum,
1307 3450 1478 3516 subiectam

282 3561 368 3626 vohis
389 3559 611 3624 multitudinem
629 3558 667 3622 ad
689 3563 773 3622 tante
795 3556 917 3641 pietatis
946 3578 1022 3641 opus
1043 3557 1223 3622 inducentes
1247 3559 1477 3646 quibuscunque

282 3669 420 3757 poteritis
438 3668 595 3742 allectivis,
612 3675 645 3732 ut
661 3690 697 3732 cx
714 3690 749 3732 eo
767 3674 849 3732 extra
865 3669 1016 3740 meritum,
1033 3670 1113 3752 quod
1129 3668 1215 3732 vohis
1232 3670 1263 3731 in
1280 3690 1354 3734 casu
1370 3669 1479 3734 huius-

283 3781 363 3845 modi
380 3777 571 3843 cumulabitis
589 3779 667 3862 apud
683 3779 791 3852 Deum,
809 3799 863 3843 nos
880 3798 1001 3864 quoquc
1017 3778 1102 3842 vohis
1116 3778 1241 3861 proinde
1259 3781 1478 3845 constituamur

282 3891 321 3955 ad
337 3895 440 3974 grates
457 3894 487 3953 et
503 3890 608 3953 merita
624 3889 779 3953 debitores
799 3889 847 3977 p).

373 4055 407 4126 a)
431 4054 537 4111 scilicet
558 4053 656 4108 Ruscie
679 4056 706 4108 et
727 4053 848 4126 Pruseye
871 4053 899 4106 Z.
913 4082 949 4094 -
962 4055 994 4125 d)
1017 4053 1150 4124 populatis
1163 4051 1191 4106 Z.
1214 4053 1248 4108 de
1267 4052 1293 4108 in
1306 4053 1337 4109 V.
1356 4055 1479 4125 siberge-

282 4147 432 4204 schriebcn.
448 4178 478 4189 -
494 4147 526 4216 c)
540 4143 626 4200 incole
639 4145 672 4210 Z3
686 4143 707 4198 V
721 4145 847 4217 corrigirt
860 4145 960 4201 incolis.
979 4177 1008 4186 -
1024 4143 1059 4214 d)
1075 4145 1239 4216 proferimur
1252 4143 1284 4199 v.

375 4276 572 4346 Vergloichung
582 4273 887 4346 mitllormaerhronih
898 4291 946 4330 von
954 4275 1206 4346 tloheaschvangau
1215 4292 1242 4347 p.
1251 4274 1296 4330 db.
1310 4275 1344 4348 α)
1352 4277 1476 4334 Glorioso

286 4368 390 4424 domino
413 4367 547 4432 Conrado,
571 4368 597 4422 d.
620 4388 648 4441 g.
670 4367 708 4421 ill.
731 4368 788 4436 regi
809 4367 962 4421 Alemannis
985 4366 1049 4420 Bela
1073 4383 1126 4438 per
1151 4365 1261 4422 candem
1286 4384 1337 4422 rex
1362 4365 1477 4440 Ungarie

284 4461 399 4516 salutem
421 4464 450 4513 et
471 4464 589 4532 paratam
614 4460 649 4514 ad
671 4457 727 4512 eius
747 4456 914 4528 beneplacita
932 4455 1103 4512 voluntatem.
1123 4487 1156 4496 -—
1175 4455 1211 4529 β)
1231 4457 1304 4512 velut
1322 4459 1426 4514 locuste
1445 4475 1477 4514 cx

285 4552 393 4608 heremo
407 4552 569 4623 prodeuntes
582 4548 814 4622 maioreUngaria‚
828 4550 961 4620 bulgaria,
974 4549 1110 4613 Cumania,
1124 4550 1229 4611 lluscia,
1243 4565 1358 4604 necnon
1372 4551 1477 4606 Potonia
