3112 5118
642 575 703 644 33.

416 705 610 812 banormum
635 769 686 812 ren
712 747 922 811 cardinalibus.

512 877 514 880 ’
564 885 772 961 sanamus.

61 1051 155 1122 Konip
167 1049 276 1121 liudolf
285 1049 392 1120 fordert
403 1050 448 1104 die
460 1050 610 1104 Kardindle
622 1049 669 1103 mit
681 1051 740 1103 dem
753 1047 896 1102 Auedruclc
909 1048 957 1101 dea
971 1045 1125 1124 Scbmerxee
1138 1045 1202 1099 atbar
1214 1043 1266 1098 den

63 1141 121 1194 Tod
136 1141 265 1212 Grepor'c
275 1141 306 1194 X.
320 1140 377 1212 auf,
391 1139 436 1195 dic
448 1138 603 1212 Papatwabl
613 1158 646 1194 zu
659 1138 869 1208 leoctleuntpen.
884 1139 922 1190 ἢν
933 1135 1001 1190 bade
1013 1133 1073 1189 oieb
1085 1153 1133 1189 vor
1142 1135 1266 1205 empsom

58 1246 145 1300 gener
163 1229 390 1292 Todeeuacbndcbt
400 1249 449 1284 zur
461 1229 601 1300 Romfabrt
618 1227 803 1300 aopesoliolt,
826 1227 956 1282 nuomcbr
973 1227 1048 1281 wolde
1068 1243 1100 1279 er
1117 1224 1192 1292 ibre,
1216 1226 1266 1279 der

224 1320 381 1388 Kodroula,
395 1322 461 1375 oder
474 1322 522 1375 olea
535 1337 620 1374 omnen
633 1321 745 1392 Popetee
758 1317 950 1372 lnenactionen
963 1317 1105 1372 almarico.

162 1463 245 1518 Gerb.
259 1463 286 1527 2,
300 1462 343 1518 33.

157 1607 203 1670 Ex
230 1608 317 1671 horto
346 1609 500 1674 militantis
536 1611 666 1673 ecclesie
700 1611 857 1674 hortulano
886 1609 1021 1692 presigni
1052 1608 1195 1672 translato
1228 1608 1266 1670 ad

59 1714 178 1778 celicas
195 1716 384 1790 mansiones,
413 1717 511 1781 felicis
527 1718 671 1781 videlieet
692 1717 919 1782 recordacionis
936 1718 1056 1780 domino
1074 1717 1146 1780 Gne
1156 1715 1265 1798 gorio

60 1843 184 1886 summo
200 1822 354 1905 pontifice,
372 1825 457 1888 cuius
474 1827 636 1908 presencia
653 1826 781 1891 mundus
804 1827 908 1909 utique
931 1825 1090 1888 ridebatur
1113 1825 1265 1906 indignus,

59 1930 99 1994 ad
129 1931 268 2014 requiem
297 1939 439 2006 evocato,
466 1933 538 1998 licet
565 1935 596 1996 in
624 1934 751 1997 excelsis
780 1934 891 1998 exultet
918 1934 978 1996 iam
1005 1932 1142 2015 angelica
1178 1932 1266 1995 turba

60 2039 218 2111 celorum,
246 2039 316 2104 licet
342 2040 392 2103 illa
409 2059 607 2122 supernorum
624 2042 733 2105 ciuium
749 2041 839 2105 beata
856 2040 976 2124 agmina
992 2061 1046 2122 pro
1063 2045 1124 2104 tam
1140 2039 1265 2121 gloriosi

62 2146 203 2210 concivis
220 2166 349 2210 accessu
365 2148 500 2230 placidas
516 2150 581 2212 Deo
599 2149 760 2213 concinant
782 2149 961 2219 canciones,
978 2148 1094 2230 plangit
1110 2153 1211 2210 tamen
1235 2146 1265 2210 in

60 2254 156 2318 terris
173 2253 306 2318 fidelium
321 2255 410 2319 turba
426 2258 614 2321 terrestrium
630 2275 685 2338 pro
703 2257 841 2320 decessu.
870 2258 989 2338 Lugeat
1005 2253 1106 2337 itaque
1124 2255 1265 2318 Grecia

61 2384 119 2426 suo
139 2382 323 2427 conversore
339 2364 475 2446 propicio
493 2363 645 2436 desolata,
674 2384 742 2426 nam
765 2364 906 2446 dragma,
934 2382 993 2446 que
1014 2362 1106 2444 longo
1128 2368 1264 2444 tempore

59 2471 166 2535 fuerat
182 2471 312 2552 perdita,
326 2471 449 2535 lucerne
466 2493 519 2535 sue
533 2472 644 2536 lumine
663 2478 710 2535 est
725 2473 845 2536 inventa
857 2471 895 2558 ¹),
910 2476 940 2534 et
957 2471 1038 2544 ovis,
1068 2492 1125 2555 que
1143 2471 1194 2534 diu
1209 2490 1265 2552 per

58 2579 218 2643 desertum
235 2579 440 2644 indevocionis
457 2586 622 2653 erraverat,
639 2581 728 2662 gregi
745 2580 878 2643 sociatus
896 2580 1045 2644 dominico
1058 2600 1113 2662 per
1126 2579 1264 2650 eundem,

60 2708 144 2751 nunc
175 2687 358 2751 salutaribus
380 2689 411 2751 in
432 2688 559 2752 Domino
587 2690 710 2770 pascuis
733 2689 937 2776 enutritura).
970 2689 1109 2752 Educant
1130 2689 1264 2751 Latini

58 2795 255 2877 singultuosa
273 2797 403 2878 suspiria
419 2817 473 2878 pro
491 2797 645 2870 defuncto,
669 2817 795 2879 quorum
819 2817 920 2860 mores
945 2797 1153 2860 sanctissimus
1177 2801 1264 2878 pater

59 2903 143 2966 idem
160 2904 282 2968 virtutis
300 2904 408 2967 direxit
423 2905 453 2967 in
471 2905 656 2968 semitam-et
673 2906 787 2970 salutis.
821 2907 967 2987 Plangant
991 2911 1021 2968 et
1043 2907 1156 2969 ululent
1172 2925 1263 2986 super

60 3033 95 3075 se
112 3013 243 3094 insuper
260 3032 362 3075 omnes
379 3012 476 3076 tribus
492 3018 574 3075 terre
591 3014 619 3101 ³)
639 3013 675 3076 de
692 3015 788 3096 patris
806 3013 1012 3077 subtractione
1029 3013 1136 3086 fidelis,
1151 3013 1204 3076 sed
1220 3013 1262 3075 illi

57 3120 233 3204 potissime,
250 3121 300 3202 qui
317 3126 470 3202 assumpto
487 3121 605 3184 vivifice
622 3122 721 3185 crucis
738 3121 905 3185 victorioso
923 3121 1080 3202 signaculo
1105 3121 1160 3184 sub
1179 3122 1261 3185 eius-

58 3229 129 3292 dem
162 3228 262 3311 patris
298 3247 405 3291 securo
440 3228 550 3292 ducatu
582 3234 687 3293 contra
717 3229 911 3311 blasphemos
943 3229 1071 3293 nominis
1104 3230 1260 3292 christiani

57 3342 207 3420 potenter
222 3336 380 3418 insurgere
403 3336 575 3418 gestiebant
593 3337 632 3424 1).
666 3337 797 3401 Prodeat
818 3336 911 3419 igitur
935 3338 992 3400 iste
1014 3339 1153 3420 planctus
1178 3357 1261 3401 com-

54 3446 156 3509 munis
186 3443 218 3506 in
246 3463 364 3507 omnem
392 3449 504 3507 terram
527 3450 558 3506 et
580 3444 610 3507 in
632 3443 707 3506 fines
733 3444 814 3508 orbis
836 3445 1007 3508 huiusmodi
1031 3445 1117 3508 dolor
1137 3446 1259 3510 lamenti

53 3553 219 3636 proveniat
235 3558 266 3614 et
282 3552 464 3624 descendat,
495 3555 563 3634 quia
579 3555 654 3617 tanti
670 3553 764 3634 patris
789 3572 916 3616 occasus
939 3554 1099 3617 multorum
1122 3554 1260 3635 deposcit

52 3661 218 3755 lacrimas,
259 3660 308 3741 qui
346 3680 450 3722 omnes
491 3661 624 3742 exemplo
655 3661 850 3725 beatitudinis
883 3660 1061 3725 affluencius
1101 3662 1312 3750 irrigabat-M
1325 3711 1375 3751 4¹0,

78 3977 105 4040 1)
122 3981 202 4024 Lucas
217 3977 256 4030 15,
267 3976 289 4022 8.

76 4059 102 4122 ³)
120 4059 170 4106 nul
186 4060 238 4104 dem
264 4073 310 4106 von
333 4061 427 4118 (drogon
443 4062 472 4106 X.
490 4061 553 4107 1274
569 4076 598 4106 zu
616 4063 680 4118 Lyou
703 4062 875 4120 abgehaltenen
893 4063 1024 4109 Concilium
1043 4065 1123 4109 wurdc
1141 4065 1179 4108 dle
1197 4065 1257 4108 Ver-

116 4143 234 4200 cinigung
250 4140 293 4185 der
312 4141 427 4188 Grlcclren
445 4143 486 4186 init
502 4143 546 4186 der
563 4141 846 4188 r·dmiscb·lratbolisehcn
865 4145 952 4191 llirclre
970 4146 1170 4204 ausgesproclreu.

79 4226 104 4285 ⁸)
122 4224 280 4281 Apocalypsis
295 4222 316 4279 1,
331 4224 353 4267 7.

77 4303 101 4366 ⁴)
119 4305 200 4350 buron
223 4303 263 4348 dle
285 4315 361 4360 ganne
383 4303 518 4362 Thatigkoit
541 4305 653 4363 Gregor's
675 4306 701 4350 X·
728 4303 790 4349 ziebt
813 4306 864 4351 sich
888 4307 920 4350 als
948 4306 1063 4350 leilcnder
1085 4307 1196 4352 Godanle
1218 4309 1255 4353 dic

116 4386 294 4442 Verbereilnng
316 4397 345 4428 nu
366 4385 441 4430 einem
463 4387 617 4442 Ki'ellzzuge‚
640 4385 686 4430 irad
708 4385 752 4430 der
773 4387 853 4444 lldnig
876 4387 965 4432 liudolf
984 4387 1069 4442 solbat,
1092 4388 1167 4432 sowic
1190 4389 1255 4433 seina

117 4465 242 4512 Gemablin
264 4467 312 4512 und
333 4467 395 4510 niele
411 4465 470 4512 Edle
493 4467 625 4527 emplingcn
648 4482 676 4512 zu
693 4468 815 4512 Lausanne
838 4481 874 4513 nm
891 4469 913 4512 b.
934 4469 1038 4514 October
1061 4470 1122 4514 1276
1143 4482 1184 4515 nus
1209 4470 1257 4521 deu

117 4547 214 4593 lllnden
233 4545 275 4592 des
292 4545 390 4603 Papsles
408 4547 448 4591 das
466 4547 552 4592 Kreun.
