3112 5118
265 323 340 393 lud

263 494 323 556 sint
340 493 481 555 audiendi
498 493 574 554 tales
592 492 677 554 etad
694 509 874 553 consensum
898 491 1027 574 aliquem
1049 487 1243 562 admittendi,
1273 493 1323 574 qui
1354 491 1454 555 cuius-

262 602 341 683 piam
370 600 499 663 animum
527 599 758 681 attemptacione
787 598 950 679 pulsando,
974 599 1070 660 Deum
1093 597 1263 670 offendunt,
1295 598 1455 661 ecclesiam

263 708 442 772 katholicam
460 706 674 776 scandalizant,
691 705 776 768 euius
793 711 934 785 satagunt
950 725 1058 768 vexare
1076 706 1224 788 quietem,
1242 711 1285 769 tot
1301 704 1456 768 laboribus

264 820 469 898 procreatam,
499 820 528 877 et
552 813 631 875 illum
656 813 759 875 dolose
789 815 996 895 supplantant,
1026 832 1115 896 quem
1145 813 1317 877 difficilibus
1347 814 1457 876 iniuste

266 942 357 986 cause
374 919 622 1002 inplicacionihus
639 919 790 982 involvere
802 921 979 990 moliuntur,
1005 940 1072 982 cum
1086 939 1140 982 sue
1153 922 1271 983 fortune
1287 920 1458 1002 dispendio,

265 1031 382 1094 iactura
399 1027 609 1098 consciencie,
639 1026 766 1108 dampno
783 1028 882 1097 fame,
911 1033 941 1090 et
957 1027 1074 1110 imperii
1090 1027 1231 1109 populum
1255 1027 1460 1092 Christianum

268 1137 453 1200 confundere
482 1135 630 1215 gestiunt,
658 1139 691 1196 ut
718 1134 770 1215 qui
797 1135 984 1216 lampacem
1011 1135 1146 1217 imperii,
1174 1138 1321 1199 redeunte
1349 1141 1460 1216 pacate

150 1245 379 1329 12,1,35„quietis
407 1243 488 1324 oepit
515 1234 609 1324 nuper
636 1241 809 1312 commodo,
837 1243 998 1314 reflorere,
1033 1243 1174 1306 recidivis
1201 1263 1320 1306 rursum
1349 1242 1460 1304 belliee

269 1351 457 1435 tempestatis
481 1349 649 1421 doloribus,
676 1350 845 1413 dissicetur.
869 1350 955 1413 Absit
976 1359 1076 1413 tamen
1099 1350 1309 1413 nichilominus
1331 1371 1350 1413 a
1373 1350 1460 1413 nobis

271 1481 307 1523 ea
323 1459 477 1524 varietatis
501 1464 572 1520 nota
596 1463 626 1521 et
649 1477 684 1520 ea
706 1457 914 1520 inconstancia
935 1457 1086 1530 vanitatis,
1109 1459 1189 1548 quod
1205 1459 1243 1522 ab
1260 1458 1372 1524 codem
1386 1477 1461 1537 rege

269 1569 416 1632 ullatenus
439 1572 622 1637 avertamur,
651 1565 857 1647 qualecunque
881 1565 936 1637 sit,
965 1565 1069 1646 gracie
1100 1566 1265 1646 apostolice
1300 1572 1331 1628 et
1362 1564 1463 1630 auxilii

270 1674 365 1738 nostri
387 1673 585 1755 patrocinium
607 1671 821 1744 subtrahendo,
844 1673 929 1734 cuius
952 1673 1088 1754 spiritum
1109 1673 1191 1735 Deus
1214 1675 1244 1734 in
1267 1671 1464 1735 necessitatis

271 1783 398 1848 articulo
415 1781 587 1853 suscitavit,
616 1785 707 1843 uteo
731 1787 884 1863 tempore,
914 1800 973 1862 quo
991 1782 1080 1844 sedes
1103 1781 1285 1864 apostolica,
1314 1781 1463 1843 advocato

272 1899 303 1956 et
335 1891 495 1953 defensore
533 1888 679 1968 legittimo
717 1889 878 1961 destituta,
921 1888 1058 1971 improba
1096 1888 1324 1971 persecucionis
1361 1888 1464 1970 inique

271 1996 428 2082 tyrannide
444 1996 648 2077 premebatur,
670 1995 701 2057 in
717 2000 799 2059 tanto
817 1995 988 2058 discrimine
1005 2001 1087 2060 esset
1104 1995 1245 2058 defensor
1262 2001 1292 2057 et
1307 1999 1466 2076 protector

271 2106 436 2189 apostolice
468 2104 625 2168 libertatis.
664 2105 790 2192 Propter
818 2105 915 2187 quod,
936 2110 970 2170 ut
995 2105 1195 2188 presumitur,
1220 2105 1304 2167 Deus
1327 2103 1367 2165 de
1390 2101 1466 2164 celis

274 2213 403 2297 despicit
424 2232 515 2294 super
535 2213 618 2284 illos,
640 2213 690 2294 qui
714 2233 747 2275 se
770 2213 915 2275 adversus
938 2213 1017 2275 hunc
1041 2214 1181 2276 extollere
1204 2234 1262 2276 non
1284 2212 1464 2280 formidant,

274 2343 380 2409 quem
395 2321 561 2384 fidelium
582 2320 799 2402 principum
821 2321 1036 2402 legittimus
1053 2321 1229 2403 approbavit
1245 2337 1465 2383 consensus

275 2438 306 2495 et
322 2429 504 2513 apostolicus
520 2429 606 2491 lavor
621 2428 784 2509 assumpsit
800 2429 945 2510 imperiali
969 2428 1095 2491 culmine
1118 2428 1346 2491 sublimandum.
1380 2425 1467 2488 Absit

277 2558 395 2626 quoque
409 2536 446 2599 ah
461 2537 538 2599 omni
552 2535 712 2608 katholico,
725 2543 757 2600 ut
770 2537 907 2600 scindere
921 2537 1114 2624 querentibus
1126 2538 1212 2620 regni
1226 2533 1469 2600 christianissimi

277 2646 476 2731 principatum
494 2649 524 2705 et
540 2644 570 2705 in
586 2646 702 2726 prelato
715 2663 789 2725 rege
802 2645 1025 2707 ordinacionem
1042 2645 1141 2707 divine
1157 2643 1355 2728 providencie
1372 2642 1470 2722 impe-

278 2753 343 2817 dire
361 2749 551 2833 cupientibus
569 2751 755 2834 aliquatenus
773 2728 961 2835 acquiescat.
995 2753 1057 2815 Nos
1080 2753 1199 2835 itaque,
1231 2751 1314 2813 circa
1340 2750 1469 2812 eundem

278 2881 383 2943 regem
408 2859 609 2922 ordinacionis
638 2860 736 2922 divine
764 2861 952 2944 propositum
981 2867 1012 2924 et
1039 2862 1247 2924 ecclesiastice
1274 2857 1469 2941 probacionis

279 2969 421 3034 iudicium
443 2965 626 3031 indeficienti
648 2987 684 3029 ac
701 2967 854 3030 indelessa
877 2968 1051 3031 constancia
1066 2969 1209 3050 prosequi
1226 2968 1356 3032 finaliter
1371 2967 1472 3028 inten-

281 3079 405 3148 dentes,
433 3077 545 3158 ipsum,
563 3081 704 3159 tanquam
726 3083 863 3140 vocatum
880 3097 897 3140 a
914 3079 1051 3148 Domino,
1067 3079 1098 3140 in
1113 3078 1280 3144 Romanum
1301 3077 1471 3159 principem

280 3185 443 3268 imperialis
460 3184 574 3248 honore
591 3185 777 3266 dyadematis
794 3187 927 3267 proximo
952 3187 1133 3269 disponimus
1159 3186 1330 3249 sublimare.
1364 3187 1469 3268 Igitur,

282 3302 315 3359 ut
331 3294 409 3358 nulla
425 3294 613 3375 relinquatur
629 3295 749 3356 occasio
773 3299 877 3356 contra
899 3293 987 3356 huius
1010 3300 1112 3357 nostre
1134 3293 1314 3369 intenciopis
1340 3295 1472 3358 studium

282 3402 393 3487 aliquid
424 3401 455 3462 in
486 3399 579 3481 ipsius
607 3401 689 3481 regis
716 3400 914 3482 preiudicium
941 3402 1161 3484 adtemptandi:
1199 3402 1379 3466 electionem
1411 3404 1473 3464 sive

282 3510 520 3576 nominacionem
535 3509 581 3571 vel
597 3509 837 3592 assumpcionem
854 3516 1124 3594 quantamcunque,
1143 3511 1179 3573 de
1196 3510 1252 3573 alio
1268 3517 1473 3593 presumptam

283 3621 331 3683 vel
347 3618 442 3680 eciam
458 3615 699 3698 presumendam‚
723 3638 758 3679 ex
779 3637 858 3680 nunc
880 3636 998 3680 cassam
1020 3623 1050 3680 et
1071 3617 1230 3701 reprobam
1250 3618 1474 3700 promulgamus

285 3734 391 3791 ettam
408 3745 486 3797 eum,
503 3725 554 3806 qui
570 3730 671 3807 preter
691 3745 795 3806 regem
812 3727 960 3808 prelatum
977 3745 1012 3786 cx
1028 3727 1247 3798 nominacione,
1263 3725 1414 3789 electione
1429 3725 1475 3790 vel

285 3831 495 3914 assumpcione
513 3832 711 3914 quorumlibet
726 3832 785 3894 sihi
801 3833 989 3913 usurpaverit
1005 3854 1113 3896 nomen
1128 3833 1222 3914 regis,
1235 3853 1324 3915 quam
1343 3854 1409 3905 cos,
1426 3833 1476 3916 qui

286 3964 354 4012 eum
375 3940 563 4023 receperint,
592 3939 913 4004 excommunicacionis
935 3941 1070 4004 volumus
1088 3947 1119 4004 et
1136 3941 1324 4004 decernimus
1350 3963 1386 4005 eo
1411 3943 1476 4025 ipso

287 4051 442 4116 sentencie
470 4048 635 4110 subiacere.
681 4047 829 4129 Quocirca
855 4049 1082 4112 universitatem
1112 4053 1241 4111 vestram
1272 4065 1416 4130 rogamus
1448 4048 1478 4111 in

285 4160 414 4224 Domino
444 4162 473 4224 et
500 4155 670 4226 hortamur,
698 4175 753 4238 per
779 4155 945 4239 apostolica
973 4156 1085 4238 scripta
1113 4156 1308 4227 mandantes,
1330 4162 1478 4239 quatenus

288 4269 457 4350 iniquorum
469 4263 698 4328 ‘seductionibus
715 4283 806 4344 super
826 4264 983 4344 premissis
1005 4270 1136 4326 vestrum
1159 4265 1288 4327 animum
1311 4264 1479 4328 nullatenus

288 4375 457 4444 inclinetis,
475 4371 530 4434 sed
546 4371 642 4434 eidem
657 4371 740 4451 regi,
762 4376 912 4454 tamquam
929 4371 1047 4434 Christo
1063 4372 1207 4442 Domino,
1234 4371 1364 4453 principi
1380 4377 1479 4436 vestro

293 4483 440 4546 adherere
456 4483 596 4561 potenter
610 4479 723 4559 pariter
739 4483 768 4539 et
783 4485 929 4560 patenter.
964 4477 997 4542 si
1013 4479 1091 4540 enim
1110 4499 1145 4540 ex
1161 4477 1350 4542 amonicione
1368 4485 1480 4550 nostra,
