3168 5124
668 538 822 610 hastatas
838 545 876 612 te
891 546 1167 634 dispensantibus
1183 549 1233 636 a)·

854 669 982 719 distinctio
993 675 1031 720 Xl.

442 801 499 868 Est
518 812 617 872 autem
641 808 828 893 dispensacio
851 813 1033 896 quandoid,
1052 812 1130 897 quod
1147 833 1183 876 ex
1198 811 1263 875 iure
1281 834 1340 876 non
1356 813 1517 884 conceditur,

350 909 438 976 immo
466 914 565 978 verius
592 918 775 1000 prohibetur,
792 942 828 984 ex
849 923 950 1004 gracia
968 922 1130 1005 superioris
1153 920 1327 986 admittitur.
1350 921 1388 986 Et
1413 921 1517 985 trahitur

347 1017 418 1090 illud
431 1043 538 1094 nomen
550 1025 588 1094 ab
600 1027 649 1095 illo
667 1029 882 1114 dispensatore,
897 1033 946 1116 qui
960 1033 1062 1115 gracia
1074 1033 1178 1117 plenus
1195 1052 1250 1114 per
1266 1031 1371 1094 fideles
1386 1030 1516 1096 ministros

349 1159 420 1206 suos
452 1159 573 1205 munera
606 1140 756 1206 distribuit
789 1148 818 1207 et
850 1142 1013 1225 dispensat.
1060 1143 1099 1206 Et
1130 1141 1303 1214 sciendum,
1343 1142 1422 1225 quod
1454 1143 1516 1206 solus

345 1247 495 1314 Romanus
510 1248 652 1332 pontifex,
670 1250 738 1334 quia
754 1251 834 1314 solus
850 1250 985 1315 interris
1001 1251 1080 1333 gerit
1096 1249 1328 1316 sollicitudinem
1344 1251 1407 1313 ueri
1418 1251 1477 1323 Del,
1495 1251 1515 1312 iu

344 1359 503 1442 potestatis
520 1364 567 1424 est
581 1358 764 1440 plenitudiue
782 1360 978 1433 constitutus,
1006 1365 1037 1426 et
1053 1379 1155 1424 secum
1171 1358 1361 1443 patriarche,
1390 1357 1517 1442 archiopi-

347 1467 433 1552 scopi
450 1474 482 1533 et
497 1468 632 1552 episcopi
648 1468 679 1533 in
694 1474 809 1550 partem
826 1468 1033 1534 sollicitudinis
1050 1476 1120 1534 sunt
1135 1471 1291 1553 assumpti.

433 1575 678 1661 Dispensaeionis
695 1575 734 1665 l]
749 1578 850 1660 plures
866 1584 934 1642 sunt
950 1577 1084 1661 species:
1109 1597 1167 1642 una
1184 1585 1232 1642 cst
1255 1598 1322 1644 cum
1347 1579 1474 1644 dominus
1488 1578 1515 1666 e)

344 1707 437 1771 papa,
465 1687 514 1750 cui
540 1686 599 1750 hoc
627 1686 721 1750 solum
749 1686 898 1769 conpetit,
926 1686 1081 1771 dispensat
1109 1708 1200 1771 super
1222 1688 1359 1771 pluribus
1381 1688 1514 1753 beneficiis

346 1797 528 1870 obtinendis,
545 1815 646 1859 euram
659 1795 822 1858 animarum
837 1795 1026 1861 habentibus.
1049 1799 1122 1861 Item
1139 1789 1330 1880 dispensatur
1348 1819 1437 1882 super
1455 1797 1516 1862 reei-

344 1907 461 1993 piendis
473 1906 569 1969 saeris
582 1905 735 1969 ordinibus
743 1925 810 1968 omn
823 1925 858 1969 eo
865 1905 1016 1978 uidelicet,
1025 1906 1074 1990 qui
1081 1907 1160 1971 torte
1173 1928 1209 1969 err
1217 1907 1339 1971 deiectu
1348 1907 1390 1991 d)
1396 1907 1514 1972 natalium

343 2023 426 2081 esset
441 2017 471 2080 in
488 2014 648 2079 ecelesiam
664 2014 830 2077 nullatenus
846 2014 1057 2078 admittendus.
1091 2015 1153 2080 Sed
1170 2015 1394 2100 archiepiscopi
1416 2024 1444 2081 et
1468 2014 1516 2099 cpi·

341 2126 426 2210 scopi
454 2145 522 2188 cum
545 2123 608 2187 suis
636 2122 763 2188 subditis
786 2124 817 2187 in
832 2122 940 2187 talibus
964 2124 1138 2206 dispensare
1155 2131 1299 2208 possunt,
1320 2126 1375 2189 ubi
1398 2145 1517 2210 expresso

339 2234 482 2319 prohibiti
498 2255 558 2299 nou
574 2238 716 2296 curantur
732 2230 779 2319 ε).
812 2234 885 2296 ltem
902 2232 1093 2315 dispensatur
1109 2253 1201 2316 super
1216 2233 1400 2318 quibusdam
1421 2236 1517 2316 irregu-

279 2335 281 2338 ’
340 2344 524 2416 laritatibus,
551 2347 655 2424 utpote
684 2361 741 2425 que
769 2362 805 2404 ex
827 2340 1002 2423 ignoraneia
1029 2344 1076 2406 vel
1093 2342 1282 2424 negligencia
1300 2345 1515 2408 committuntur.

340 2453 510 2518 Notandum
525 2457 636 2523 autem,
654 2451 732 2534 quod
748 2451 779 2513 in
796 2451 1075 2534 dispensacionibus
1091 2452 1220 2534 plurium
1235 2451 1450 2518 beneficiorum
1464 2454 1514 2516 loco

341 2563 525 2647 captacionis
541 2561 747 2625 benivolencia
764 2563 835 2644 poni
852 2561 943 2625 debet
958 2562 1070 2645 aliquid
1087 2563 1125 2625 de
1147 2562 1327 2626 auctoritate
1353 2572 1385 2628 et
1405 2564 1516 2628 liberali-

335 2679 399 2738 tate
416 2673 498 2736 sedis
514 2671 689 2754 apostolice,
707 2676 737 2733 et
753 2671 798 2733 sic
814 2670 853 2734 ad
875 2671 1169 2734 commendacionem
1184 2671 1279 2754 ipsius
1300 2693 1449 2754 persone,
1464 2693 1514 2738 curu

340 2804 398 2867 qua
420 2783 611 2865 dispensatur
631 2781 678 2844 rel
700 2780 738 2843 ad
758 2780 1002 2845 recordacionem
1030 2780 1241 2864 obsequiorum
1256 2782 1388 2848 verrituur.
1409 2781 1515 2848 ·Deiude

339 2913 430 2956 eausa
445 2892 581 2975 ponitur,
609 2911 667 2974 epra
684 2890 872 2973 dispensacio
888 2890 1093 2963 concluditur,
1109 2890 1168 2955 boc
1184 2895 1283 2955 tamen
1300 2900 1439 2967 servato,
1454 2891 1516 2977 quod

337 3003 569 3088 dispensationis
592 3002 695 3074 rerba,
711 3001 859 3084 premissa
874 3001 932 3064 hac
958 3001 1108 3083 positione
1139 3003 1342 3075 „auctoritate
1357 3004 1415 3068 Dei
1438 3001 1515 3066 omui·

332 3114 463 3196 potentis
481 3119 511 3176 et
526 3112 728 3195 apostolorum
744 3112 809 3175 eius
825 3108 906 3175 Petri
923 3116 954 3174 et
968 3111 1070 3174 Pauli“
1089 3110 1257 3175 nullatenus
1274 3112 1465 3196 negligantur
1477 3110 1514 3192 t).

335 3221 408 3286 ltem
421 3221 452 3284 in
463 3220 759 3310 dispensacionibus
770 3218 1124 3308 irregularitatumloco
1137 3218 1514 3302 captationisbenivolencie

334 3331 404 3414 poni
427 3331 504 3396 solet
518 3329 559 3414 c)
574 3329 687 3413 aliquid
709 3329 747 3393 de
767 3329 880 3412 pietate
908 3337 940 3394 et
965 3329 1173 3394 misericordia
1187 3327 1229 3417 h)
1246 3331 1329 3393 sedis
1359 3330 1515 3414 apostohce,

334 3443 441 3508 deiude
472 3443 587 3506 narrari
619 3441 710 3505 debet
739 3441 852 3505 factum
890 3447 920 3504 et
957 3439 1002 3504 sic
1034 3442 1226 3524 dispensacio
1255 3443 1454 3508 concluditur.
1481 3475 1514 3490 -

334 3551 508 3636 Exemplum
526 3553 563 3616 de
580 3551 726 3615 omnibus.

382 3757 579 3840 lllspeasaele
595 3775 687 3840 saper
701 3755 976 3838 lrrcgalarltatlbas
993 3756 1158 3820 eaatraetts
1171 3773 1209 3820 er
1225 3756 1418 3837 negligencia
1432 3752 1476 3818 rol

841 3867 1027 3948 ignaraaela
1553 3899 1555 3968 t

426 4025 592 4108 Gregorius
624 4047 648 4088 s.
679 4048 703 4089 s.
731 4026 787 4091 uer
817 4025 927 4090 eruero
955 4027 986 4089 rr
1013 4026 1132 4090 consto
1160 4025 1220 4089 ruo
1241 4025 1274 4088 o.
1297 4025 1350 4088 uu
1379 4019 1516 4109 propono
1553 3973 1555 4130 J

331 4138 468 4200 salutem.
501 4136 588 4201 Sicut
613 4135 724 4201 ueteris
752 4135 922 4201 testamenti
945 4136 1112 4219 prohibicio
1140 4134 1301 4200 habentem
1327 4136 1471 4199 maculam
1492 4130 1515 4192 iu

332 4243 418 4309 oculo
430 4242 477 4307 rel
493 4243 565 4306 alias
578 4245 609 4308 iu
625 4241 773 4319 menbris,
790 4245 918 4310 debilem
934 4246 979 4309 rel
997 4250 1184 4309 contractum
1196 4245 1227 4308 in
1240 4249 1344 4309 sancta
1358 4221 1515 4309 sanctorum
1552 4239 1554 4312 ξ

421 4408 456 4479 a)
469 4408 537 4464 uisa
550 4408 616 4464 Xlll.
628 4410 659 4464 V.
673 4439 707 4449 -
721 4409 753 4480 b)
768 4406 987 4481 dispensaciouea
1004 4411 1035 4465 V.
1048 4440 1084 4450 -
1096 4411 1129 4480 c)
1149 4407 1256 4464 domino
1268 4410 1299 4464 V.
1313 4439 1346 4448 -
1361 4409 1398 4480 d)
1419 4405 1518 4463 dohech
1551 4315 1554 4440 i

328 4501 359 4649 ζ.
377 4532 405 4649 *ι
414 4502 456 4650 ze)
474 4502 625 4575 probantur
637 4504 665 4557 Ζ.
684 4533 721 4542 -
737 4501 770 4573 f)
790 4501 944 4574 negligatur
956 4503 987 4557 V.
1007 4533 1041 4542 —
1052 4495 1096 4578 V)
1112 4503 1194 4559 debet
1205 4505 1234 4557 Ζ.
1248 4532 1281 4542 -
1294 4501 1326 4574 b)
1344 4493 1517 4557 misericordis
1551 4511 1553 4604 p

354 4611 391 4650 .a
436 4635 443 4650 .
1551 4605 1553 4622 ⁴

1550 4831 1552 4906 l
