3120 5126
843 666 917 732 vl.

490 831 631 947 Incipit
651 833 895 947 prohemium
918 833 957 920 in
980 863 1079 950 opus
1101 864 1284 950 sequens.

381 1025 546 1090 Elucidatis
563 1025 601 1089 ab
617 1017 708 1089 inicio
724 1028 831 1089 tamin
855 1047 967 1109 genere
984 1047 1071 1111 quam
1087 1030 1117 1091 in
1134 1031 1235 1112 specie
1250 1030 1316 1102 his,
1345 1049 1408 1114 que
1425 1035 1504 1094 tam

295 1138 331 1200 de
349 1137 518 1200 substantia
534 1156 623 1218 quarn
639 1132 857 1218 sollempnitate
875 1143 944 1200 sunt
961 1139 1096 1219 epistole,
1110 1145 1140 1202 et
1151 1145 1256 1221 postea
1270 1141 1506 1204 domonstratis

293 1245 475 1328 quarundam
483 1243 523 1326 a]
529 1245 680 1306 literarum
688 1246 802 1316 formis,
811 1265 869 1327 que
882 1245 914 1307 in
927 1247 1191 1330 curiisprincipum
1204 1248 1267 1311 dari
1281 1249 1391 1320 solent,
1406 1271 1505 1312 nunc

294 1354 331 1416 de
349 1353 489 1436 epistola,
516 1358 605 1435 prout
621 1359 668 1415 est
682 1353 712 1415 in
729 1354 775 1416 sui
791 1353 885 1436 ipsius
903 1355 1057 1427 esseneia,
1085 1355 1205 1420 realiter
1228 1363 1258 1420 et
1274 1357 1508 1438 exemplariter

296 1463 465 1534 rideamus,
494 1462 631 1544 ponendo
660 1462 777 1524 scilicet
803 1463 942 1526 formas
971 1462 1185 1538 literarum,
1219 1485 1277 1548 que
1310 1465 1505 1528 missiles

297 1568 453 1639 dicuntur,
487 1568 591 1630 circa
623 1587 776 1650 quarum
815 1570 1083 1650 cognicionem
1119 1571 1320 1652 presentis
1352 1572 1503 1653 operis

297 1675 577 1758 principaliter
607 1683 786 1741 versatur
817 1677 1004 1749 intencio,
1038 1697 1073 1740 eo
1096 1679 1175 1762 quod
1191 1681 1286 1761 magis
1313 1679 1504 1743 habeantur

304 1787 333 1846 in
350 1805 405 1846 usu
419 1785 495 1865 apud
513 1784 681 1847 modernos.
699 1786 795 1848 Primo
811 1787 912 1870 itaque
928 1794 1079 1868 ponuntur
1092 1787 1178 1849 litere
1194 1787 1325 1870 papales,
1342 1793 1505 1870 tanquam

299 1892 485 1975 spirituales,
503 1892 635 1954 secundo
652 1893 862 1974 imperatorum
876 1893 915 1975 b)
932 1899 961 1957 et
976 1914 1083 1984 regam
1098 1895 1312 1966 Romanorum,
1339 1900 1504 1978 tanquam

299 2003 463 2072 seculares,
480 2006 548 2082 post
563 2000 620 2062 hec
636 2000 805 2064 libertatum
820 2001 918 2073 litere,
935 2002 1036 2064 ultimo
1053 2002 1138 2065 litere
1154 2004 1321 2083 generales.

742 2205 771 2266 A.
788 2203 889 2267 Littera
904 2204 1034 2282 papales.

789 2416 791 2420 .
880 2371 912 2438 1.

561 2512 641 2592 Papo
655 2511 808 2591 prortnclc
824 2510 861 2572 od
879 2510 965 2572 dden
981 2512 1208 2592 suscipiendam.

301 2671 352 2724 Eia
374 2673 460 2742 Papat
489 2669 611 2740 (Grcqor
629 2668 711 2736 IX.?)
738 2667 859 2738 fordert,
886 2676 962 2721 anter
983 2668 1154 2740 Hinweieunq
1182 2669 1235 2739 auf
1257 2669 1301 2723 die
1320 2669 1504 2742 Niclttiplceit

297 2745 432 2814 irdiacher
456 2761 553 2820 ceter,
582 2759 639 2812 cine
663 2755 849 2812 Gesommtdeit
871 2757 1067 2828 (universitas)
1090 2759 1157 2830 auf,
1185 2759 1272 2812 durch
1296 2760 1403 2814 Beiclzte
1428 2761 1501 2816 ihre

302 2848 467 2904 Verbreohen
489 2867 520 2902 zo
547 2848 648 2901 adhaere
668 2849 726 2902 und
753 2849 803 2902 den
826 2847 1027 2920 Ermodnunyen
1048 2851 1096 2904 dea
1121 2850 1351 2914 Ordeuadrudera,
1380 2852 1434 2906 den
1460 2873 1499 2908 er

539 2939 592 3010 auf
602 2939 647 2993 ihr
667 2941 813 3010 Verlaayen
826 2938 871 2993 ile·
882 2941 965 2993 sende
971 2980 982 3005 ,
999 2939 1090 2993 Gehdr
1101 2959 1133 2994 aa
1145 2941 1236 3012 peden.

385 3067 477 3131 Lucis
495 3073 596 3130 eterne
619 3068 729 3130 lumine
752 3067 914 3130 destitutus
929 3067 1053 3139 lueiser,
1084 3068 1198 3131 caduca
1216 3067 1356 3149 superbia
1371 3086 1495 3149 procu-

295 3180 391 3246 rante,
400 3174 463 3237 celo
473 3173 783 3257 continerinequiens,
791 3194 825 3236 eo
834 3174 1064 3257 quodperpetue
1078 3175 1213 3238 cecitatis
1227 3175 1368 3238 tenebras
1380 3176 1494 3239 incur-

295 3285 388 3347 risset
396 3288 426 3346 et
435 3282 867 3366 comperditusacperditionis
876 3281 1011 3346 minister
1024 3282 1148 3346 effectus
1158 3284 1205 3368 c),
1213 3284 1412 3366 neademptas
1427 3285 1492 3346 sibi

296 3393 420 3456 delicias
434 3393 632 3474 sempiternas
645 3392 741 3473 possit
764 3391 943 3454 conditionis
958 3392 1087 3455 humane
1104 3392 1233 3474 dignitas
1251 3393 1394 3474 adipisci,
1413 3394 1490 3476 quia

295 3502 391 3565 solent
405 3501 506 3564 miseri
519 3501 717 3582 prosperitate
733 3499 865 3563 felicium
879 3501 1019 3571 cruciari,
1031 3500 1110 3563 illam
1125 3501 1156 3563 in
1168 3501 1345 3583 profundum
1358 3500 1490 3583 perfidie

294 3611 332 3673 ab
340 3608 696 3673 altitudinefideideicere
705 3607 820 3679 nititur,
828 3615 860 3670 ut
872 3609 902 3670 in
913 3608 1010 3671 lacum
1025 3629 1078 3670 sue
1090 3609 1209 3671 miserie
1224 3609 1397 3680 deducatur,
1407 3611 1489 3672 esti-

295 3739 379 3781 mans
392 3737 447 3799 per
461 3718 519 3779 hoc
534 3716 749 3800 dampnationis
766 3737 820 3778 sue
837 3716 985 3779 cumulum
1001 3716 1154 3788 minorari,
1172 3737 1238 3780 eum
1256 3717 1350 3781 soleat
1361 3717 1488 3782 afflictis

246 3807 247 3810 Ἴ
298 3806 446 3914 quoddam
476 3829 582 3892 afferre
604 3828 742 3892 solatium
758 3834 843 3910 grata
859 3827 977 3891 miseris
1005 3829 1135 3892 societas
1163 3829 1348 3892 miserorum.
1382 3829 1487 3910 Quare

294 3939 518 4003 universitatem
548 3944 678 4001 vestram
701 3940 855 4001 hortamur
877 3939 908 4000 in
930 3938 1048 4000 domino
1071 3938 1145 4001 lesu
1168 3938 1303 4009 Christo,
1332 3944 1485 4020 quatenus

294 4068 441 4110 memores
465 4049 643 4119 existentes,
683 4047 763 4130 quod
797 4046 894 4109 omnia
922 4051 1078 4108 transeunt
1098 4047 1186 4109 velud
1207 4047 1311 4109 umbra
1334 4052 1363 4110 et
1390 4047 1487 4112 nichil

292 4160 323 4222 in
351 4157 463 4221 divitiis
489 4158 635 4220 retinetur
661 4160 762 4239 preter
789 4156 835 4227 id,
870 4155 948 4237 quod
974 4157 1005 4217 in
1032 4155 1189 4218 thesauros
1218 4157 1345 4219 celestes
1374 4175 1484 4220 manus

295 4268 432 4330 deferunt
449 4285 622 4348 egenorum,
636 4264 673 4326 de
683 4263 830 4327 habendis
843 4263 947 4326 amodo
964 4262 1120 4326 fallacibus
1136 4264 1238 4326 mundi
1255 4263 1364 4326 divitiis
1381 4264 1486 4349 decipi

390 4413 423 4480 a)
440 4411 614 4481 quarundam,
627 4427 677 4464 von
691 4407 804 4462 anderer
816 4408 890 4462 lland
903 4425 943 4461 am
956 4408 1048 4461 Rando
1060 4409 1089 4461 V.
1110 4439 1143 4448 —-
1157 4408 1188 4473 h)
1203 4407 1346 4462 Correctur
1359 4409 1479 4464 andercr

301 4503 376 4558 lland
389 4504 431 4559 fdr
444 4505 622 4575 inperatorum
637 4502 666 4554 V.
680 4529 715 4540 ·-
729 4499 759 4569 c)
775 4503 849 4554 esset
862 4517 893 4552 uu
906 4505 1046 4570 anganseo.
