3116 5124
313 313 390 384 118

397 488 452 540 Dor
486 485 563 540 Briel
578 502 611 538 au
647 485 698 538 den
734 484 820 555 lionig
855 485 890 536 ist
925 483 984 537 dem
1022 499 1055 535 an
1091 483 1140 536 das
1175 480 1280 551 Capitol
1318 477 1365 532 der
1395 475 1474 530 lldlner

309 577 405 630 llirehe
429 578 476 630 mit
501 575 549 630 der
574 572 749 644 conjunctiora
776 590 837 628 vero
862 573 1000 644 angesngt.
1036 575 1143 642 llangen
1168 589 1199 624 so
1225 572 1268 626 die
1292 570 1384 625 beiden
1404 567 1475 623 llriele

309 683 471 730 zusammen,
502 683 533 720 so
564 665 632 720 fehlt
659 663 778 719 odenber
802 665 846 718 die
871 663 1036 732 Einleitnng,
1067 666 1093 717 iu
1119 665 1235 718 welcher
1262 662 1312 716 der
1334 663 1411 731 Papst
1430 657 1477 713 den

307 758 546 829 lionigmittheilt‚
572 773 602 812 er
625 757 694 810 oder
714 757 771 810 sein
794 757 949 828 Vorgtnger
972 757 1041 810 hehe
1055 755 1115 808 dem
1128 754 1233 824 Capitol
1256 752 1396 824 folgenden
1418 750 1477 804 Briel
1489 800 1496 824 x

307 851 490 920 gnsehriehen.
500 881 529 890 -
539 850 601 904 Wes
614 866 668 904 nnn
682 849 734 902 den
749 847 835 902 lnhnlt
849 847 896 902 dee
910 847 1014 902 Briel'ee
1029 847 1136 917 angoht,
1153 864 1183 901 so
1199 846 1303 901 hezieht
1316 862 1344 899 er
1357 844 1409 898 sieh
1421 843 1476 896 wohl
1533 910 1535 915 γ

308 941 357 994 aus
376 941 421 995 die
440 941 643 1012 Streitigieiten
665 939 797 994 eaisehen
820 939 922 994 hadolf
937 940 990 994 und
1010 937 1069 992 dem
1092 939 1258 994 Errhisthnm
1282 937 1365 997 Colo,
1391 935 1474 988 welche

305 1032 390 1086 durch
411 1032 533 1087 Rndoll's
554 1031 700 1102 Kriegszug
722 1032 756 1084 im
779 1029 900 1085 Sommer
922 1029 993 1084 1282
1017 1027 1143 1098 heendigt
1164 1031 1274 1084 worden
1298 1030 1350 1083 und
1364 1025 1475 1083 dher-den

310 1124 357 1176 des
372 1120 526 1177 chronicon
539 1121 730 1176 lillenherdihl.
739 1121 770 1176 G.
784 1122 835 1176 SS.
849 1121 892 1182 17,
902 1121 953 1174 125
967 1108 1117 1192 Fulgendee
1135 1121 1280 1178 herichtet:
1294 1123 1358 1176 Post
1371 1121 1418 1173 hee
1428 1120 1475 1172 eol·
1545 1123 1546 1126 ’

308 1216 378 1267 leeto
398 1214 519 1267 exereitn
532 1230 642 1283 magno,
661 1214 773 1267 retraxit
791 1213 825 1264 de
846 1215 967 1266 manihue
987 1212 1186 1282 archiepiscopi
1199 1211 1364 1267 coloniensis
1382 1210 1477 1266 nobilio·

307 1317 373 1361 strue
393 1313 482 1361 eastra
500 1305 599 1360 Werde
613 1312 641 1360 et
653 1307 786 1361 Koehemn
807 1311 835 1360 et
856 1306 985 1362 radicitus
1006 1305 1104 1360 evulsit
1126 1315 1243 1360 oestrum
1258 1306 1397 1370 Rieneehe,
1418 1303 1477 1380 qnod
1532 1370 1533 1376 ἵ

304 1405 364 1453 erat
386 1398 484 1454 domini
509 1401 543 1453 de
555 1399 713 1454 llohenvele.
738 1399 829 1470 Vergl.
838 1417 893 1454 wne
906 1398 1033 1452 Boehmer
1046 1399 1113 1468 lleg.
1122 1398 1183 1454 inde
1196 1399 1229 1452 eh
1250 1397 1322 1452 1216
1336 1403 1388 1453 ete.
1401 1417 1425 1470 p.
1437 1396 1479 1450 tlt

308 1470 433 1544 hieriher
445 1491 704 1561 zusammengeotellt
715 1489 768 1543 hat.
785 1521 817 1528 -
831 1491 879 1544 dm
893 1488 935 1542 17.
955 1488 1057 1558 August
1072 1487 1142 1542 1282
1156 1505 1213 1542 war
1234 1489 1282 1543 der
1300 1489 1396 1544 Friede
1412 1487 1479 1558 vollig
1544 1486 1546 1492 ’

305 1581 477 1650 tergerent,
500 1580 569 1634 deno
589 1597 621 1634 an
641 1580 742 1635 diesem
761 1580 834 1646 Tege
868 1581 974 1636 sehrieh
993 1579 1096 1635 liudolf
1111 1579 1170 1635 dem
1190 1581 1294 1651 lidenige
1313 1582 1420 1636 Eduard
1439 1598 1479 1635 uon

304 1670 439 1743 duginnd:
460 1689 519 1724 narn
537 1672 682 1725 venerabili
697 1671 847 1726 Coloniensi
866 1672 1072 1743 archiepiscopo
1086 1689 1137 1744 pro
1151 1671 1254 1726 honore
1267 1672 1375 1742 imperii
1389 1673 1479 1727 sineere

301 1766 329 1814 et
342 1761 447 1830 integre
461 1765 553 1816 nostre
565 1762 651 1831 gratie
664 1764 823 1828 reformato,
845 1764 871 1814 iu
884 1763 960 1833 paeis
974 1768 1002 1816 et
1014 1763 1212 1834 tranquillitatis
1228 1765 1392 1826 amoenitate
1405 1765 1481 1836 respi-

300 1858 361 1906 rant
374 1854 462 1906 omnia
474 1859 563 1908 nostre
575 1853 678 1908 eredit·
690 1855 831 1924 potestati.
844 1855 942 1926 ltymer
955 1855 1078 1909 Foedera
1091 1856 1111 1918 l,
1123 1854 1187 1910 209.

799 2044 907 2160 Ι8.

529 2224 607 2304 lopo
621 2222 675 2286 toll
692 2223 847 2318 provintie
864 2221 902 2285 od
918 2220 1004 2286 ddem
1020 2181 1247 2305 surripiendum.

797 2377 868 2434 1218
880 2379 951 2434 hltirn
967 2379 990 2432 1.

294 2529 423 2582 Iunonem
435 2527 452 2580 1
456 2529 480 2581 V.
497 2525 604 2596 fordert
617 2525 717 2580 dedeo
730 2525 793 2596 oof,
812 2525 871 2580 eieh
892 2527 987 2597 toufen
999 2547 1031 2581 au
1049 2529 1139 2582 tuanen
1151 2529 1208 2583 ond
1218 2530 1271 2582 den
1283 2528 1481 2601 &mohnunpen

513 2620 562 2671 dee
573 2636 606 2672 ou
618 2615 698 2670 ilmen
710 2617 857 2684 peaundten
869 2615 998 2687 Biaohofe
1009 2617 1068 2673 eioh
1079 2621 1263 2674 zuzuuenoeo.

383 2765 508 2828 Creator
532 2764 629 2828 tonius
646 2769 800 2835 creature,
823 2763 904 2826 Deus
928 2770 958 2827 et
979 2764 1086 2838 homo,
1115 2767 1153 2829 ad
1174 2767 1329 2831 introitum
1347 2769 1435 2851 regni
1450 2768 1482 2852 o)

293 2874 414 2937 celestis
432 2895 487 2938 nos
503 2891 688 2955 regenerans
706 2877 736 2934 et
752 2873 783 2934 in
800 2871 982 2935 ablutionem
999 2872 1037 2960 h)
1055 2875 1210 2938 eriminum
1225 2875 1383 2958 baptisma
1405 2877 1482 2942 nohis

293 3004 493 3055 eonseorans,
526 2981 617 3046 lesus
646 2981 793 3053 Christus,
816 2981 956 3066 idemque
984 2983 1130 3046 assistens
1159 2985 1294 3066 pontifex
1323 2989 1482 3052 futurorum

291 3093 453 3170 honorum,
490 3093 589 3155 laetus
628 3089 774 3153 obediens
806 3091 844 3178 e)
876 3111 973 3176 usque
1016 3093 1054 3155 ad
1086 3099 1229 3166 mortem,
1266 3116 1325 3179 per
1367 3097 1482 3180 amplius

292 3208 322 3266 et
343 3202 509 3285 perfectius
531 3200 773 3271 tabernaculum,
802 3201 882 3283 quod
904 3222 963 3263 non
986 3207 1049 3264 erat
1066 3203 1154 3265 huius
1177 3205 1365 3280 creationis,
1394 3227 1481 3289 neque

163 3323 170 3327 “
289 3333 344 3395 per
381 3311 557 3394 sanguinem
594 3309 754 3391 hyrcorum
779 3307 820 3392 d)
844 3315 894 3372 aut
931 3309 1105 3383 vitulorum,
1144 3312 1198 3373 sed
1235 3333 1290 3395 per
1335 3315 1482 3400 proprian

289 3422 465 3503 sanguinem
482 3417 616 3482 introivit
632 3420 724 3480 semel
742 3417 772 3479 in
795 3418 961 3506 sanetae),
990 3424 1095 3482 eterna
1123 3421 1333 3504 redemptione
1357 3425 1480 3496 inventa,

290 3552 378 3616 quam
413 3531 451 3594 ah
485 3535 588 3593 eterno
628 3526 714 3591 nohis
750 3526 781 3589 in
817 3548 850 3590 se
892 3527 1110 3591 conlidentibus
1148 3533 1332 3614 preparavit,
1374 3538 1405 3600 id
1442 3539 1483 3598 est

289 3639 517 3706 confessoribus
544 3640 605 3701 vite
634 3658 705 3710 sue,
733 3637 765 3698 in
787 3656 844 3720 qua
868 3659 923 3700 nos
945 3639 976 3701 in
998 3639 1196 3721 adopoiunem
1218 3641 1350 3708 liliorum
1368 3665 1482 3710 suorum

289 3774 325 3816 ex
342 3751 516 3815 diversitate
533 3749 673 3832 genoium
696 3748 837 3811 adunavit
859 3747 896 3810 ad
917 3749 1045 3812 suturam
1063 3749 1205 3831 gloriam,
1222 3753 1259 3815 de
1276 3756 1417 3820 tenebris
1434 3777 1481 3819 nos

287 3881 401 3926 vocans
418 3860 448 3922 in
470 3857 645 3922 adrnirahile
665 3857 764 3919 lumen
793 3877 894 3930 suum,
922 3857 1095 3941 redemptos
1119 3880 1171 3922 suo
1188 3860 1226 3948 e)
1243 3868 1397 3946 sanguine
1419 3888 1483 3950 pre-

287 3971 381 4034 oioso.
399 3969 444 4032 Ad
461 3967 545 4031 euius
562 3965 657 4049 glorie
674 3965 939 4048 partieipaeionem
951 3969 1066 4041 ¹vocati,
1083 3973 1115 4032 ut
1132 3968 1269 4044 diximus
1287 3976 1483 4040 communiter

286 4086 417 4145 vestram
433 4078 658 4142 universitatem
680 4077 846 4140 vocandam
863 4078 998 4141 duximus
1016 4085 1046 4142 et
1068 4081 1250 4162 rogandam,
1280 4093 1433 4167 quatenus
1449 4085 1483 4150 ad

376 4261 409 4330 o)
430 4260 504 4328 regie
523 4261 550 4313 z.
576 4289 608 4300 -
628 4259 660 4329 d)
684 4261 846 4315 ablutionum
870 4262 899 4317 V.
913 4291 949 4304 -
963 4263 995 4332 e)
1012 4266 1060 4322 tut.
1082 4265 1143 4320 hon.
1164 4267 1229 4323 leot.
1249 4269 1329 4326 obed.
1344 4271 1380 4336 ῖς
1401 4273 1432 4328 V.
1445 4287 1482 4327 am

286 4351 387 4409 hande.
403 4384 433 4395 -
450 4353 484 4422 d)
497 4350 613 4410 ironrum
625 4351 654 4406 Z.
667 4379 703 4392 -
715 4351 748 4422 e)
762 4368 826 4410 auos
839 4353 866 4408 Z.

287 4491 614 4504 -ss—-un-—n

317 4552 341 4616 ¹)
353 4555 397 4614 au.
414 4554 437 4602 h.
454 4554 520 4602 Pauli
538 4554 567 4601 ed
584 4555 653 4602 aene.
665 4555 689 4614 o,
703 4555 741 4604 tl·
753 4557 791 4608 12.
