3100 5116
1197 315 1276 392 395

74 474 167 534 tatem
185 471 390 536 exaudicionis
406 474 540 556 graciam
558 481 588 539 et
606 476 745 544 effectum
763 480 827 544 eius
845 484 925 567 quod
942 483 1120 550 desiderant
1139 509 1279 553 merean-

76 583 135 651 tur,
154 600 212 642 nos
230 581 364 663 ipsorum
379 582 541 648 humilibus
557 587 701 667 precibus
717 587 851 655 inclinati
868 591 926 679 β),
949 614 1003 678 pro
1026 595 1152 679 speciali
1174 598 1277 680 garama

76 688 157 754 hane
181 690 257 772 ipsis
279 691 450 756 libertatem
472 694 636 768 tradimus,
665 697 808 762 traditam
832 706 863 764 et
878 699 1062 790 {concessam
1090 708 1278 772 auctoritatis

76 798 164 880 regie
182 805 213 864 et
228 802 378 883 presentis
395 802 511 867 decreti
526 804 689 869 munimine
711 807 938 884 confirmamus,
962 814 1042 898 quod
1066 836 1151 878 nemo
1169 816 1278 881 civium

76 908 209 974 civitatis
223 909 261 997 p)
273 909 311 975 Ν.
330 911 487 996 utriusque
504 934 592 978 sexus
610 919 692 980 cutm
710 917 837 981 eandem
854 919 1006 985 civitatem
1019 923 1054 1010 d)
1067 929 1149 989 stare
1166 925 1278 990 iudicio

76 1019 289 1102 compellatur,
306 1020 370 1084 sire
386 1021 477 1094 realis
494 1022 558 1087 sive
574 1023 690 1107 penalis
706 1026 754 1089 vel
772 1027 868 1092 eciam
885 1027 926 1112 a)
942 1033 1121 1114 personalis,
1144 1056 1198 1099 seu
1222 1035 1279 1099 alia

75 1133 184 1192 contra
216 1129 313 1210 ipsum
345 1149 524 1215 quecunque
558 1134 637 1197 aetio
673 1139 876 1218 attemptetur.
905 1139 992 1203 Unde
1025 1143 1051 1203 si
1077 1144 1144 1226 quis
1173 1149 1278 1207 contra

74 1256 258 1320 quemquam
288 1238 396 1302 civium
424 1241 629 1323 predictorum
659 1243 820 1327 quidquam
848 1245 990 1312 habuerit
1020 1251 1166 1323 actionis,
1199 1252 1276 1318 illam

74 1366 181 1411 coram
198 1346 298 1412 iudice
316 1348 447 1413 ciuitatis
465 1351 599 1414 eiusdem
616 1351 690 1416 iuris
707 1354 812 1417 ordine
828 1364 1030 1441 prosequatur
1046 1359 1087 1446 ε).

168 1511 331 1581 Erganuung
354 1529 415 1566 aus:
438 1512 526 1582 Hugo,
540 1515 588 1568 Die
610 1515 813 1588 Madiatlsirung
838 1517 889 1574 der
914 1519 1061 1576 deutschen
1088 1522 1276 1579 Reichsstttdte

72 1619 99 1673 p.
117 1599 184 1656 249.
202 1601 358 1673 Rudolphus
379 1603 427 1657 Dei
448 1605 532 1674 gratia
553 1605 726 1662 Romanorum
745 1623 792 1664 rex
810 1627 832 1663 s.
851 1611 882 1666 Α,
896 1611 1034 1668 Universis
1048 1615 1152 1686 imperii
1166 1613 1276 1670 Romani
1374 1601 1377 1606 ⁴

73 1692 201 1748 fidelibus
221 1700 361 1766 presentes
383 1695 475 1750 literas
494 1695 655 1767 inspecturis
675 1700 793 1770 graciam
811 1718 884 1756 suam
904 1709 931 1756 et
950 1722 1027 1758 omne
1046 1707 1152 1760 bonum.
1176 1707 1209 1778 α)
1228 1707 1276 1761 dil.

72 1783 170 1841 fideles
191 1788 278 1841 nostri
300 1788 372 1842 cives
394 1787 540 1841 Hellenses.
567 1819 597 1830 -
622 1787 659 1861 β)
682 1791 742 1844 incl.
765 1795 883 1847 volumus
906 1800 941 1848 et
968 1824 996 1834 -
1022 1793 1055 1865 q)
1079 1797 1219 1854 Hallensis.
1240 1828 1272 1836 -

71 1873 101 1944 d)
115 1876 277 1931 llallensem.
293 1907 329 1916 -
342 1875 370 1948 ε)
390 1877 458 1932 Nulli
479 1895 545 1949 ergo
566 1879 670 1933 omnino
689 1880 824 1937 hominum
842 1883 918 1938 buius
939 1885 1021 1938 nostri
1043 1887 1145 1941 decreti
1159 1887 1276 1955 graciam

74 1965 156 2020 liceat
177 1968 341 2039 infringere,
368 1968 408 2022 vel
430 1969 518 2024 eidem
541 1969 566 2022 in
590 1969 680 2042 aliquo
703 1987 771 2026 ausu
793 1975 936 2029 temerario
960 1975 1112 2042 contraire3
1137 1979 1208 2046 quod
1231 1977 1276 2048 qui

1 2057 2 2060 ’
73 2058 166 2114 tacere
184 2061 381 2132 presumpserit
399 2079 507 2132 gravem
526 2066 618 2117 nostre
638 2064 786 2118 malestatis
804 2066 982 2122 offensam'se
1001 2070 1106 2122 noverit
1123 2069 1275 2124 incurrisse.
1330 2113 1335 2120 .

72 2150 134 2206 Dat.
155 2151 317 2222 Nurenberg
335 2151 353 2204 7
372 2152 431 2206 Kal.
456 2153 595 2208 Februarii
615 2154 709 2210 lndiet.
729 2157 777 2209 lV¹
796 2173 819 2208 a.
843 2159 874 2211 l).
895 2157 974 2213 1276.
1000 2157 1084 2229 Regni
1107 2176 1170 2212 vero
1189 2161 1275 2214 nostri

73 2259 143 2297 anno
158 2242 184 2296 3.

651 2453 715 2525 48.

2 2643 3 2648 ’
73 2629 178 2692 llam
201 2623 368 2712 prisllcgll,
394 2647 453 2710 qus
477 2628 725 2712 archiepiscopus
751 2631 909 2694 condrust
938 2630 1137 2698 collscloncm
1165 2634 1275 2698 laetam

581 2741 773 2805 monasterio.

167 2898 236 2961 Etsi
253 2898 382 2962 numinis
400 2898 493 2963 divini
511 2898 678 2982 disposicio
694 2901 772 2961 Inter
795 2899 926 2964 cultores
949 2899 1014 2982 agri
1038 2901 1085 2964 sui
1101 2921 1156 2962 nos
1173 2900 1275 2982 dispo-

75 3009 190 3079 suerit,
217 3008 290 3072 licet
311 3008 495 3081 immeritos,
525 3006 693 3079 numerari,
721 3007 759 3069 ad
783 3007 981 3072 edificandum
1004 3009 1034 3071 in
1050 3009 1099 3072 illo
1115 3009 1229 3092 pariter
1245 3015 1277 3072 et

69 3117 281 3200 plantandum,
298 3118 418 3182 iusticie
435 3121 537 3183 tamen
561 3137 616 3181 nos
640 3115 775 3180 debitum
798 3122 926 3190 coartat,
950 3122 984 3182 ut
1007 3119 1051 3181 sic
1068 3118 1099 3180 in
1115 3119 1275 3181 structuris

72 3227 188 3292 nostris
205 3233 237 3290 et
252 3226 493 3311 plantacionibus
510 3228 614 3310 gracie
626 3225 809 3290 beneficium
826 3226 1031 3300 extendamus,
1048 3248 1085 3290 ne
1102 3227 1154 3291 uni
1171 3227 1274 3309 gracie

67 3336 222 3400 solvamus
245 3335 412 3409 beneficio,
441 3336 521 3419 quod
543 3335 630 3400 alteri
647 3357 683 3399 ex
699 3337 773 3401 iuris
791 3335 892 3400 debito
915 3335 1080 3410 debeatur,
1109 3342 1142 3400 ut
1168 3337 1273 3418 gracie

68 3443 254 3509 beneficium
283 3445 321 3509 ad
349 3446 503 3510 sinistram
526 3466 585 3508 non
609 3445 747 3510 dexteret
770 3452 801 3510 et
822 3446 896 3509 iuris
914 3445 1048 3509 debitum
1064 3446 1102 3509 ad
1119 3445 1272 3510 dexteram

66 3575 128 3619 non
158 3554 305 3620 sinistret.
340 3555 414 3619 Cum
441 3555 541 3638 igitur
561 3555 711 3639 hospitale
734 3555 771 3619 N.
797 3555 835 3620 ad
857 3556 915 3619 hoc
938 3575 956 3619 a
977 3554 1185 3620 fundatoribus
1210 3555 1272 3618 suis

66 3663 228 3728 fundatum
256 3649 347 3729 fuerit
377 3670 407 3728 et
436 3669 663 3734 constructum,
696 3670 728 3726 ut
754 3669 841 3746 grata
870 3666 1104 3728 sustentacionis
1136 3663 1271 3728 subsidia
1281 3679 1325 3718 rol·
1335 3679 1388 3720 aas.

66 3778 246 3857 prestentur
277 3773 389 3837 ibidem
425 3773 608 3858 pauperibus
647 3778 678 3836 et
720 3773 862 3846 infirmis,
914 3774 1122 3858 recipiantque
1160 3773 1271 3837 solacia

66 3883 224 3976 viatores:
241 3881 366 3945 illustris
379 3881 408 3945 N
410 3929 430 3956 .‚
442 3882 606 3965 prudenter
618 3883 787 3956 attendens,
801 3883 882 3969 quod
896 3884 963 3966 plus
981 3882 1110 3948 debitori
1127 3883 1271 3952 ereditur,

67 3993 120 4077 qui
132 4011 190 4075 per
203 3991 374 4054 soluciones
386 3993 583 4075 particulares
601 4013 659 4056 non
674 3992 786 4074 ingerit
802 3991 991 4056 incommoda
1008 3993 1162 4064 creditori,
1179 3991 1271 4074 priori
1384 4013 1388 4020 ·

68 4107 99 4167 et
115 4096 262 4163 fratribus
276 4098 354 4162 dicti
369 4098 538 4182 hospitalis,
562 4099 613 4184 qui
630 4101 674 4163 sic
691 4101 902 4165 universaliter
917 4101 1045 4165 Domino
1062 4101 1272 4184 persolverunt

69 4209 191 4282 debita,
220 4213 253 4272 ut
281 4228 336 4272 nec
359 4208 417 4271 sibi
440 4207 567 4271 liberum
588 4207 745 4273 arbitrium
765 4217 968 4282 reservarent,
986 4210 1099 4275 dictum
1119 4209 1270 4293 hospitale

157 4355 194 4424 a)
215 4353 271 4408 eive
291 4351 395 4422 penalis
415 4352 456 4407 rel
479 4353 562 4406 ceiam
581 4352 651 4408 feblt
669 4353 696 4405 in
716 4352 775 4406 dem
793 4353 864 4408 nach
884 4352 945 4407 dem
967 4353 1086 4423 original
1106 4354 1268 4425 gegebenen

71 4448 198 4503 Abdruels
228 4445 274 4501 bei
302 4446 378 4513 llugo
406 4442 460 4496 und
487 4442 591 4496 scheint
621 4443 672 4496 mir
701 4443 760 4498 eine
787 4443 970 4514 Vermuthung
1000 4444 1048 4497 des
1073 4443 1269 4498 Abscbreibers

68 4557 99 4594 zu
119 4539 185 4596 sein.
