3116 5124
304 319 382 392 138

301 513 462 585 innovavit,
479 520 510 578 et
524 515 657 596 puericie
673 521 724 578 tue
739 515 885 598 primitias
901 537 1004 579 eornm
1021 516 1174 598 deputavit
1196 517 1345 601 exequiis,
1370 537 1483 599 quorum

300 621 454 705 obsequiis
470 623 634 686 secundnm
650 625 714 687 iura
732 631 837 688 nature
850 625 943 688 iurari
962 625 1108 689 debuerat
1126 645 1162 688 ac
1182 626 1341 690 sollicitius
1360 627 1484 690 enutriri.

300 731 409 794 Verum
436 738 523 814 pater
549 733 820 795 misericordiarum
849 741 879 796 et
894 735 1039 797 Dominus
1067 737 1159 798 totius
1183 737 1420 807 consolacionis,
1443 737 1485 819 qui

300 841 473 904 consolatur
494 863 549 905 nos
565 842 595 903 in
612 842 692 904 omni
707 841 904 906 tribulacione
921 851 1034 915 nostra,
1051 851 1081 906 et
1093 843 1148 906 tibi
1171 864 1264 927 super
1278 845 1340 908 boc
1358 844 1488 907 consola·

299 951 418 1012 cionem
434 949 542 1014 obtulit
568 951 744 1022 salutarem,
774 956 805 1014 et
832 951 862 1013 in
884 973 921 1015 eo
940 952 994 1015 tibi
1018 954 1180 1018 salubriter
1203 953 1372 1024 consuluit,
1388 953 1419 1014 in
1435 971 1486 1035 quo

299 1059 381 1122 nisus
408 1061 507 1123 inerat
533 1067 563 1124 te
579 1060 792 1144 aliquantulum
819 1080 926 1144 aspere
943 1063 1076 1127 visitare.
1110 1065 1202 1136 Sane,
1231 1085 1269 1126 ne
1293 1065 1319 1125 si
1351 1066 1486 1145 parceret

299 1167 395 1250 virge,
426 1169 590 1232 secondum
613 1170 813 1240 Salomonem,
835 1170 988 1235 rideretur
1009 1171 1122 1244 odisse,
1161 1179 1212 1235 aut
1249 1173 1276 1233 si
1307 1179 1344 1234 te
1361 1170 1404 1258 a)
1436 1191 1488 1233 non

183 1300 217 1338 ru
235 1301 262 1337 ss
269 1299 290 1338 a.
300 1279 478 1360 corriperet,
493 1279 653 1342 inlanciam
669 1285 749 1342 tuam
767 1299 784 1341 a
807 1299 860 1342 sna
882 1279 1042 1344 dilectione
1064 1281 1240 1344 ostenderet
1255 1281 1402 1350 alienam,
1419 1279 1490 1362 qnia,

300 1392 379 1454 iuxta
407 1390 609 1454 testimonium
636 1409 724 1453 sacre
749 1391 913 1472 scripture,
942 1412 1018 1474 quos
1039 1399 1119 1456 amat
1135 1393 1235 1474 arguit
1252 1399 1283 1455 et
1300 1391 1447 1472 castigat,
1462 1396 1490 1451 ut

299 1499 378 1583 quod
393 1506 424 1562 te
440 1500 591 1581 inprimis
607 1499 737 1560 inlancie
758 1505 809 1560 lue
830 1499 916 1561 annis
932 1499 1023 1562 lilium
1040 1501 1198 1584 adoptaret
1213 1501 1409 1570 ostenderet,
1425 1499 1488 1560 dum

299 1608 388 1671 etatis
405 1615 456 1671 tue
472 1608 635 1689 primitias,
659 1607 906 1689 quemadmodum
930 1608 1042 1672 dictum
1065 1615 1122 1679 est,
1145 1608 1326 1681 mirabiliter
1352 1607 1486 1671 visitarit.

299 1717 338 1780 m
361 1723 459 1780 autem
482 1716 512 1778 id
534 1714 722 1778 evidentibus
750 1715 870 1776 indiciis
895 1716 1132 1788 demonstraret,
1154 1736 1262 1798 papam
1279 1717 1336 1802 b),
1354 1716 1489 1779 ricarium

300 1846 397 1896 suum,
424 1825 461 1888 ad
491 1825 637 1887 cautelam
660 1833 740 1888 tuam
759 1832 855 1888 mater
882 1825 1011 1889 ecclesia
1034 1826 1204 1907 deputavit,
1226 1827 1325 1907 patris
1345 1826 1490 1888 defectum

300 1942 384 2017 patre
401 1935 550 2016 digniore,
566 1934 731 1996 secundum
744 1955 863 1997 suarum
880 1935 1110 1998 miseracionum
1128 1935 1366 2008 multitudinem,
1384 1956 1492 1998 recom-

297 2065 440 2128 pensans,
477 2051 507 2107 et
544 2049 669 2107 matrem
705 2043 764 2106 tibi
802 2043 957 2106 meliorem
996 2044 1161 2108 restituens
1201 2065 1255 2126 pro
1289 2045 1490 2130 deiuncta1),

301 2174 366 2217 eam
404 2153 523 2216 scilic‘et
557 2153 613 2214 snb
650 2153 749 2236 capite
787 2153 872 2215 cuius
909 2154 1027 2215 Domini
1066 2155 1161 2215 nostri
1201 2155 1266 2216 leva
1308 2162 1344 2218 et
1377 2155 1491 2216 dextera

300 2264 378 2326 illius
417 2283 499 2334 eam,
536 2263 615 2324 sicut
645 2261 674 2323 in
708 2261 835 2324 canticis
859 2263 889 2349 ²)
913 2260 1033 2342 legitur,
1064 2263 1267 2344 amplexatur,
1299 2273 1335 2325 ut
1373 2264 1439 2345 ipsa
1466 2269 1491 2326 te

301 2374 389 2436 sicuti
411 2371 502 2434 lilium
524 2373 624 2434 loreat
645 2377 676 2434 et
692 2391 775 2442 eum,
803 2391 896 2454 aquo
919 2372 1012 2433 castis
1035 2372 1214 2434 confovetur
1235 2371 1440 2454 amplexibus,
1459 2371 1490 2433 ad

300 2482 422 2545 tutelam
451 2489 483 2543 et
508 2480 727 2562 protectionem
755 2486 837 2543 tuam
868 2479 1011 2542 inducere
1039 2480 1188 2542 videaur.
1221 2479 1287 2542 Nos
1317 2480 1428 2562 igilur,
1449 2477 1490 2562 qui

300 2597 425 2673 propter
440 2588 532 2652 officii
548 2588 682 2651 debitum
697 2589 855 2670 pastoralis
872 2609 974 2651 sumus
989 2591 1151 2672 presertim
1167 2589 1289 2670 pupillis
1306 2597 1342 2652 et
1360 2588 1492 2672 orphanis

301 2699 470 2769 debitores,
484 2706 515 2761 tc
532 2705 644 2760 tamea
660 2698 797 2768 racione,
819 2698 897 2781 quod
914 2699 1016 2760 inclita
1031 2699 1208 2780 imperatrix
1225 2698 1260 2785 ὃ)
1279 2699 1318 2760 N.
1339 2707 1440 2763 mater
1453 2705 1491 2762 tua

301 2817 332 2871 le
348 2815 450 2870 nostre
471 2807 564 2869 tutele
581 2806 730 2869 commisit
749 2806 790 2892 ⁸),
806 2825 895 2888 qnam
911 2827 948 2869 eo
965 2805 1044 2888 quod
1067 2827 1195 2887 regnum
1213 2807 1331 2888 Sycilie
1356 2808 1396 2870 ad
1414 2805 1492 2889 patri·

301 2917 432 2980 monium
445 2915 576 2998 pertinet
589 2915 722 2977 llomane
738 2914 878 2984 ecclesie,
894 2914 1020 2994 diligere
1036 2915 1172 2976 noluimus
1189 2920 1220 2976 et
1237 2916 1362 2984 lovere,
1380 2917 1490 2998 insuper

301 3027 340 3090 ad
351 3028 567 3089 incrementum
584 3030 614 3085 et
630 3024 773 3086 bonorem
788 3024 872 3103 regie
890 3023 1087 3090 celsitudinis,
1103 3030 1201 3085 status
1217 3024 1305 3104 regni
1325 3033 1359 3088 et
1377 3025 1493 3086 fidelium

301 3147 420 3200 luorum
444 3135 628 3215 proiectum,
656 3132 745 3193 dante
762 3131 904 3202 Domino,
933 3131 1098 3193 efficaciter
1115 3131 1308 3194 intendemus
1326 3141 1360 3197 et
1378 3135 1456 3196 circa
1470 3140 1493 3194 te

395 3354 429 3422 n)
444 3369 484 3404 am
497 3349 596 3403 llande.
611 3377 642 3386 -
658 3348 691 3415 l)
707 3365 800 3417 papam
815 3347 1064 3415 irlnergesebricben.
1080 3347 1147 3401 Cod.

329 3663 354 3720 ι)
371 3663 455 3706 [siser
479 3659 590 3705 llcinrich
609 3657 654 3708 ll„
672 3655 772 3714 'sllilb
789 3655 928 3712 Septa-bec
949 3657 989 3704 23.
1005 3658 1256 3716 combusti-11⁹8,
1275 3660 1339 3704 lior.
1361 3662 1394 3706 27
1413 3661 1492 3720 (vergi.

368 3739 533 3792 a-nre'aortes
550 3744 567 3789 l,
587 3742 609 3785 l.
621 3742 663 3792 2⁰,
673 3741 726 3798 21.)

328 3829 352 3886 ²)
370 3829 438 3872 cur.
455 3797 574 3870 osirim.
591 3825 617 3872 2,
633 3823 657 3866 a

331 3907 359 3967 ⁸)
374 3913 408 3952 Δι
431 3907 458 3950 k
483 3917 530 3949 ron
554 3905 634 3960 Aquila
658 3902 745 3948 (traice
767 3913 814 3946 ran
837 3902 911 3946 l'ondi
936 3903 1044 3950 schreibt
1069 3906 1187 3950 innocen:
1218 3906 1328 3966 (imp
1355 3906 1382 3951 Si
1412 3905 1492 3963 quiden

367 3987 503 4044 inperatrix
532 3983 639 4040 predicta
666 3983 793 4038 legitima
818 3982 925 4028 condidit
942 3986 1118 4036 lecta-csta,
1143 3999 1192 4042 quc
1217 3986 1291 4032 nobis
1315 3987 1450 4032 charissimi
1474 3985 1492 4028 in

370 4070 465 4114 christo
485 4065 528 4110 filii
548 4065 627 4109 nutri
647 4064 764 4108 liridcriei
786 4064 865 4109 Sicilie
887 4067 953 4124 regis
969 4067 1069 4112 illustris
1086 4071 1183 4112 tutela·
1206 4073 1232 4114 ct
1255 4083 1341 4114 cmm
1361 4071 1428 4129 regni
1444 4081 1494 4116 con·

368 4149 443 4195 mit
464 4161 493 4192 ae
515 4146 662 4204 pou-edu
682 4144 761 4188 11th
782 4144 820 4188 die
840 4147 925 4190 uasis
941 4147 1000 4191 lior.
1022 4149 1083 4194 ria·
1100 4154 1140 4194 est
1156 4151 1268 4197 nim
1285 4153 1371 4197 canis
1386 4153 1490 4210 ingressa.

372 4225 537 4274 reptantia
551 4229 570 4273 1.
587 4241 609 4271 e.
627 4227 667 4268 η
684 4232 730 4272 nas
746 4226 895 4280 Tau-ent,
911 4227 954 4274 du
968 4231 1029 4274 ποι
1047 4231 1086 4276 die
1103 4234 1175 4278 aaa·
1193 4233 1328 4278 inocentii
1348 4236 1385 4278 lli.
1402 4246 1454 4290 cap.
1468 4229 1494 4276 32

371 4314 512 4360 ειιίὶκι,
534 4321 584 4352 nr
608 4321 655 4352 τοι
675 4307 719 4350 der
736 4306 842 4352 llaicsrin
863 4308 923 4351 mi
938 4309 1002 4366 Tage
1023 4325 1068 4356 ror
1087 4314 1164 4358 itre-
1182 4315 1251 4360 'l'odc
1276 4329 1313 4360 ιι
1332 4315 1375 4360 2⁵.
1395 4315 1453 4360 Nor.
1472 4324 1496 4355 su

373 4395 481 4439 blena
501 4390 625 4435 enichtcl.
648 4387 720 4432 n-sr.
739 4389 755 4432 l.
771 4401 794 4432 e.
810 4388 851 4440 21,
867 4391 932 4432 Διι.
955 4391 978 4436 l.
993 4416 1025 4426 -
1041 4395 1090 4438 Der
1104 4394 1178 4451 hyat
1198 4396 1294 4452 apris-ht
1315 4396 1342 4440 in
1365 4396 1440 4441 einen
1459 4406 1495 4437 aa·

374 4466 1050 4528 hemam-tabitam&
1076 4475 1131 4518 da·
1158 4478 1332 4524 mesib-
1358 4475 1494 4522 ibernam

376 4556 467 4600 nrm.
488 4542 603 4598 imon
614 4548 1114 4615 animumanimum.
1125 4557 1245 4603 som
1256 4558 1318 4619 neg.
1334 4561 1386 4604 ιιι.
1397 4559 1437 4604 nr.
1448 4555 1494 4601 aaa.
