3096 5128
1164 283 1241 356 465

50 460 271 544 blasphemant
287 465 317 524 et
330 479 416 525 saera
430 461 566 545 nequiter
577 467 761 526 execrantur.
781 461 868 524 Certe
881 463 962 522 terra
974 458 1121 542 quondam
1134 479 1239 542 repro-

49 569 222 641 missionis,
247 590 304 654 que
326 571 374 633 lac
397 571 505 634 etmel
529 571 663 654 patribus
687 570 844 640 emanavit,
866 568 951 631 nobis
972 567 1011 629 fel
1034 565 1239 630 amaritudinis

50 675 1241 762 mmmmfflmmmmmOEmMmmmmffl

53 787 142 860 litur,
159 787 231 852 dum
248 786 418 851 Christiana
434 788 519 860 fides,
537 794 678 872 quantum
700 788 730 852 in
753 787 796 852 eis
820 792 876 859 est,
900 784 1088 868 extinguitur,
1112 783 1241 866 dumque

52 901 164 960 nostre
192 897 413 979 redempcionis
440 898 579 979 insignia,
606 897 686 961 uelut
713 897 844 980 quelibet
870 896 986 960 abiecta
1016 892 1157 963 materia,
1187 912 1241 974 pro

52 1005 172 1069 nichilo
201 1009 396 1088 reputantur,
427 1006 558 1089 illudque
586 1005 763 1070 dominicum
791 1005 979 1087 sepulchrum
1011 1005 1089 1064 iacet
1118 1019 1240 1082 prorsus

54 1114 277 1199 ingloriosum,
294 1114 373 1200 quod
394 1114 474 1178 Deus
497 1136 552 1198 per
574 1135 606 1178 os
630 1115 859 1198 propbetessfore
880 1112 1048 1195 predixerat
1070 1110 1239 1192 gloriosum.

55 1223 220 1286 [leducant
237 1223 331 1304 igitur
346 1224 424 1287 oculi
440 1225 534 1288 nostri
550 1225 687 1287 lacrimas
703 1243 758 1306 per
773 1224 850 1285 diem
867 1227 897 1284 et
913 1225 1029 1284 noctem
1046 1224 1076 1283 et
1088 1239 1147 1282 non
1157 1224 1239 1281 tace·

60 1337 123 1406 aut,
140 1332 284 1417 quoniam
306 1333 487 1396 contricione
510 1353 618 1416 magna
640 1333 766 1396 contrita
788 1338 834 1396 est
856 1333 950 1413 virgo,
971 1328 1030 1392 filia
1051 1328 1151 1412 populi
1173 1327 1240 1398 mei,

62 1441 147 1524 plaga
164 1441 299 1524 pessima
315 1439 514 1506 vehementer.
540 1444 650 1506 Verum
671 1462 752 1506 mare
779 1446 878 1508 vestre
906 1437 1111 1502 amaritudinis
1132 1456 1187 1499 nec
1211 1437 1240 1499 in

64 1549 118 1612 hoc
132 1549 296 1613 terminum
313 1570 398 1613 suum
415 1551 579 1621 constituit,
597 1551 650 1614 sed
667 1551 798 1615 extendit
808 1551 844 1616 ,in
860 1549 954 1612 lacius
972 1545 1072 1610 diluuii
1090 1545 1241 1608 exundan-

60 1659 106 1722 tis.
123 1658 203 1722 Nam
221 1657 328 1721 civitas
340 1659 432 1730 Acon,
449 1660 479 1723 in
496 1679 554 1745 qua
570 1659 726 1725 multitudo
742 1661 948 1743 religiosorum
965 1657 1089 1718 collecta
1105 1654 1241 1738 patriam,

59 1767 152 1851 signis
182 1772 286 1830 nostre
320 1767 517 1850 redemptoris
545 1767 691 1849 insignem
720 1775 750 1831 et
772 1767 893 1852 gloriosi
914 1767 995 1848 regis
1022 1765 1116 1848 tytulo
1146 1763 1241 1845 insig-

58 1878 164 1952 nitam,
183 1876 275 1940 velud
289 1877 327 1938 de
339 1877 470 1961 proximo
488 1877 637 1960 aspiciens
654 1881 684 1939 ct
701 1877 843 1948 salutans,
859 1875 955 1938 vicino
972 1875 1036 1937 eius
1047 1872 1241 1936 recreabatur

57 1985 169 2056 odore,
199 2003 320 2068 queque
348 1986 403 2049 fuit
431 1986 638 2050 nichilominus
661 1985 733 2049 urbs
755 1983 951 2055 fortitudinis,
981 1982 1053 2056 biis,
1076 1983 1126 2065 qui
1147 1981 1240 2065 prelia
1260 2015 1365 2054 enarr

57 2095 179 2158 llomini
197 2093 387 2164 exercebant,
406 2094 643 2162 consolacionem
660 2096 724 2180 spei
739 2095 838 2157 adbuc
854 2112 911 2157 non
927 2091 1071 2157 modicam
1088 2089 1240 2154 ministra-

56 2203 106 2267 bat
123 2203 269 2266 desolatis
286 2203 389 2266 solatio
402 2207 481 2265 terre
494 2208 607 2274 sancte,
622 2203 846 2286 expectantibus
865 2201 1001 2264 fidelibus
1015 2220 1082 2263 curn
1090 2199 1238 2263 desiderio

59 2315 87 2376 ot
99 2311 224 2382 ardore,
238 2312 264 2374 si
275 2310 406 2394 quando,
417 2312 677 2383 faventellomino,
691 2314 771 2375 facto
778 2311 910 2394 generali
922 2309 1061 2395 passagio
1069 2308 1238 2372 Christiana

59 2422 168 2485 milicia
185 2423 216 2484 in
235 2440 270 2483 ea
288 2440 321 2481 se
338 2420 482 2503 colligens
505 2425 536 2483 et
558 2442 593 2483 ex
613 2441 649 2485 ea
671 2422 825 2503 gressibus
846 2419 1045 2504 progressivis
1067 2418 1238 2482 successive

57 2530 255 2614 progrediens
285 2533 393 2593 terram
421 2529 648 2594 desiderabilem
664 2551 844 2613 recuperare
861 2550 928 2593 curn
950 2530 1052 2612 gloria
1065 2533 1237 2592 mercretur.

61 2637 1239 2722 mmmwmmmmfflmmfflmfflmmmffimn

58 2755 111 2822 tur,
129 2752 222 2830 capta
242 2747 359 2811 scilicet
376 2746 413 2810 ab
429 2747 564 2811 hostibus
581 2754 611 2812 et
627 2769 730 2812 eversa
749 2749 868 2812 civitate
884 2749 1029 2830 predicta,
1047 2748 1239 2830 quemadmo-

63 2857 125 2922 dum
142 2858 258 2940 scripta
275 2861 376 2919 vestra
394 2857 621 2921 lamentabiliter
637 2862 855 2942 expresserunt,
872 2858 985 2941 sieque,
1004 2857 1094 2920 archa
1111 2858 1166 2920 Dei
1185 2879 1240 2940 per

58 2967 199 3031 diluvium
222 2965 439 3049 quodammodo
463 2965 620 3039 suffocata,
643 2968 811 3032 columbina
832 2966 962 3030 fidelium
985 2965 1158 3050 simplicitas
1179 2987 1238 3031 non

55 3077 185 3146 invexit,
202 3073 252 3138 ubi
270 3095 324 3158 pes
342 3076 385 3160 a]
408 3077 472 3139 eius
492 3075 522 3137 in
545 3077 595 3141 illo
618 3079 707 3142 maris
728 3077 814 3139 litore
834 3077 1013 3158 requiescat.
1043 3077 1129 3138 Nunc
1146 3076 1238 3158 igitur

55 3189 136 3249 tanto
153 3184 297 3248 devocius
314 3205 502 3249 recurramus
518 3186 557 3249 ad
574 3187 705 3251 divinum
722 3185 868 3256 auxilium,
886 3191 995 3271 quanto
1017 3187 1151 3252 videmus
1175 3189 1237 3251 eui-

55 3294 1237 3378 mmmmwmfflMmmmMfflmmms

55 3423 163 3468 manus
181 3402 219 3466 ad
238 3401 333 3466 celum
350 3423 417 3467 cum
429 3404 532 3487 ltloyse
544 3404 646 3468 lesum
659 3405 851 3468 dormientem
868 3424 935 3468 cum
951 3405 1092 3489 apostolis
1106 3406 1236 3468 suscite-

54 3532 137 3586 mus,
154 3513 222 3575 illos
242 3510 468 3584 nichilominus,
484 3513 535 3596 qui
550 3520 731 3595 acceperunt
745 3514 835 3596 gladii
848 3518 1038 3598 potestatem,
1051 3513 1239 3597 predicacio-

55 3621 144 3685 nibus
164 3621 354 3692 inducentes,
374 3625 407 3684 ut
431 3639 497 3685 cum
520 3622 690 3685 fortissimis
712 3622 884 3686 Macbabeis
900 3643 953 3705 pro
970 3623 1103 3705 paternis
1120 3623 1238 3705 legibus

57 3731 172 3794 animas
196 3749 343 3813 exponere
368 3750 427 3792 uon
449 3730 625 3802 fonuident,
649 3732 716 3815 quia
734 3731 764 3795 in
788 3731 844 3794 boc
870 3722 1019 3795 conductu
1042 3733 1160 3796 amabili
1183 3753 1239 3797 nec

57 3840 1238 3931 mmmmmfflmfflmffimmmmwmeWm

57 3949 186 4023 lelicior,
202 3949 300 4014 victus
316 3954 416 4012 tamen
431 3948 562 4014 velocius
578 3949 716 4031 prevenit
732 3954 763 4014 et
779 3948 866 4012 citius
882 3951 1069 4034 pervenitad
1086 3972 1236 4019 coronam.

131 4130 165 4200 o)
179 4131 228 4184 Am
242 4129 347 4186 Raude:
361 4129 431 4184 alius
442 4147 506 4202 spes
519 4132 548 4185 V.

132 4646 226 4692 rone..
241 4644 309 4690 natu.
323 4647 349 4691 u.
364 4647 404 4691 ce.
418 4647 482 4693 xxv.
