3116 5124
1140 306 1214 380 ltu

602 484 665 556 26,

52 643 203 734 lpruolloe
233 631 313 711 aeds
344 641 460 728 legatas
492 643 726 709 eonnncloren
757 639 831 708 mett
852 635 1078 727 praetoremn
1101 647 1217 710 ericen

555 759 698 819 sanctam.

437 912 517 968 lael.
531 913 650 970 Februar
663 915 728 970 oder
741 913 823 969 man.

48 1043 92 1096 ce
112 1049 157 1096 aba
172 1041 301 1096 Morare
312 1041 330 1095 1
333 1041 360 1094 V.
382 1039 430 1096 mit
450 1041 500 1094 der
517 1043 663 1112 Aerem
684 1039 758 1096 cinea
770 1041 937 1112 ummo
954 1055 1040 1113 gagen
1052 1039 1162 1095 Kormd
1172 1041 1189 1095 1
1192 1037 1217 1096 V.

50 1131 197 1203 nostrapte
220 1130 332 1186 Bruder
362 1130 481 1194 Wilbclm
506 1148 556 1186 ooo
583 1131 669 1199 Cala,
700 1150 756 1187 rom
783 1131 872 1186 Ordco
896 1133 945 1186 der
970 1129 1218 1202 Prodigermdaclre,

50 1209 139 1292 fudere
149 1223 296 1276 Jemandeo
309 1213 368 1294 auf,
388 1221 432 1275 dte
448 1219 632 1276 Gelotlc’cltlcea't
643 1220 699 1276 und
709 1222 760 1278 dac
780 1221 841 1276 Vollr
852 1222 881 1276 in
894 1213 1076 1276 Deuteedlaad
1087 1239 1120 1275 au
1133 1220 1218 1276 ea'ncm

49 1307 179 1383 ireazmge
197 1329 284 1384 pepon
302 1305 412 1366 Kcorcd
422 1305 441 1365 I
444 1308 469 1366 V.
489 1310 545 1366 arrd
560 1307 655 1366 deseca
667 1310 809 1384 Anddngcr
826 1304 991 1382 onzafeuern
1003 1313 1060 1368 aad
1069 1299 1218 1384 ocrapricdt

48 1396 87 1456 dea
109 1395 233 1457 &retem
255 1395 377 1474 pietaten
401 1397 491 1470 Loium
521 1401 571 1456 acie
596 1398 647 1456 dea
671 1415 729 1456 aum
756 1400 869 1457 Sceuae
899 1395 947 1456 dea
971 1399 1087 1474 heiligen
1110 1395 1233 1456 amaea,

523 1491 730 1547 apamaenum
1200 1513 1202 1518 .

122 1629 151 1704 ti
167 1631 291 1704 exordia
306 1639 458 1703 nascentis
475 1635 605 1702 ecclesie
621 1639 659 1702 ad
680 1629 859 1703 memoriam·
875 1644 1066 1712 revocentur,
1089 1632 1335 1702 evidere-rusca.
1413 1671 1414 1674 =

55 1745 104 1810 cius
117 1747 281 1832 apparebit,
297 1743 385 1832 quod,
399 1748 477 1812 siout
488 1748 519 1810 in
533 1745 724 1811 credentibus
738 1769 795 1811 una
809 1746 877 1811 olim
895 1754 958 1813 erat
970 1741 1044 1812 tides
1057 1737 1216 1820 mensium,

55 1855 125 1919 sicin
138 1853 252 1920 eisdem
271 1863 336 1922 erat
351 1835 410 1920 una
426 1855 523 1941 pietas
546 1855 712 1931 actionum,
740 1853 842 1940 utpote
865 1876 990 1941 quorum
1007 1869 1060 1921 cor
1079 1875 1170 1919 unum
1187 1860 1217 1920 et

56 1957 129 2030 anima
153 1987 211 2031 una
243 1961 278 2030 in
304 1964 430 2030 Domino
463 1962 619 2030 existebat.
660 1959 706 2030 Ob
739 1986 827 2050 quiam
858 1965 1001 2030 unitatem
1032 1964 1215 2048 applaudens

61 2071 172 2146 ecclesie,
188 2095 320 2159 sponsus
338 2075 401 2138 eius
426 2095 504 2150 „una
522 2079 569 2138 est
586 2070 723 2140 columba
745 2086 831 2138 mea“
850 2069 1029 2140 decantabat
1050 2075 1081 2136 in
1098 2073 1214 2137 cantico

54 2178 210 2248 canticorum
231 2182 272 2273 1).
290 2177 373 2248 lianc
390 2180 481 2266 igitur
497 2177 650 2258 unitatem,
663 2204 716 2267 per
730 2186 860 2249 tunicam
871 2185 990 2250 Domini
1006 2172 1213 2246 inconsutilem
1283 2238 1294 2256 ,

50 2282 221 2374 designatam,
237 2291 329 2379 matri
345 2287 475 2357 ecclesie
492 2309 645 2376 synagoga
661 2283 872 2375 prefigurabat.
891 2285 954 2374 Que
969 2292 1042 2355 licet
1057 2301 1212 2374 synagoga
1303 2371 1305 2374 Ι

50 2393 164 2464 uidelicet
178 2398 209 2466 in
225 2399 295 2466 aliis
314 2393 480 2466 exhibuerit
497 2422 530 2465 se
547 2421 715 2475 novercam,
732 2403 763 2465 in
778 2393 836 2465 hoc
848 2406 946 2464 tamen
961 2401 1090 2464 ecclesie
1107 2406 1212 2464 sancte
1313 2387 1314 2392 ἵ

51 2517 199 2576 reverenter
215 2505 325 2577 detulit
341 2509 371 2577 et
391 2507 545 2596 pepercit,
573 2510 663 2596 quod,
678 2511 795 2595 partitis
824 2499 882 2572 sibi
904 2506 969 2572 aliis
985 2506 1104 2573 Domini
1120 2509 1216 2572 vesti-

52 2620 149 2692 mentis,
164 2619 299 2684 tunicam
314 2615 394 2684 iilam
410 2613 620 2686 inconsutilem
637 2641 756 2684 servare
772 2612 866 2683 voluit
882 2611 1049 2691 indivisam,
1066 2627 1216 2681 venerans

51 2717 137 2790 inilia
162 2719 295 2792 ecclesie
322 2725 479 2811 mysticam
506 2729 659 2801 unitatem,
688 2742 777 2812 quam
808 2721 858 2790 iiia
884 2719 1106 2791 inconsutilitas
1134 2724 1218 2789 desi-

53 2833 144 2912 gnabat
159 2833 200 2922 ²),
215 2833 389 2919 ponendam
417 2856 535 2922 quoque
563 2838 593 2900 in
621 2825 791 2918 superbiam
818 2835 987 2898 seculorum
1019 2840 1050 2898 et
1079 2826 1220 2896 mamillis

52 2961 137 3023 regum
152 2939 343 3010 nutriendam
357 2947 471 3030 pariter
488 2951 518 3010 et
532 2940 751 3030 lactandamr).
768 2937 855 3008 Nunc
872 2949 981 3017 autem,
999 2935 1078 3027 quod
1094 2933 1220 3006 reiierre

53 3041 147 3135 absque
160 3046 264 3118 dolore
278 3053 362 3137 grani
376 3060 406 3119 et
415 3053 527 3136 gemitu
539 3075 599 3118 non
610 3047 752 3126 valemus,
769 3045 988 3116 (ibunradus
1004 3051 1122 3134 impius,
1139 3043 1221 3135 impii
1309 3043 1312 3048 ’

54 3147 93 3223 l'r.
109 3162 252 3245 quondam
267 3160 460 3246 imperatoris
477 3156 564 3237 tilius,
580 3169 705 3248 paterne
721 3155 883 3246 impietatis
901 3167 931 3226 et
943 3156 1067 3225 sceleris
1080 3151 1221 3233 imitator,

56 3288 100 3332 rec
127 3289 183 3336 ncn
213 3273 349 3337 fautores
382 3271 445 3346 sui,
476 3263 564 3337 uelud
591 3274 713 3356 squame
741 3263 798 3335 sibi
820 3271 1013 3335 vehementer
1035 3266 1072 3333 ad
1094 3265 1222 3334 invicem

55 3379 214 3446 coherentes
231 3383 274 3470 a)
292 3375 416 3447 senilem
432 3389 542 3448 etatem
559 3383 700 3455 ecclesie,
716 3382 886 3446 venerande
904 3381 1022 3444 scilicet
1044 3385 1221 3443 cunctorum

55 3481 165 3554 idolium
180 3488 351 3572 genitricis,
368 3485 456 3574 impie
474 3496 719 3575 contempnentes
737 3505 772 3553 ¹ac
789 3489 939 3554 sevientes
957 3489 987 3552 in
1004 3508 1070 3551 eam
1086 3487 1220 3551 severius

56 3615 128 3681 quam
150 3596 256 3676 iudei,
285 3603 429 3667 unitatem
458 3602 569 3685 ipsius,
597 3608 702 3666 sancto
731 3600 837 3684 spiritu
865 3605 1093 3682 congregatam,
1119 3590 1221 3662 hostili

55 3701 206 3775 incursione
234 3705 351 3775 turbari
384 3708 503 3774 minime
533 3710 744 3781 reformidant,
777 3707 848 3792 quia
878 3708 937 3772 imo
969 3701 1044 3770 collo
1062 3711 1221 3771 currentes

57 3824 140 3884 erecto
156 3819 193 3906 b)
210 3821 356 3885 adversus
374 3842 439 3884 eam
456 3826 486 3885 et
509 3820 652 3894 adversus
680 3819 830 3883 Christum
858 3815 938 3891 eius,
970 3817 1101 3881 tunicam
1126 3816 1220 3899 ipsius

58 3922 258 4002 inconsutilem,
274 3930 415 3994 videlicet
431 3931 595 4002 caritatem,
612 3933 753 4011 tanquam
765 3927 820 3992 uiri
837 3916 1013 3998 scismatici,
1029 3924 1167 3990 scindere
1184 3946 1220 3990 ac

128 4091 160 4160 o)
175 4093 321 4147 corchntes
333 4091 362 4148 V.
377 4122 410 4134 ·-
425 4093 457 4162 l)
473 4110 514 4148 am
526 4089 618 4148 ltande
631 4091 714 4167 alius:
734 4091 853 4145 extento.

56 4249 361 4278 Q

85 4377 103 4433 ¹)
119 4379 179 4425 cant.
192 4383 215 4433 c,
228 4383 252 4428 6.

83 4453 102 4513 ²)
117 4461 179 4508 ioan.
193 4463 231 4518 la,
243 4464 297 4510 24..

86 4534 106 4597 1)
122 4541 170 4599 lcrj·
180 4544 220 4599 60,
234 4545 271 4591 15.
287 4548 323 4593 re,
