3116 5124
1146 299 1194 368 67

41 472 217 540 ecclesiastico
233 474 278 538 vel
296 472 375 540 civili
391 473 500 554 singuli
517 472 563 536 vel
581 472 732 537 coniuncti
749 473 798 556 α),
815 472 916 536 debita
932 471 1099 552 repetendi,
1113 471 1199 534 debi-

38 587 101 644 tores
120 580 281 661 inpetendi,
305 578 518 650 conveniendi,
542 578 727 661 excipiendi,
750 578 969 661 respondendi,
996 579 1198 660 promittendi,

37 695 219 770 procuratores
235 689 281 753 sel
297 694 519 770 procuratorem
536 688 736 752 substituendi
753 693 783 750 et
800 687 897 750 onmia
913 687 971 750 alia
992 687 1124 767 faciendi
1142 709 1199 772 que

36 797 123 879 pdonei
148 804 354 878 procuratores
382 803 509 878 possunt
540 799 641 860 iacere
671 803 701 860 et
728 801 877 860 tenentur.
919 796 1009 859 Dedit
1037 796 1080 860 eis
1110 797 1201 861 etiarn

40 904 188 968 laenitatem
214 906 331 986 plenam
360 906 575 972 ordinationem
602 903 790 975 testamenti,
817 905 1121 986 sicut'prescriptum
1144 912 1201 979 cst,

39 1012 125 1094 eisqui
140 1018 169 1078 ct
184 1033 278 1096 usque
294 1014 334 1078 ad
349 1013 448 1087 finem.
467 1015 558 1080 certis
575 1013 717 1078 limitibus
733 1033 788 1095 per
809 1012 906 1076 omnia
928 1013 1103 1090 observatis.
1134 1017 1202 1097 lpse

37 1139 132 1203 proque
146 1121 298 1203 predictus
314 1123 388 1189 Rud.
407 1123 445 1210 b)
461 1129 589 1188 testator
602 1123 818 1204 subscripsisse
831 1121 967 1184 noscitur
978 1121 1009 1184 in
1022 1122 1079 1184 hee
1090 1123 1201 1186 verba:

38 1229 87 1310 Ego
106 1231 219 1313 inquam
235 1232 311 1296 llud.
331 1231 367 1315 l)
384 1233 457 1294 civis
479 1223 655 1298 Winnensis
686 1231 823 1294 universa
853 1251 909 1314 que
937 1231 1108 1313 prescripta
1136 1239 1204 1296 sunt

35 1337 96 1400 fideli
120 1339 332 1403 ratihabitione
353 1327 529 1424 'prosequor
560 1341 771 1422 protestando,
808 1361 855 1402 me
886 1340 917 1401 in
945 1360 1047 1402 omnes
1081 1347 1204 1404 eventus

37 1446 166 1525 predictos
182 1448 327 1511 honestos
343 1448 422 1511 viros
440 1449 470 1511 in
486 1450 659 1530 repetendis
677 1448 786 1511 debitis
802 1447 877 1511 meis
894 1455 1104 1530 procuratores
1122 1455 1152 1512 et
1168 1449 1206 1512 ad

35 1553 224 1634 perficiendum
256 1562 467 1626 testamentum
498 1540 597 1623 meum
630 1563 806 1623 executores
844 1555 1023 1622 fiducialiter
1054 1558 1206 1632 statuisse,

39 1669 169 1741 presentes
201 1685 322 1750 quoque
353 1666 456 1731 literas
488 1664 586 1746 sigillo
619 1666 749 1730 civitatis
777 1665 953 1732 Winnensis
986 1665 1130 1746 sigillatas
1162 1666 1206 1729 cis

41 1771 173 1852 assignavi,
190 1779 335 1856 tanquam
351 1775 537 1839 siccatorias
551 1779 581 1836 et
593 1773 814 1856 procuratorias
831 1795 925 1861 usque
940 1794 1068 1859 quaque,
1081 1794 1208 1856 presen-

41 1877 96 1945 bas
120 1880 182 1962 ipso
211 1882 331 1947 dominc
360 1883 395 1944 Ο.
414 1882 513 1947 iudice
540 1889 572 1945 et
594 1882 643 1946 illo
669 1889 700 1946 et
715 1881 764 1947 illa
780 1889 839 1946 etc.
869 1885 974 1949 Actum
990 1903 1066 1948 anno
1090 1883 1209 1949 Domini
1296 1879 1298 1886 ’

43 1985 147 2052 latas
189 1991 253 2054 Kal.
278 1990 348 2058 dua.
359 1991 410 2075 υ).
434 1992 542 2055 Testes
559 1991 593 2054 H.
612 1991 701 2056 iudex
715 1997 774 2056 eta.
792 1991 841 2073 d).

105 2096 275 2162 Notandum
292 2099 381 2161 etiarn
389 2100 468 2182 quod
480 2098 567 2162 litere
575 2099 916 2181 testamentalesmagne
931 2102 1028 2162 solent
1045 2121 1125 2171 esse,
1142 2101 1210 2165 ideo

40 2201 66 2264 de
72 2205 166 2284 gracili
174 2213 205 2270 et
212 2207 341 2270 honesta
352 2207 439 2270 litera
452 2206 671 2270 scribidebent.
685 2207 1210 2275 Siautemtestatcrdatalicuiamico

38 2331 78 2380 suo
90 2313 201 2397 plenam
217 2320 399 2397 potestatem
415 2315 544 2380 omnium
560 2335 660 2381 rerum
678 2336 806 2387 suarum,
820 2323 852 2379 ut
864 2317 930 2380 loeo
947 2317 993 2380 sui
1009 2318 1102 2382 iaciat
1117 2322 1211 2382 testa-

38 2429 147 2486 mentum
162 2425 243 2488 iuxta
267 2423 480 2498 discretionem
496 2444 597 2497 suam,
621 2430 692 2490 tunc
708 2431 837 2489 testator
851 2425 944 2488 nichil
966 2425 1127 2491 testabitur
1149 2447 1213 2491 cm·

1221 2055 1298 2092 mars.
1307 2067 1325 2093 c.

40 2528 107 2602 sino,
135 2533 187 2597 sed
216 2533 302 2596 dabit
328 2531 380 2604 illi,
413 2532 462 2596 cui
494 2532 576 2594 dedit
593 2538 772 2614 potestatem
788 2554 842 2616 pro
873 2555 906 2596 se
938 2534 1080 2606 testandi,
1112 2534 1214 2601 literas

41 2636 114 2700 tales:

108 2748 168 2830 Ego
184 2749 262 2814 aad.
286 2748 413 2831 Osiris
430 2749 609 2816 Winnensis
625 2749 796 2814 infirmitate
837 2751 970 2832 corporis
1011 2752 1216 2834 deprehensus

42 2853 137 2934 publice
153 2879 344 2942 recognosco
362 2859 452 2943 quod,
471 2879 593 2941 compos
610 2860 719 2924 mentis
737 2866 767 2924 et
782 2861 877 2924 libera
892 2862 1060 2932 voluntate,
1085 2861 1217 2926 omnium

42 2982 119 3028 rerum
133 2987 267 3034 mearum
283 2966 474 3032 virumtalem
482 2967 521 3052 f)
533 2988 587 3050 pro
599 2988 646 3030 me
659 2968 856 3051 constituos)
867 2977 1050 3040 testatorem,
1059 2967 1215 3053 danseil)

45 3070 136 3150 plenam
155 3082 337 3160 potestatem
363 3077 495 3140 cesalai
523 3082 554 3140 et
582 3077 737 3139 ordinandi
767 3078 804 3140 de
833 3078 980 3141 universis
1007 3079 1099 3142 rebus
1130 3080 1217 3150 meis,

49 3181 180 3248 nobilibus
196 3193 229 3249 et
247 3185 459 3256 immobilibus,
476 3185 587 3249 habitis
605 3193 635 3249 et
651 3186 808 3257 habendis,
825 3186 1010 3270 accipiendis
1033 3192 1064 3249 et
1085 3187 1219 3251 venden-

50 3287 88 3361 dis,
102 3293 316 3361 distribuendis
336 3304 366 3358 et
378 3295 588 3377 dispensandis
613 3294 645 3380 i)
661 3301 867 3380 postmortem
883 3316 991 3367 meam,
1007 3300 1095 3379 prout
1112 3297 1139 3358 ei
1156 3295 1219 3382 (vel

48 3397 93 3470 cis,
111 3404 135 3464 si
150 3404 252 3485 plures
269 3404 406 3489 luerunt)
422 3405 518 3466 visum
534 3404 626 3468 fuerit
654 3405 810 3486 expedire,
827 3405 930 3467 volens
945 3406 1067 3486 pariter,
1083 3410 1116 3467 ut
1131 3404 1220 3486 quid·

47 3508 101 3586 quid
116 3509 177 3592 ipse
194 3512 242 3576 vel
259 3511 319 3593 ipsi
336 3511 481 3576 derebus
499 3515 573 3574 meis
591 3512 793 3576 ordinaverint
801 3511 849 3596 l),
857 3533 911 3595 pro
924 3519 1102 3580 testamento
1119 3514 1220 3577 ultime

47 3617 183 3684 voluntatis
206 3627 277 3704 post
299 3626 423 3684 mortem
445 3642 541 3686 meam
565 3622 674 3687 debeat
696 3623 733 3689 ab
757 3622 893 3686 omnibus
910 3625 1051 3705 reputari.
1082 3622 1221 3704 Quodne

47 3743 88 3804 per
101 3729 220 3793 alicuius
236 3730 458 3812 improbitatem
474 3730 611 3812 impediri
624 3731 729 3813 possit,
742 3737 900 3813 presentes
924 3733 961 3818 l)
974 3733 1017 3795 eis
1033 3733 1135 3796 literas
1153 3727 1222 3795 dedi

49 3831 121 3914 sigilli
150 3839 208 3901 mei
238 3841 286 3904 vel
319 3839 448 3902 civitatis
480 3838 657 3910 Winnensis
688 3841 851 3906 munimine
882 3841 1056 3912 roboratas,
1094 3841 1222 3906 testibus

49 3941 196 4009 subnotatis
213 3968 340 4031 quorum
356 3949 474 4013 nomina
491 3947 548 4012 bcc
565 3954 649 4011 sunt:
672 3947 706 4012 H.
726 3955 784 4010 etc.
804 3949 838 4015 si
855 3969 925 4016 vero
942 3949 1094 4030 publicum
1111 3951 1224 4012 insuu-

50 4057 159 4116 nentum
177 4055 248 4118 dare
265 4056 401 4127 voluerit,
417 4062 488 4118 tanc
504 4056 592 4118 litera
608 4056 665 4118 ista
679 4057 844 4120 scribetur:
873 4078 929 4131 „er
944 4063 1029 4144 parte
1044 4058 1092 4144 m)
1115 4058 1224 4122 iudicis

52 4163 76 4219 ct
89 4159 209 4226 civium“
229 4169 260 4226 et
277 4165 334 4228 erit
350 4163 457 4228 eadem
473 4165 579 4235 torma,
597 4164 655 4226 nisi
673 4165 752 4248 quod
769 4166 857 4228 iudex
874 4171 904 4228 et
921 4167 1002 4229 cives
1021 4187 1056 4227 ex
1078 4185 1133 4229 sua
1149 4167 1227 4229 scri·

127 4316 158 4384 a)
173 4317 330 4372 coniunctim
344 4317 371 4368 Z.
384 4347 411 4358 -
422 4317 453 4388 d)
465 4318 494 4371 R.
508 4318 619 4387 V.·-r)
633 4320 798 4388 presentibus
809 4319 849 4371 bis
859 4319 919 4372 Jun.
931 4320 995 4372 fehlt
1006 4318 1119 4384 v.-d)
1133 4317 1227 4379 Testes

52 4399 87 4454 bis
98 4409 144 4458 ete.
156 4405 221 4460 iehlt
243 4409 315 4462 V.-
324 4408 355 4476 c)
369 4409 400 4464 R.
406 4409 435 4462 V.
445 4439 477 4450 -
484 4407 515 4478 f)
525 4411 576 4471 vel,
588 4409 609 4462 si
619 4410 709 4478 plures
720 4415 789 4469 sunt,
803 4410 876 4463 viros
889 4410 991 4463 talesZ.
1003 4439 1031 4452 -
1040 4410 1075 4480 9)
1083 4409 1227 4462 constituto

54 4489 111 4541 lb-
120 4495 152 4563 b)
165 4499 203 4552 vel
217 4500 256 4554 eis
269 4500 296 4552 Z.
308 4529 339 4538 —
348 4499 375 4567 i)
390 4506 416 4552 et
429 4501 606 4553 alienandisZ.
615 4530 647 4540 -·
656 4501 688 4568 b)
699 4501 738 4553 vel
753 4500 779 4552 Z.
788 4502 854 4568 -l)
867 4501 889 4553 ei
904 4499 1227 4570 vle.-m)pcrscaaz.

975 4591 990 4641 ὅ
1000 4592 1012 4618 U
