3168 5124
1189 351 1240 422 27

53 528 272 594 ecclesiasticum
289 534 515 611 recognoscunt
532 528 571 614 a)
587 529 647 592 imo
664 528 858 610 appropriant
874 527 912 614 b)
926 527 984 590 sibi
1002 525 1136 590 decimas
1149 524 1192 610 c)
1209 518 1265 586 in*

52 657 129 719 grave
154 639 317 700 animarum
340 657 461 700 suarum
476 637 642 719 periculum
658 635 698 723 d)
716 636 893 700 eteoclesie
910 634 1088 698 universalis
1104 633 1240 715 preindi-

53 745 133 818 cium,
153 746 229 808 unde
252 749 296 810 sic
320 753 444 828 gravate
460 747 577 829 prefate
600 746 730 809 ecclesie
748 744 899 808 subveniri
920 764 976 826 per
997 741 1101 805 sedem
1116 745 1240 825 aposto-

53 855 126 916 licam
140 855 299 935 postulavit
317 855 363 941 e).
382 855 456 918 Cum
472 856 566 937 igitur
582 855 619 918 de
636 853 757 936 negocii
775 853 917 936 qualitate
935 873 989 915 scu
1005 852 1134 916 veritate
1150 850 1357 933 pleneaumaa.

52 957 142 1026 imtrui
157 983 216 1026 non
236 963 407 1046 possimus,
429 969 461 1026 et
482 964 551 1047 quia
567 963 610 1026 ibi
627 970 675 1027 est
692 961 729 1050 f)
744 962 856 1026 veritas
873 960 1065 1044 requirenda,
1084 960 1137 1024 ubi
1155 979 1239 1023 com-

51 1071 150 1133 modius
175 1071 256 1136 valet
284 1072 354 1135 elici
382 1079 413 1136 et
428 1072 469 1160 9)
489 1073 619 1135 lucidius
649 1071 812 1144 declarari,
845 1070 1027 1134 fraternitati
1054 1075 1156 1134 vestre
1186 1088 1241 1151 per

50 1180 196 1262 apostolica
224 1180 345 1263 scripta
376 1182 569 1255 mandamus,
602 1188 768 1266 quatenus,
799 1179 912 1263 prolixo
943 1179 1079 1263 partibus
1111 1177 1239 1242 termino

50 1290 224 1372 competenti,
239 1289 278 1352 de
293 1289 374 1352 dicte
391 1290 523 1354 ecclesie
538 1291 646 1353 iniuria
663 1288 857 1371 cognoscatis
871 1295 901 1350 ct
913 1288 950 1360 si,
964 1293 1128 1370 apparente
1141 1287 1239 1370 aliqua

49 1397 190 1460 occasione
208 1404 239 1461 et
253 1418 347 1462 cansa
363 1395 403 1484 d)
418 1398 596 1461 racionabili
613 1419 667 1462 seu
683 1399 830 1470 honesta,
854 1396 933 1481 quod
954 1396 986 1482 a)
1010 1395 1148 1478 predicto
1173 1395 1239 1478 epi-

47 1526 125 1589 scopo
137 1506 174 1570 ad
187 1507 304 1570 dandas
317 1507 470 1589 predictas
489 1506 621 1570 decimas
639 1512 808 1579 teneantur,
824 1513 896 1570 tunc
913 1505 1005 1569 iidem
1021 1504 1136 1568 nobiles
1153 1506 1235 1587 ipsas

48 1621 73 1677 et
83 1635 132 1697 per
145 1635 178 1677 se
195 1616 316 1679 solvant
332 1621 363 1679 et
377 1637 395 1679 a
408 1616 471 1679 suis
489 1615 564 1679 solvi
581 1617 705 1688 iaciant,
719 1617 799 1680 omni
812 1616 975 1681 occasione
989 1621 1019 1680 et
1031 1615 1237 1698 appellaeionc

48 1724 238 1797 cessantibus,
267 1745 330 1787 non
357 1724 496 1789 obstante
525 1725 675 1788 contraria
703 1725 921 1789 consuetudine
948 1725 996 1788 vel
1024 1724 1136 1796 abusu,
1164 1722 1237 1786 alias

47 1834 147 1914 ponatis
164 1833 296 1897 interra
314 1853 418 1897 eorum
435 1834 677 1898 ecclesiasticum
694 1834 903 1907 interdictum,
927 1834 1069 1906 ulterius,
1092 1834 1118 1896 si
1136 1853 1238 1896 eorum

45 1944 162 2023 exegerit
177 1943 382 2016 contumacia,
398 1962 453 2025 per
469 1943 573 2006 sedem
589 1943 786 2025 apostolicam
802 1945 987 2026 processuri,
1004 1948 1037 2007 ut
1053 1942 1150 2006 eciam
1165 1962 1238 2024 pro-

44 2050 154 2114 hibeatis
182 2049 223 2140 it]
254 2051 378 2115 eosdem
415 2051 454 2115 ab
488 2052 625 2116 omnibus
658 2053 876 2117 ecclesiasticis
909 2052 1105 2117 sacramentis
1136 2058 1239 2135 preter

43 2162 212 2241 penitencias
233 2161 267 2249 l]
285 2167 316 2224 et
331 2161 514 2244 baptismata
529 2161 718 2245 parvulorum
739 2162 775 2250 ¹).

17 2463 18 2470 .
64 2416 226 2501 lircnplun
244 2415 522 2501 comosissimum)
539 2420 718 2482 secularium
734 2421 900 2502 principum
912 2421 944 2483 ia
957 2421 1056 2484 causis
1067 2420 1208 2502 propriis.

119 2635 296 2700 Fridericus
318 2636 375 2698 Dei
398 2637 502 2718 gracia
518 2637 719 2700 Romanorum
742 2657 794 2700 rex
810 2657 930 2720 semper
958 2644 1104 2720 augustus
1127 2637 1237 2701 dilecto

44 2742 137 2808 devoto
153 2766 209 2808 suo
226 2746 265 2809 N.
283 2745 352 2808 talis
368 2745 428 2808 loci
443 2748 592 2828 proiecto,
609 2747 742 2827 graciam
761 2754 893 2811 suamet
916 2768 1002 2812 omne
1026 2747 1146 2814 bonurn.
1179 2752 1236 2825 Ne,
1297 2811 1298 2814 ,

42 2852 116 2916 nobis
137 2854 220 2918 circa
250 2853 344 2917 ardua
371 2854 415 2916 rei
442 2854 562 2936 publice
590 2856 718 2937 negocia
744 2856 925 2938 prepeditis‚
950 2859 1098 2944 aliquibus
1120 2859 1237 2941 imperii

44 2965 125 3028 nostri
151 2964 229 3028 locis
258 2964 307 3026 ius
323 2964 543 3046 postulantibus
566 2970 690 3047 propter
714 2965 883 3030 diuturnam
905 2976 1039 3034 nostram
1063 2971 1237 3034 absenciam

43 3071 136 3136 deesse
167 3074 324 3146 videatur,
355 3072 491 3138 fidelitati
522 3080 589 3146 tue,
622 3075 659 3137 de
691 3094 749 3157 qua
780 3077 897 3158 plenam
925 3079 1070 3143 habemus
1097 3080 1237 3144 fiduciam

44 3183 195 3245 seeundum
212 3181 316 3265 operis
333 3181 519 3245 evidenciam
535 3183 622 3246 nobis
639 3188 670 3245 et
685 3185 811 3267 imperio
827 3185 939 3267 pluries
958 3189 1136 3263 exhibitam,
1153 3210 1237 3254 corn-

47 3291 177 3354 mittimus
206 3291 355 3374 imperiali
385 3292 565 3355 auctoritato
592 3311 648 3373 per
670 3312 773 3355 omnes
796 3293 832 3355 N.
858 3294 1013 3360 districtus
1034 3306 1153 3364 nostros
1174 3306 1237 3363 tam

45 3401 187 3482 sanguinis
205 3421 297 3485 quam
315 3420 472 3463 causarum
490 3402 619 3463 omnium
633 3401 671 3464 ad
688 3400 843 3484 imperium
860 3405 1077 3486 pertinencium
1094 3410 1237 3473 indicium

45 3512 191 3573 exercendi
209 3511 467 3573 etauctoritatem
490 3495 609 3574 nostros
634 3509 744 3574 ibidem
767 3513 902 3576 redditus
925 3517 1114 3600 requirendi,
1136 3522 1237 3602 preci-

44 3617 147 3698 pientes
168 3625 232 3682 tam
250 3618 400 3681 nobilibus
417 3638 505 3701 quarn
522 3619 589 3681 aliis
606 3640 708 3682 eorum
726 3620 915 3686 districtuum
937 3632 1107 3692 nostrorum
1129 3629 1236 3694 incolis

45 3725 91 3787 sub
106 3728 230 3791 obtentu
248 3727 352 3808 gracie
380 3732 482 3790 nostre
510 3746 547 3791 ac
563 3747 640 3810 pena
656 3729 909 3812 proscripcionis,
931 3738 962 3796 et
985 3735 1041 3798 sub
1059 3737 1237 3805 dotencione

131 3910 165 3984 a)
181 3913 349 3981 cognoscant
362 3916 390 3962 et
403 3910 429 3962 Z.
449 3939 476 3948 -
492 3909 525 3978 d)
545 3915 692 3980 appareant
710 3912 738 3966 Z.
755 3945 785 3956 -
801 3913 833 3983 c)
847 3915 871 3968 d.
890 3922 1051 3973 memoratas
1070 3921 1097 3975 Z.
1111 3951 1147 3961 -
1160 3922 1196 3992 d)
1210 3927 1237 3979 ct

46 3999 151 4056 ecclesie
164 3999 326 4056 universalis
340 4000 516 4072 preludiciurn
529 4001 598 4055 fehlt
609 4001 637 4055 Z.
646 4003 717 4072 -e)
738 4007 875 4076 postulant
888 4009 915 4061 Z.
929 4039 961 4046 -
973 4009 1006 4079 f)
1020 4015 1061 4064 cat
1073 4012 1145 4068 fehlt
1157 4015 1186 4070 V.
1205 4045 1234 4056 —

47 4089 77 4160 p)
94 4093 131 4144 rel
148 4093 175 4146 Z.
198 4126 229 4135 -
246 4092 282 4162 b)
301 4097 355 4146 tam
373 4093 402 4146 V.
421 4123 448 4132 -
464 4092 493 4161 i)
512 4093 584 4164 quod
608 4094 677 4148 fehlt
700 4094 730 4150 V.
746 4127 778 4134 -
792 4096 827 4166 b)
848 4098 971 4153 videlicet
989 4104 1147 4172 prohibeant
1160 4107 1188 4162 Z.
1204 4139 1234 4151 —

47 4180 104 4254 in.
117 4185 290 4240 momcncimn
299 4185 328 4238 Ζ.
344 4214 374 4224 -
390 4184 431 4252 m)
446 4184 640 4240 comunisaionis
652 4185 721 4241 fehlt
734 4187 763 4241 V.

50 4356 368 4375 ...ιι-*-

80 4496 102 4556 ¹)
111 4497 152 4544 iiic
162 4499 315 4558 Ansmarung
326 4500 405 4547 diasea
419 4503 545 4564 nonroges
561 4505 628 4553 aleina
645 4511 717 4554 antem
735 4507 758 4553 8.
774 4507 804 4553 30
815 4503 839 4555 in
858 4510 901 4557 der
916 4510 990 4556 torma
1007 4511 1131 4561 eitaeionis
1142 4516 1189 4561 und
1207 4514 1237 4562 im

107 4579 219 4643 Vartoig:
232 4582 434 4631 Procuratorinm.
861 4592 863 4598 '
