3100 5116
841 509 904 580 44.

272 685 438 766 lupentor
453 684 515 762 regl
539 685 617 765 quod
633 684 764 747 delectat
781 703 846 747 eum
864 685 891 747 el
908 687 938 748 ct
955 684 1054 747 domnl
1070 701 1123 747 sne
1145 686 1292 766 perpetua
1307 683 1469 747 truillari-

763 797 826 858 tnte
842 794 968 858 couniri.

270 953 319 1008 ain
338 952 435 1008 Koioer
456 949 573 1008 schreibt
593 951 676 1006 efrem
697 951 811 1025 Konope,
833 953 883 1008 wie
903 952 966 1007 celer
988 971 1018 1006 er
1035 949 1170 1016 maraclee,
1193 952 1258 1006 doce
1281 951 1343 1006 ihre
1365 953 1473 1005 Hduaer

408 1041 495 1096 duret
506 1041 565 1096 eine
577 1041 874 1114 Familiencerlinduny
885 1040 952 1096 norb
963 1042 1050 1114 ferrer
1060 1040 1192 1113 oereimqt
1202 1040 1318 1096 werden.

361 1188 495 1252 Funiculi
512 1188 638 1272 triplicis
655 1189 785 1252 adunata
801 1188 983 1259 coniunctio,
999 1188 1078 1252 iuxta
1095 1186 1240 1271 sapientis
1257 1188 1411 1273 eloquium
1433 1189 1474 1274 ¹),

179 1307 182 1312 '
272 1297 360 1360 facile
377 1317 437 1359 non
453 1297 611 1360 consuevit
626 1303 749 1381 rupture
767 1296 923 1380 dispendio
941 1297 1070 1366 conteri,
1085 1296 1244 1378 presertim
1262 1297 1314 1360 ubi
1331 1316 1475 1380 unaque·
1547 1379 1549 1384 Ι

271 1426 329 1488 que
361 1406 404 1469 sic
437 1405 577 1487 triplicati
602 1407 725 1469 funiculi
747 1407 863 1488 porcio,
896 1405 1001 1468 solidis
1033 1407 1197 1469 instaurata
1225 1406 1400 1487 principiis,
1434 1406 1473 1468 ad
1548 1391 1549 1474 l

272 1514 408 1577 immensi
425 1514 542 1577 ferendi
559 1514 718 1577 moliminis
733 1535 825 1578 onera
842 1493 953 1578 suflicit
968 1534 1024 1596 per
1040 1535 1073 1576 se
1090 1514 1195 1597 ipsam.
1212 1515 1277 1578 Hac
1294 1515 1475 1578 considera-

272 1623 359 1687 cione
371 1627 508 1704 pensata,
521 1623 657 1687 videntes
671 1645 706 1686 cx
716 1624 775 1688 alto
782 1624 892 1688 virtute
908 1644 962 1688 vos
979 1624 1061 1687 indui
1078 1629 1109 1687 et
1124 1624 1291 1709 preclaram
1309 1622 1475 1693 domriuam,

271 1732 397 1813 insignis
420 1732 513 1797 vestri
536 1732 615 1796 thori
639 1737 829 1803 consortem,
857 1732 1060 1813 generositate
1083 1732 1190 1794 florere
1206 1732 1398 1801 naturalium,
1416 1751 1475 1794 nec

272 1861 332 1903 non
359 1840 512 1924 sapiencie
541 1840 758 1904 instructabilis
787 1841 945 1905 altitudine
974 1841 1083 1905 celitus
1113 1841 1261 1904 ordinari:
1298 1840 1374 1903 libet
1402 1860 1473 1903 cum
1548 1843 1549 1848 ’

272 1950 374 2014 inclita
389 1955 491 2015 vestra
508 1969 623 2034 suaque
652 1949 740 2013 domo
768 1955 913 2035 perpetue
937 1951 1149 2016 familiaritatis
1172 1950 1247 2013 inire
1265 1950 1462 2013 consorcium
1548 2015 1549 2018 ,

273 2066 303 2123 et
325 2061 444 2144 utrique
471 2080 527 2143 per
552 2060 789 2123 indissociabilia
813 2059 917 2124 federa
941 2061 1068 2132 couniri,
1092 2067 1125 2125 ut
1148 2061 1252 2123 domus
1275 2059 1394 2143 imperii
1411 2080 1473 2124 una

272 2191 341 2234 cum
354 2169 474 2240 vestris,
492 2169 739 2233 confibulacionis
754 2169 869 2234 alterne
886 2171 991 2252 gavisa
1007 2169 1132 2240 solacio,
1150 2177 1180 2232 et
1196 2171 1293 2233 amico
1312 2190 1348 2232 ac
1366 2175 1472 2233 mutuo

274 2279 385 2363 ubique
417 2279 561 2360 suffragio
594 2279 752 2349 coadiuta,
785 2278 815 2340 in
846 2279 956 2362 tytulos
981 2279 1081 2362 prisce
1108 2280 1248 2364 potencie
1277 2282 1474 2349 reformetur,
1547 2255 1549 2300 ³

274 2392 423 2454 excelsius
440 2391 549 2455 vestris
565 2395 793 2477 vestrorumque
809 2391 1020 2455 familiaritatis
1032 2391 1216 2473 amplexibus
1229 2392 1391 2457 adhesum.
1406 2393 1475 2474 Qus

272 2501 393 2585 quidem
410 2502 441 2564 in
457 2500 555 2571 nobis,
572 2507 696 2565 auctore
713 2501 814 2565 divina
837 2501 1013 2572 clemencia,
1035 2501 1247 2566 fortunacioris
1265 2502 1395 2585 auspicii
1412 2504 1474 2564 iam

274 2615 435 2692 augmenta
451 2609 638 2692 suscipiens,
662 2615 692 2671 et
707 2609 746 2672 ad
763 2608 840 2673 lilios
858 2607 1004 2682 liliorum,
1027 2615 1117 2692 prout
1138 2630 1209 2694 spes
1230 2611 1378 2693 pulchra,
1399 2631 1474 2694 pro-

274 2719 401 2783 mittitur
429 2719 602 2783 successiva
637 2719 823 2782 beatitudine
860 2718 1042 2790 derivanda,
1078 2720 1103 2782 si
1132 2721 1212 2783 inter
1238 2741 1294 2784 nos
1324 2727 1473 2802 concepte

274 2829 480 2910 colligacionis
498 2833 529 2892 et
544 2848 667 2913 perros
684 2828 859 2892 familiarius
877 2817 1023 2913 requisite
1046 2829 1175 2893 felicitas
1197 2830 1229 2890 in
1244 2830 1364 2894 votivos
1382 2849 1475 2892 even-

273 2945 323 3000 tus
346 2942 376 3002 et
393 2957 545 3019 congruos
557 2936 731 3026 adolescat,
747 2936 832 3000 vobis
850 2941 880 3000 et
895 2939 1005 3001 vestris
1022 2938 1130 3001 abesse
1148 2959 1206 3000 non
1222 2938 1347 3020 poterit,
1371 2937 1427 3000 sed
1444 2938 1474 2998 in

274 3046 392 3110 cunctis
410 3045 664 3127 oportunitatibus
681 3045 847 3111 efficaciter
863 3047 1018 3128 aspirabit.

846 3253 911 3325 45.

156 3453 264 3494 russo.
297 3430 400 3493 lerna
430 3429 596 3512 prlulcglt,
636 3450 694 3512 quo
731 3433 894 3514 lnperator
925 3431 1031 3514 reclplt
1062 3432 1094 3495 ln
1125 3449 1206 3495 suan
1238 3432 1457 3514 protectionem
1547 3463 1549 3532 3

760 3541 981 3605 monasterinm.
1029 3556 1030 3560 ’

275 3702 355 3754 Form
368 3699 440 3755 cinea
451 3699 649 3772 Prfvdepiumo‚
667 3699 753 3756 durch
771 3700 884 3756 welches
902 3701 944 3756 ein
963 3699 1051 3772 Konip
1067 3700 1134 3754 oder
1147 3700 1246 3756 Kaieer
1263 3700 1350 3756 daem
1370 3699 1473 3755 reiciu-

274 3791 471 3847 comittellareo
484 3794 589 3848 Ktoeter
606 3794 650 3848 die
669 3792 834 3865 Privileyien
851 3791 940 3848 ceiner
958 3795 1108 3864 Vorqaryer
1125 3793 1248 3864 beotdtr'yt
1263 3793 1322 3847 uod
1340 3803 1471 3848 merere.
1548 3791 1549 3816 ³

365 3939 475 4003 Stobbe,
489 3941 552 3994 206.

365 4088 398 4149 ln
415 4087 574 4150 excellenti
591 4086 713 4172 specula
729 4086 814 4167 regie
830 4085 997 4149 maiestatis
1015 4085 1208 4148 ordinacione
1225 4084 1326 4150 divina
1343 4084 1472 4148 feliciter
1547 4093 1549 4122 ²

276 4197 431 4261 constituti
445 4195 482 4259 ad
496 4196 738 4279 prospiciendum
752 4195 872 4258 utilitati
886 4194 1031 4267 fidelium,
1041 4193 1306 4280 perspicacitatem
1319 4195 1473 4258 oculorum

275 4308 364 4390 longe
381 4308 501 4391 lateque
519 4306 724 4376 diffundimus,
742 4305 1017 4368 ecclesiasticarum
1034 4323 1229 4387 personarum
1247 4303 1474 4388 indempnitati-

305 4549 327 4608 1)
348 4551 439 4598 Eccles.
454 4564 475 4594 c.
490 4550 513 4606 t,
529 4553 565 4597 12.
