3116 5124
1127 310 1200 384 aas
1256 287 1260 294 ’

54 492 132 559 enims
150 493 276 575 potestas
296 488 487 572 progreditur
514 496 546 554 et
565 491 597 554 in
617 491 683 574 ipso
704 488 845 562 mmmm,
867 507 1019 552 novemur
1041 492 1072 550 et
1092 505 1205 558 sumus.

57 600 125 666 emus
148 603 276 682 potestas
303 597 402 662 omnia
430 598 564 670 continet
590 619 607 662 a
634 599 708 672 mari
729 617 823 681 usque
845 597 883 666 ad
904 615 985 660 mare
1007 599 1038 660 ‘et
1053 615 1070 658 a
1086 595 1205 658 flumine

52 728 128 792 uque
149 709 185 772 ad
203 707 344 773 terminos
367 706 447 770 orbis
469 711 562 780 terre,
579 707 664 772 euius
681 705 835 790 sapiencia
850 710 996 776 terrarum
1012 703 1158 768 stabilitas
1175 709 1207 766 et

55 817 164 882 selmum
198 815 318 879 sumitas
355 814 490 879 ordinate
526 816 681 892 consistit,
733 815 770 878 de
807 814 891 878 ouius
932 812 1085 878 thesauris
1124 811 1206 875 venti

53 924 215 990 hetlabiliter
235 925 277 1011 a)
292 924 495 1006 producuntur
517 927 548 989 et
575 924 614 988 ad
636 924 722 995 ouius
737 929 841 988 numm
862 922 935 988 fiunt
973 927 1005 986 et
1041 923 1208 985 factasunt

52 1035 173 1098 inuersa.
200 1033 265 1096 Filii
282 1037 381 1098 autem
396 1032 462 1099 eius
479 1053 570 1115 super
586 1052 704 1097 omnem
720 1038 832 1096 terram
848 1031 984 1098 obtineat
999 1030 1207 1113 prinoipatum,

54 1148 155 1225 epatre
177 1142 277 1224 gracie
299 1141 477 1225 virtutisque
498 1147 622 1206 auctore
643 1140 700 1204 illis
721 1145 870 1224 potestate
887 1138 1011 1213 collata,
1032 1143 1066 1202 ut
1081 1139 1208 1202 evellant

52 1251 245 1323 attenuarant,
263 1249 403 1314 edificent
417 1255 507 1334 atque
522 1251 656 1333 plantent
672 1250 709 1339 ¹).
726 1250 835 1314 lterum
865 1268 984 1335 quoque
1013 1246 1206 1330 possessione

51 1379 96 1424 uon
107 1359 195 1427 tenuis
212 1364 243 1423 et
256 1358 420 1432 innumeris
436 1358 599 1423 honoribus
616 1358 743 1423 exoluta
758 1359 882 1425 fratrum
899 1361 930 1420 et
951 1355 1113 1426 amioorum
1129 1355 1289 1428 eiuaootu
1303 1367 1324 1405 o·

52 1468 90 1549 qui
102 1467 193 1550 sponsi
208 1468 323 1532 iaciunt
337 1466 529 1540 uoluntatem,
544 1467 669 1532 illustris
686 1471 806 1530 caterva
821 1466 941 1537 latetur,
963 1465 1033 1528 dum
1048 1463 1135 1530 nimis
1150 1482 1205 1545 pre

52 1575 138 1642 ueteris
152 1573 289 1642 honorati
304 1574 494 1640 dileetionem
510 1573 575 1638 eius
593 1573 729 1643 omnibus
745 1577 937 1656 anteponunt.
969 1572 1052 1639 Talis
1068 1571 1160 1654 igitur
1175 1577 1207 1646 et

52 1680 108 1747 lauti
120 1663 225 1763 spotti,
242 1681 282 1754 tle
298 1683 383 1748 euius
400 1682 583 1748 extollentia
598 1687 659 1751 taur
680 1681 813 1764 gloriose
834 1685 1008 1752 narramur,
1030 1679 1207 1762 dyademate

52 1787 173 1870 indutio,
185 1789 312 1858 iliorum
324 1791 419 1872 gloria
432 1791 585 1863 desorata,
596 1789 750 1859 fraternali
762 1788 971 1853 nichilominus
983 1808 1019 1852 no
1032 1788 1208 1874 dilaotoruns

55 1893 255 1980 otsauneium
271 1897 431 1970 munimine
448 1898 651 1974 circumluitur
682 1898 792 1980 sagitte
813 1895 940 1962 uolantis
954 1917 1009 1980 per
1031 1895 1127 1967 diem,
1154 1918 1209 1962 seu

58 2001 155 2076 lemnii
190 2005 351 2076 meridiani
386 2007 618 2089 perambulantis
655 2007 687 2071 in
722 2003 857 2070 tenebris
889 2025 949 2068 non
979 2005 1140 2073 terrebitur
1170 2007 1209 2071 ab

52 2108 154 2187 iuuuuu.
169 2135 225 2184 nee
241 2115 360 2186 timebit
375 2135 393 2182 a
408 2115 514 2183 timore
531 2120 689 2185 nooturno.
709 2113 805 2196 ipsam
826 2113 978 2178 offendere
995 2119 1151 2196 satagente
1164 2115 1206 2202 s).

49 2216 119 2289 que
140 2227 220 2294 usto
241 2222 341 2306 magis
363 2223 468 2292 insano
488 2222 705 2314 presumptoris
727 2221 881 2286 temeritas
902 2221 1067 2295 intimatur,
1096 2229 1208 2306 quanto

50 2333 131 2400 roua
144 2331 350 2403 universorum
366 2331 515 2399 dominam
537 2331 652 2398 oaloem
674 2330 874 2414 superbiendo
897 2331 994 2394 elevat
1014 2337 1046 2395 et
1065 2338 1207 2408 montem,

50 2435 109 2508 uate
135 2440 211 2510 teuit
239 2439 357 2510 onustis
384 2440 537 2513 auxilium,
565 2446 690 2522 tangere
718 2460 777 2504 non
804 2439 960 2514 tormidet,
988 2459 1056 2502 eum
1083 2461 1142 2504 non
1169 2441 1209 2512 sit

48 2544 172 2626 onusta
186 2569 243 2620 ooo
260 2548 405 2624 fortitudo
420 2548 519 2631 aliqua
535 2553 640 2614 oonha
655 2548 762 2613 Deum.
789 2549 869 2614 Sane
887 2567 944 2632 qaeu
960 2547 1067 2630 spiritu
1084 2549 1209 2614 dueatur

48 2651 286 2730 tiotensionena
316 2656 419 2726 mauis
453 2656 582 2722 eoeleste
616 2660 809 2722 sacrosancte
840 2660 872 2720 et
901 2662 1011 2740 quante
1041 2658 1209 2722 mmeuute

47 2757 135 2834 orata
153 2765 336 2846 perditionis
364 2763 456 2837 filius.
488 2764 665 2846 outyohristi
687 2764 791 2832 similis
820 2769 851 2828 et
877 2784 1055 2848 preoursor,
1084 2766 1134 2851 qui
1154 2787 1210 2850 per
1236 2801 1239 2806 -

48 2865 243 2950 beatitudiuis
276 2873 386 2942 uotum
417 2893 435 2936 a
464 2873 567 2942 matris
599 2873 732 2955 gremio,
771 2892 859 2957 quam
890 2875 1019 2956 sprevit,
1055 2875 1208 2958 inprovide

49 2979 152 3048 subitus
178 2982 215 3055 ah
244 3002 282 3048 ea
310 2987 340 3047 et
366 2981 444 3052 ultra
465 2982 545 3052 viras
568 2982 614 3051 sui
635 2982 734 3050 meriti
756 2983 997 3066 insuperabiliter
1017 3003 1070 3066 pre
1099 2985 1208 3057 ueteris

50 3085 257 3164 utilititatem
274 3090 412 3162 inmerito
429 3089 542 3165 orions
558 3090 675 3163 existit,
696 3111 752 3174 per
767 3090 869 3158 literas
886 3111 956 3156 sasas
972 3090 1069 3166 vobis
1086 3114 1102 3170 o
1118 3113 1208 3176 roges

48 3195 233 3281 etprincipes,
255 3199 421 3270 destinates
437 3205 506 3282 post
522 3199 724 3282 depositionis
747 3200 943 3274 senteutiam,
964 3219 1053 3284 quam
1067 3201 1099 3264 in
1113 3202 1210 3285 ipsum

48 3301 146 3372 illimus
176 3306 214 3373 ob
246 3308 402 3412 innumera
433 3315 464 3379 ui
494 3309 623 3378 nefanda
653 3307 747 3392 ipsius
778 3309 914 3391 flagitia,
953 3330 1010 3393 que
1041 3311 1150 3374 nedum
1180 3312 1211 3385 in

48 3409 223 3490 subornatore
252 3416 388 3498 imperii.
416 3437 519 3486 verum
546 3417 642 3486 seiam
669 3417 802 3491 tollerari
829 3439 889 3482 non
915 3423 1039 3500 possent
1060 3408 1091 3482 in
1110 3419 1210 3504 ulique

49 3515 180 3596 iifissiioui
202 3523 331 3598 nominis
353 3505 538 3608 professore,
566 3526 652 3598 dum,
679 3525 822 3592 maternis
842 3526 963 3598 monitis
985 3547 1045 3590 non
1059 3527 1210 3601 admissis,

48 3623 240 3714 huonigiuiue
267 3654 392 3718 prorsus
420 3632 549 3704 existas
580 3655 641 3702 uun
673 3633 841 3707 erubescit,
872 3634 1035 3700 Pharaonis
1065 3636 1211 3706 duritiam

47 3732 212 3829 muoso).
220 3743 280 3815 Por
291 3741 392 3828 iotae)
401 3762 483 3814 suam
491 3741 799 3825 exponentiustioiam
812 3747 842 3806 et
852 3743 1072 3818 austeritatem,
1080 3751 1210 3812 assuero

49 3846 110 3916 aaut
124 3867 227 3922 totoue
246 3851 365 3934 punitus
381 3852 516 3924 muium.
531 3857 672 3936 uuquam
687 3873 747 3918 non
768 3852 887 3916 intersit
907 3853 1049 3927 soolesie,
1069 3855 1119 3919 uui
1140 3856 1213 3921 lieet

48 3948 167 4030 iuueriti
193 3959 396 4042 postumus.
416 3964 520 4047 utpote
542 3961 580 4030 (le
601 3960 816 4046 temporalibus
838 3961 1033 4044 spiritualiter
1058 3963 1211 4038 iudiearer

120 4172 190 4245 “flu
214 4190 257 4230 Ν
276 4174 376 4242 lituis·
394 4206 420 4224 *-
439 4176 471 4246 l)
493 4175 610 4248 uorat.
636 4177 767 4242 micatus,
790 4177 905 4247 utilibet
919 4181 1015 4250 lpotrst
1031 4197 1099 4241 aaut
1120 4183 1212 4239 uentis

48 4255 180 4326 obvertere.
195 4295 229 4306 -
244 4265 276 4336 c)
290 4265 364 4338 ipsas
377 4268 510 4342 siquidem
523 4285 598 4330 suum
612 4269 765 4343 exponendo
779 4272 831 4324 eto.
846 4269 960 4328 u-uroo.

47 4372 351 4398 Ἣ-

67 4435 86 4494 1)
100 4441 181 4490 ierem.
201 4446 223 4500 1,
245 4447 284 4493 lo.

67 4514 88 4578 Ι)
104 4523 181 4571 Pasira.
199 4527 240 4582 90,
257 4527 335 4573 5-7,
