3100 5116
1202 319 1276 394 391
1324 351 1331 364 =

78 489 109 547 et
123 486 254 549 nuncios
270 487 326 550 tibi
344 507 398 550 nos
415 488 623 552 transmisisse
637 491 828 556 meminimus
845 499 875 557 et
891 497 923 560 te,
939 494 1035 558 nobis.
1053 495 1225 558 Recolimus
1239 493 1283 582 a)

84 595 175 667 enim,
193 595 276 678 quod
292 595 387 678 primo
404 616 459 678 per
474 598 524 669 Ν.,
543 600 676 664 secundo
693 621 748 684 per
764 602 810 673 F,
828 602 989 666 familiares
1007 607 1127 667 nostros
1144 603 1282 675 dilectos,

81 725 117 765 en
144 709 234 784 parte
261 705 347 786 regie
369 706 536 771 maiestatis
562 707 600 771 ad
622 714 704 772 tuam
720 711 909 793 presenciam
933 712 1117 782 destinatos,
1146 717 1177 774 et
1197 717 1283 794 post-

82 811 205 876 modum
233 817 286 877 tuo
316 814 433 877 nomine
459 837 476 876 e
500 836 646 881 converso
668 837 723 899 per
744 819 782 880 M.
802 824 833 882 et
848 819 884 883 N.
904 840 921 882 a
943 825 973 882 te
996 819 1124 884 diversis
1148 821 1285 884 similiter

81 921 201 985 vicibus
219 922 258 985 ad
277 943 331 984 nos
348 924 468 996 missos,
485 924 655 1008 predictum
671 927 833 1010 negocium
849 929 939 994 variis
963 934 1011 993 est
1028 928 1282 1015 exquisicirlnibus

82 1030 240 1112 agitatum.
275 1031 318 1094 Hx
342 1031 436 1096 indita
465 1020 612 1117 siquidem
641 1034 729 1098 nobis
758 1036 889 1120 desuper
916 1037 1146 1103 mansuetudine
1172 1038 1283 1102 luimus

80 1141 258 1221 prestolati,
287 1141 366 1225 quod
390 1140 502 1205 blande
524 1144 614 1207 faciei
637 1150 739 1209 nostre
767 1152 944 1228 presentata
966 1149 1127 1231 placiditas
1149 1154 1283 1232 optatum

80 1255 235 1322 eventum,
251 1271 340 1335 quem
352 1253 383 1314 iu
395 1258 481 1336 grata
498 1254 647 1318 suavitate
664 1255 897 1339 spoponderant,
914 1258 1086 1339 parturiret.
1106 1259 1168 1324 Sed
1180 1260 1283 1342 longe,

80 1359 158 1441 proh
169 1360 269 1444 pudor
280 1361 338 1448 b)!
356 1382 460 1427 sumus
477 1384 495 1426 a
511 1367 614 1427 nostra
630 1364 803 1428 intencione
820 1367 944 1452 sepositi
955 1368 1006 1447 c),
1024 1369 1136 1432 frustra
1150 1369 1283 1452 compla-
1345 1432 1349 1436 ,

82 1470 144 1531 cuit
163 1470 252 1534 nobis
269 1471 299 1532 in
316 1471 465 1556 principe,
483 1493 499 1535 a
517 1476 688 1536 nostrorum
706 1473 813 1539 semita
829 1477 1037 1541 mandatorum
1061 1499 1093 1540 se
1115 1477 1235 1559 longius
1253 1483 1284 1540 et

80 1579 305 1644 irreverencius
322 1579 505 1665 obliquante.
539 1583 643 1653 Porro,
661 1603 728 1646 cum
751 1585 781 1646 in
799 1589 1028 1668 exspectaoione
1050 1586 1282 1670 pollicitacionis

79 1689 254 1752 huiusmodi
270 1710 366 1774 usque
389 1688 465 1752 adeo
487 1691 571 1772 regia
593 1692 685 1755 fuerit
709 1692 851 1757 inclinata
873 1695 1033 1767 maiestas,
1064 1700 1096 1758 ut
1119 1697 1283 1760 tolerancia

78 1804 182 1862 nostra
201 1798 422 1881 quodammodo
439 1819 510 1862 rere
527 1801 811 1881 paciencienomen
828 1804 962 1866 amiserit
984 1809 1015 1868 et
1031 1805 1182 1876 effectum,
1198 1811 1283 1888 post-

77 1927 169 1991 quam
186 1906 325 1970 eiusdem
342 1908 502 1993 paciencia
519 1909 635 1991 tyriaca
652 1929 711 1972 non
733 1911 857 1992 profuit,
881 1910 1063 1977 arbitrantes
1088 1913 1125 1977 ad
1151 1914 1283 1997 pocioris

76 2018 197 2081 medele
225 2018 360 2081 remedia
385 2017 615 2082 recurrendum:
648 2018 836 2083 dissimulare
853 2040 912 2083 non
928 2042 1089 2103 possumus
1113 2044 1168 2086 nec
1188 2022 1283 2087 debe-

75 2147 153 2199 mus,
170 2127 246 2212 quin
262 2134 313 2192 tue
331 2127 457 2200 duricie,
475 2147 512 2189 ne
530 2126 691 2192 dixerimus
707 2128 883 2210 pertinacia,
896 2131 1035 2195 morbum
1050 2133 1110 2196 tuis
1127 2133 1281 2218 comprin-

77 2235 211 2319 cipibus,
229 2235 267 2300 ad
285 2257 359 2322 quos
376 2256 431 2300 nos
449 2236 557 2301 inritos
576 2236 729 2323 compellit
744 2259 850 2302 reuera
867 2244 1001 2303 extrema
1017 2242 1195 2315 necessitas,
1212 2243 1280 2306 loco

76 2353 107 2410 et
120 2353 260 2430 tempore
272 2345 461 2429 detegamus,
472 2366 526 2428 pro
540 2347 616 2410 tanti
633 2367 777 2412 excessus
791 2353 820 2411 et
833 2349 942 2411 iniurie
955 2351 1122 2433 quantitate
1135 2351 1279 2416 iudicium

76 2462 108 2522 et
122 2455 280 2520 iusticiam
295 2455 426 2537 petituri.

167 2659 204 2728 α)
214 2657 299 2713 nobis.
310 2657 460 2712 llecolimus
472 2657 518 2714 sul
527 2658 612 2712 Rasur
621 2658 651 2712 v.
663 2687 690 2696 —
701 2657 733 2726 d)
745 2658 821 2711 dolor
833 2660 860 2712 Ζ.
875 2675 964 2714 sumus
977 2659 1046 2714 fehlt
1058 2661 1086 2714 Z.
1095 2690 1128 2699 —
1140 2660 1280 2733 c)suppo·

80 2749 137 2804 sitis
151 2750 181 2804 V.
197 2747 251 2802 und
264 2749 291 2802 Z.

79 2895 411 2908 —u—

149 3008 205 3040 men
218 2994 270 3039 sich
283 2994 409 3053 walgerte,
426 2995 494 3039 eeine
513 2993 592 3039 Lehen
611 3008 639 3039 nu
658 2995 760 3040 mutben.
784 2994 904 3040 Wihrend
923 3008 970 3039 nun
988 2995 1075 3040 Otalrar
1092 3006 1177 3054 wegen
1197 2995 1276 3040 dieser

151 3083 302 3145 Weigcrung
319 3084 394 3128 durch
413 3083 558 3130 idrmliohcn
576 3085 703 3134 Bescbluss
722 3086 763 3129 aui
784 3084 836 3130 dem
859 3085 1002 3144 Reichetage
1024 3098 1053 3128 nu
1075 3085 1220 3144 Nirnberg‚
1242 3099 1277 3129 am

150 3174 191 3220 19.
212 3173 346 3220 November
367 3171 439 3228 1271,
461 3173 515 3218 eine
535 3173 639 3219 Citation
658 3174 718 3219 nach
737 3173 865 3233 Wirzburg
882 3172 968 3226 erhilt,
987 3173 1049 3218 wind
1062 3173 1142 3219 weder
1158 3174 1183 3218 in
1199 3172 1280 3229 jenem

151 3264 369 3312 lleichaabschiede
382 3278 435 3310 vom
450 3265 487 3309 19.
502 3264 635 3310 November
654 3261 697 3322 (Μ.
707 3266 733 3308 G.
742 3263 837 3319 1,.’199ς
849 3265 908 3325 Reg.
922 3265 982 3309 Rud.
997 3278 1037 3309 no.
1052 3261 1121 3322 132),
1135 3265 1198 3310 noch
1211 3265 1279 3310 sonat

155 3356 284 3416 irgendwo
304 3357 420 3411 eruthnt‚
439 3357 493 3402 dass
506 3370 585 3416 gegen
599 3357 646 3402 den
658 3359 753 3416 Herzog
765 3355 886 3410 Heinrich,
905 3357 948 3401 der
966 3357 998 3400 im
1017 3356 1128 3415 gleichen
1142 3357 1208 3402 Folle
1221 3369 1279 3409 war,

151 3447 193 3491 ein
206 3447 288 3505 gleich
300 3447 412 3508 otranges
424 3447 557 3492 Veriahren
570 3447 713 3492 beobachtet
725 3448 824 3492 worden
838 3446 882 3492 sei.
895 3469 931 3476 -
944 3447 1021 3492 Uneer
1033 3447 1101 3492 Briel
1111 3447 1178 3507 neigt
1190 3447 1281 3499 nuerst,

154 3540 210 3584 dass
227 3538 307 3596 lidnig
319 3537 410 3582 liudolf
420 3537 463 3580 mit
481 3537 529 3581 ihm
548 3537 571 3581 in
591 3537 683 3582 directe
696 3536 925 3596 Unterhandlungen
943 3537 1054 3596 getreten
1073 3537 1113 3581 iet.
1137 3539 1195 3583 Dass
1214 3536 1281 3582 diese

151 3629 381 3689 Unterhandlungen
405 3628 554 3688 Hotinungen
576 3631 601 3673 in
623 3629 675 3673 dem
697 3629 791 3688 Kdnige
814 3629 964 3684 erwactten,
988 3628 1026 3673 die
1049 3627 1162 3674 Heinrich
1185 3629 1284 3689 betrog,

151 3721 244 3766 stimmt
260 3734 320 3781 ganz
339 3734 369 3764 zu
387 3721 430 3765 der
442 3720 657 3779 Unbeettndiglreit
670 3721 717 3765 und
730 3719 909 3778 Treuloaigkeit
921 3720 1000 3766 dieses
1014 3720 1122 3773 Ftirstcn,
1141 3721 1180 3766 die
1193 3720 1280 3766 Rudolt

151 3813 218 3857 noch
232 3812 313 3869 eptter
333 3811 477 3858 wiederholt
495 3810 628 3868 emplinden
647 3811 743 3855 musste.
767 3806 939 3867 (S.Boehmer,
952 3810 1137 3857 Wittelsbaeher
1158 3812 1278 3871 Regesten

152 3919 177 3962 p.
191 3903 223 3948 82
236 3903 285 3947 und
298 3903 366 3948 Cont.
381 3901 458 3947 Lamb.
474 3902 503 3946 ad
517 3916 537 3946 a.
552 3901 614 3947 1276
627 3903 658 3946 Μ.
673 3902 698 3944 G.
714 3903 754 3946 SS.
768 3901 792 3956 9,
808 3897 878 3958 561.)
902 3901 992 3946 Rudoll
1015 3902 1086 3946 droht
1105 3901 1151 3945 ihm
1174 3901 1281 3956 deehalb,

153 3993 194 4039 die
213 3993 406 4053 Angelegenheit
425 3994 476 4037 dem
498 3993 602 4037 Urtheile
620 3973 664 4038 der
677 3993 856 4038 Reichsfirreten
876 4005 904 4035 zu
922 3991 1069 4052 iibergeben‚
1089 3993 1144 4036 cine
1157 3993 1281 4052 Drohung,

154 4085 195 4132 die
217 4085 280 4130 nach
303 4085 354 4128 dem
372 4084 499 4142 Vorgehen
521 4097 600 4143 gegen
620 4083 708 4128 Otakar
725 4082 768 4128 aui
789 4084 834 4127 den
854 4083 1014 4142 Reiobstagen
1036 4096 1064 4127 nu
1083 4083 1209 4141 Nlirnberg
1231 4084 1279 4128 und

152 4177 284 4234 wirzburg
296 4175 417 4220 Eindruclr
430 4176 527 4221 macheu
540 4177 637 4221 museto.
652 4197 685 4205 —
699 4163 816 4234 librigens
830 4175 878 4220 trat
891 4173 1002 4219 Heinrich
1023 4174 1053 4216 im
1067 4174 1207 4230 September
1221 4174 1282 4218 1276

153 4281 201 4313 von
223 4269 276 4312 dem
289 4267 419 4312 Biindnisse
439 4267 481 4311 mit
494 4265 583 4311 Otakar
595 4267 684 4311 auriich
698 4266 739 4311 auf
750 4267 788 4310 die
801 4266 866 4310 Seite
879 4265 960 4325 Kdnlg
972 4264 1077 4308 Rudoli’s
1091 4265 1138 4309 und
1153 4265 1221 4309 nabm
1236 4277 1283 4310 von

153 4360 243 4404 diesem
269 4372 298 4402 zu
325 4357 451 4402 derselben
478 4357 531 4402 Zeit
558 4357 582 4401 in
597 4357 754 4417 Regensburg
779 4357 846 4401 scine
872 4356 953 4400 Lehen
979 4355 1073 4398 endlich
1099 4354 1123 4397 in
1149 4357 1282 4418 Hmpfang:

153 4451 285 4496 abeodem
306 4462 365 4507 rege
383 4447 509 4506 liudolpho
528 4450 575 4493 dux
593 4449 718 4493 Heinrieus
738 4451 826 4492 terram
845 4447 949 4492 Baunrie
972 4445 1069 4502 accepit
1091 4445 1162 4489 titulo
1185 4445 1283 4492 feodali.

156 4542 226 4586 cont.
242 4541 344 4586 Vindob.
357 4542 387 4584 Μ.
403 4543 429 4585 G.
446 4541 487 4584 SS.
501 4539 525 4593 9,
534 4539 581 4584 729
594 4540 641 4583 und
651 4540 774 4592 Boehmer‚
783 4537 902 4584 Wittelsb.
917 4538 975 4595 Reg.
990 4549 1013 4592 p.
1026 4536 1066 4580 82.
