3096 5128
259 333 338 404 tto

256 503 302 570 nis
323 503 512 589 obsequium,
529 523 711 588 generosum
726 505 757 566 te
773 507 960 585 protestatur
980 521 1080 567 coram
1097 500 1238 565 omnibus
1253 497 1359 572 tilium,
1378 503 1409 563 et
1422 500 1452 563 in

256 614 406 678 celebrem
421 614 561 696 producit
576 609 769 694 consciencie
790 611 910 694 publice
933 611 1061 694 gloriam
1078 630 1186 675 nomen
1203 615 1296 674 tuum.
1331 607 1452 672 Plenius

254 721 404 807 siquidem
420 722 500 805 apud
516 741 570 786 nos
586 720 664 785 liber
679 719 800 784 illabilis
817 719 960 784 memorie
977 720 1112 785 continet
1131 739 1188 805 que
1210 717 1402 782 recensuerit
1409 717 1451 805 c)

255 832 393 916 epistola,
411 851 500 917 quam
515 829 637 895 misisti:
655 829 735 912 quod
750 829 916 912 apostolice
924 829 1065 894 videlicet
1081 830 1157 901 sedi,
1174 829 1260 912 quasi
1277 828 1344 910 apis
1361 846 1453 910 argu·

254 945 401 1013 mentesa,
409 941 593 1012 deserviens,
602 957 660 1023 que
672 939 727 1002 Dei
740 943 811 1002 sunt
826 943 916 1022 atque
932 937 1141 1003 ecclesiastice
1157 935 1307 1000 libertatis
1321 955 1380 998 nec
1394 954 1452 998 non

254 1055 285 1114 et
300 1048 493 1113 liberaoionis
509 1047 637 1112 filiorum
654 1046 800 1119 ecclesie,
830 1065 904 1130 quos
927 1047 958 1109 in
974 1045 1118 1112 maternis
1135 1046 1303 1112 uisceribus
1322 1047 1452 1110 infestus

251 1157 410 1223 dilaniator
424 1157 595 1222 Fridericus
611 1155 729 1238 atlligit,
741 1158 824 1219 tanto
837 1155 971 1218 caritatis
988 1156 1107 1220 fervore
1123 1157 1262 1240 quesisti,
1279 1161 1311 1220 et
1324 1156 1408 1240 quod
1420 1155 1450 1219 in

250 1266 308 1330 hiis
331 1266 414 1331 lucra
435 1271 577 1349 reputans
601 1265 779 1330 detrimenta
801 1283 996 1346 quecunque,
1017 1264 1164 1329 bonorum
1186 1269 1306 1329 tuorum
1330 1265 1453 1329 fortiter

250 1377 354 1459 gravia
370 1376 518 1463 pertulisti
536 1375 711 1461 dispendia,
739 1378 769 1438 et
792 1378 895 1438 contra
918 1393 981 1445 eos,
1005 1375 1056 1456 qui
1074 1396 1109 1438 ex
1126 1374 1255 1440 adverso
1272 1373 1450 1458 insurgunt,

250 1506 310 1550 non
326 1487 421 1549 sadum
438 1504 534 1568 usque
552 1484 589 1548 ad
605 1490 722 1548 tuorum
740 1483 930 1566 sanguinem,
953 1503 1056 1546 rerum
1079 1483 1169 1546 etiam
1196 1485 1318 1568 proprie
1328 1485 1372 1571 b)
1389 1484 1450 1548 vite

248 1594 383 1679 pericula
400 1595 527 1659 subiisti.
545 1593 637 1657 Porro
653 1598 686 1657 tu
703 1610 776 1676 erga
791 1611 952 1675 personam
969 1597 1102 1656 nostram
1117 1597 1147 1656 te
1156 1597 1283 1657 actenus
1303 1593 1449 1656 omnimo-

248 1704 316 1767 dam
344 1725 482 1768 servasse
509 1704 728 1774 innocencium,
760 1722 796 1765 ex
819 1702 948 1785 quadam
970 1703 1041 1767 licet
1057 1701 1169 1767 sinceri
1186 1702 1289 1767 cordis
1303 1703 1449 1766 amaritu-

249 1797 318 1878 dine
335 1812 493 1897 profiteris.
518 1814 557 1877 Et
573 1833 628 1876 nos
645 1817 728 1876 certe
745 1811 782 1874 dc
798 1811 887 1893 plena
911 1812 1017 1876 mentis
1034 1816 1137 1875 nostre
1154 1810 1313 1875 dulcedine
1330 1813 1450 1895 perspi-

248 1941 305 1987 cue
322 1923 522 1988 consessionis
539 1921 711 1986 huiusmodi
728 1920 848 1985 veritati
864 1920 1046 1993 subicimus,
1072 1923 1151 2008 quod
1168 1921 1266 1994 nobis,
1284 1927 1448 2004 postquam

248 2033 347 2097 divina
364 2033 503 2118 dignacio
518 2031 717 2097 bumilitatem
734 2036 867 2095 nostram
883 2030 954 2094 huic
970 2033 1106 2113 specule,
1123 2031 1173 2095 cui
1181 2029 1317 2114 quamvis
1325 2031 1450 2114 indigne

246 2143 447 2224 presidemus,
463 2142 586 2214 invexit,
609 2146 639 2204 et
661 2145 741 2213 ante,
765 2140 864 2204 adhuc
886 2141 916 2203 in
939 2139 1046 2202 minori
1069 2138 1167 2204 officio
1185 2139 1373 2212 constitutis,
1396 2160 1451 2224 per

245 2251 373 2333 plurima
390 2253 508 2315 sincere
525 2249 693 2314 affectionis
715 2249 827 2312 indicia
844 2254 874 2312 et
890 2245 1061 2313 continuam
1086 2247 1272 2331 obsequendi
1302 2249 1450 2333 prompti·

246 2358 379 2423 tudinem
401 2359 552 2442 placuisti.
580 2359 642 2423 Sed
664 2357 722 2422 hec
743 2359 836 2441 igitur
851 2379 907 2422 nos
923 2357 978 2422 tibi
993 2356 1148 2422 benivolos
1173 2357 1332 2428 exhibent,
1357 2363 1448 2441 teque

248 2468 335 2532 nobis
348 2474 517 2552 acceptum,
535 2469 561 2533 si
579 2467 668 2531 nichil
685 2469 715 2531 in
732 2469 790 2532 tuis
807 2465 925 2532 actibus
943 2467 1045 2531 oculos
1062 2471 1165 2530 nostre
1187 2465 1450 2558 consideracionis

250 2575 385 2649 offendit,
413 2579 533 2660 quando
561 2578 657 2641 eciam
686 2578 716 2640 in
744 2576 965 2641 substitucione
987 2576 1110 2641 alterius
1132 2576 1170 2640 ad
1193 2574 1382 2659 legacionis,
1393 2596 1451 2659 qua

247 2683 437 2769 fungebaris,
453 2685 585 2751 officium
603 2688 703 2769 sapuit
719 2686 775 2749 tibi
793 2705 926 2772 amarum
935 2687 1047 2769 aliquid
1063 2685 1111 2750 vel
1127 2687 1298 2770 indignum,
1322 2686 1449 2751 debuis-

248 2814 298 2859 ses
320 2796 351 2859 id
374 2816 429 2881 pro
452 2795 632 2865 intensionis
661 2801 763 2859 nostre
787 2815 823 2859 ac
845 2797 971 2859 fratrum
988 2800 1159 2860 nostrorum
1175 2794 1360 2860 rectitudine
1377 2797 1451 2862 alle·
1536 2801 1537 2854 ζ

246 2922 347 2986 gesse,
364 2911 398 2969 ut
414 2905 574 2969 cuiuslibet
591 2905 771 2987 suspicionis
789 2904 994 2986 obprobrium,
1011 2904 1104 2989 siqua
1120 2905 1198 2968 forte
1214 2904 1348 2969 animum
1364 2912 1449 2971 tuum
1536 2959 1537 2986 ,

246 3011 283 3078 de
312 3014 445 3097 cogitata
472 3015 503 3077 in
531 3019 561 3077 te
588 3012 716 3077 alicuius
744 3013 929 3077 confusionis
964 3013 1073 3076 iniuria
1101 3013 1210 3086 subiit,
1241 3020 1446 3098 amputasses.

247 3122 331 3188 Scito
354 3103 466 3206 itaque,
489 3128 522 3187 ut
544 3142 661 3186 omnem
685 3123 910 3187 amaritudinem
936 3123 1035 3187 devoti
1057 3121 1110 3186 filii
1129 3123 1298 3188 dulcedinis
1322 3131 1450 3208 paterne

245 3231 362 3296 medela
385 3231 532 3315 depellat,
558 3233 593 3308 in
615 3232 834 3296 substitucione
858 3231 996 3317 predicta
1013 3253 1066 3296 nos
1085 3253 1121 3296 ac
1136 3233 1246 3297 iratres
1264 3234 1390 3299 eosdem
1407 3235 1446 3299 nil

245 3340 303 3405 nisi
318 3341 488 3423 proiectum
505 3360 662 3404 commune
679 3347 709 3404 et
726 3342 859 3424 quietem
874 3345 967 3412 tuam,
990 3360 1080 3425 quam
1096 3343 1163 3424 plus
1180 3343 1268 3408 solito
1284 3344 1367 3408 sorte
1382 3350 1448 3409 tur·

246 3449 354 3514 barent
369 3469 427 3536 que
444 3449 591 3514 inminent
607 3449 733 3533 negocia
746 3450 797 3537 c),
815 3456 844 3514 et
868 3470 960 3515 novos
984 3451 1140 3535 exigencia
1161 3451 1320 3530 humeros,
1348 3459 1448 3518 atten-

245 3559 337 3632 disse,
366 3579 402 3624 ac
431 3561 526 3624 eciam
555 3559 704 3624 accidisse
726 3565 830 3642 preter
852 3560 1050 3643 propositum,
1072 3561 1098 3622 si
1122 3559 1194 3644 quid
1212 3560 1376 3645 displicere
1392 3563 1447 3628 tibi

245 3669 341 3753 potuit
355 3670 437 3734 circa
454 3669 709 3762 substitueionem‘
728 3669 864 3740 eandem,
882 3670 929 3733 vel
948 3689 983 3732 ex
999 3669 1087 3732 modo
1102 3669 1187 3740 facti,
1210 3670 1257 3734 vel
1281 3691 1318 3734 ex
1335 3672 1447 3736 antici·

244 3778 370 3861 pacione
388 3779 514 3842 rumoris
527 3777 652 3860 publici,
669 3796 758 3860 quem
781 3783 833 3842 tua
856 3778 968 3842 noticia
990 3797 1049 3841 non
1072 3777 1218 3860 prevenit.
1250 3779 1337 3844 Solet
1354 3782 1446 3856 enim,

244 3892 276 3951 ut
293 3886 381 3957 nosti,
399 3891 482 3950 tante
499 3887 661 3960 celeritatis
680 3907 748 3950 esse
764 3888 854 3959 sama,
871 3907 961 3970 quam
977 3887 1055 3971 parit
1070 3887 1204 3969 vulgaris
1227 3888 1341 3973 opinio,
1366 3890 1447 3974 quod

241 3996 390 4061 interdum
407 3995 513 4068 eciam,
528 3997 605 4088 miro
621 3995 773 4080 presagio,
789 3995 902 4060 intimis
919 3995 1093 4079 pectoribus
1110 3995 1232 4061 condita
1244 4004 1446 4085 secretapre-

243 4105 328 4178 libnt,
358 4126 394 4171 ac
423 4104 557 4188 ipsarum
586 4106 769 4188 agendarum
796 4125 895 4170 rerum
920 4110 1058 4170 eventum
1080 4106 1257 4170 multociens
1273 4109 1448 4174 antecedat.

240 4215 339 4288 Unda,
356 4215 425 4298 quia
440 4213 496 4277 tibi
511 4214 645 4297 presenti
662 4215 780 4297 plenius
797 4215 986 4278 innotescere
1003 4215 1113 4300 poterit
1128 4219 1189 4280 tam
1205 4219 1333 4297 paterne
1350 4237 1441 4301 quam

184 4304 189 4312 ¹
238 4325 373 4388 fraterne
390 4323 522 4388 caritatis
538 4323 708 4406 integritas,
726 4345 785 4387 non
803 4326 896 4388 solum
914 4325 1014 4407 placet
1030 4324 1128 4397 nobis,
1152 4326 1207 4390 sed
1230 4325 1346 4400 eciam,
1375 4347 1445 4393 cum

241 4434 279 4499 ad
296 4432 510 4516 suportandam
533 4430 615 4497 orbis
632 4433 780 4497 sarcinam
802 4439 885 4499 tuam
909 4433 995 4497 nobis
1019 4434 1209 4516 presenciam
1234 4437 1442 4502 necessariam
1536 4501 1537 4520 p

334 4558 368 4627 a)
383 4557 519 4613 recensuit
531 4576 563 4612 cu
576 4559 659 4614 lesen.
677 4589 705 4600 -
722 4559 754 4631 d)
768 4575 854 4631 prope
868 4561 896 4614 V.
912 4589 945 4600 -·
962 4559 994 4630 e)
1009 4561 1123 4633 negocia
1140 4577 1181 4616 am
1194 4560 1226 4617 R.
1238 4561 1269 4618 V.
