3168 5124
350 285 402 356 tz

345 458 437 535 tibus,
452 460 494 526 illi
511 461 674 528 advocacie
691 464 878 530 renunciavit
893 484 1046 549 expresse,
1061 460 1140 526 bona
1155 457 1213 526 lide
1229 467 1425 544 protestatus,
1453 463 1517 548 qnod

347 570 509 638 ecclesiam
525 572 729 658 supradictam
745 574 824 638 undio
841 593 980 660 umquam
995 580 1129 657 tempore
1145 571 1316 638 molestaret
1331 572 1382 660 a),

689 761 847 827 tractatus
864 762 902 827 de
918 743 1200 826 cortrncclcrllrs.

674 865 684 886 ⁶
825 885 1063 944 praesecuerunt).

435 979 512 1066 Quia
539 984 713 1051 evidencius
741 988 780 1052 ad
807 988 973 1052 sententias
1003 987 1088 1071 sequi
1106 985 1143 1074 e)
1160 985 1236 1050 solet
1256 985 1358 1049 robur·
1377 982 1517 1055 firmitatis,

344 1103 565 1178 consequenter
581 1096 618 1161 dc
635 1097 914 1164 confirmacionibus
926 1099 1090 1163 rideamus.
1107 1138 1150 1149 -
1166 1099 1330 1164 astantem
1345 1093 1517 1161 confirmacio

344 1206 462 1289 quando
478 1227 555 1291 papa
572 1207 618 1272 vel
635 1209 710 1274 alius
727 1208 816 1274 iudex
831 1209 872 1296 d)
889 1209 1320 1298 ecclesiasticusjsentenciam
1347 1205 1396 1269 sui
1428 1205 1518 1268 iudicis

344 1338 377 1381 se
391 1324 494 1383 ratam
516 1320 630 1386 habere
646 1322 708 1386 suis
725 1321 890 1409 asserite)
911 1322 1005 1386 literis
1022 1326 1053 1386 et
1068 1319 1229 1386 conllrmtt.
1261 1315 1454 1384 confirmacio
1474 1315 1518 1378 alia

344 1430 496 1520 simplem,
513 1433 571 1496 alia
588 1435 830 1506 condicionalis,
847 1433 904 1497 alia
920 1457 1021 1499 mero.

433 1541 583 1632 Simplex
600 1547 647 1607 est
669 1543 787 1628 quando
803 1543 895 1607 nichil
917 1543 1050 1607 continet
1066 1543 1102 1606 de
1118 1542 1242 1607 materia
1256 1539 1298 1605 rei
1316 1539 1364 1602 vel
1391 1555 1517 1621 processu

344 1651 511 1725 sentencie,
528 1672 586 1737 que
604 1658 650 1716 est
668 1651 887 1726 confirmanda,
910 1652 965 1715 sed
993 1652 1167 1735 simpliciter
1189 1651 1297 1714 dicitur
1317 1651 1378 1712 ita:
1405 1648 1517 1722 „factum

343 1758 410 1823 talis
419 1761 606 1843 capitolino}
619 1761 838 1845 talisprepositi
847 1760 1285 1833 sentenciamcoufirmamus“;
1301 1757 1517 1826 condicionalis

343 1873 391 1932 est
405 1867 463 1955 f),
481 1889 538 1954 que
553 1870 684 1953 pertinet
699 1891 753 1954 pro
769 1877 855 1954 parte
871 1871 910 1935 ad
926 1870 1081 1936 materiam
1097 1871 1144 1934 uel
1160 1889 1334 1953 processum
1356 1868 1404 1932 rei
1426 1864 1517 1930 contir-

342 1979 460 2053 mande,
478 1980 528 2045 ubi
544 1981 686 2046 videlicet
708 1980 871 2046 instructus
888 1987 936 2045 est
950 2001 1028 2066 papa
1049 1981 1097 2044 uel
1112 1980 1186 2046 alius
1202 1979 1289 2046 iudex
1305 2000 1341 2043 cx
1357 1977 1517 2042 narracione

341 2088 388 2152 vel
416 2092 613 2173 suggestione
629 2089 755 2155 alicuius
771 2092 866 2174 partis
893 2091 931 2155 de
953 2111 1098 2174 processu
1125 2089 1254 2173 negocii,
1281 2109 1339 2153 neo
1374 2087 1417 2152 ita
1445 2086 1516 2170 plene

341 2202 460 2263 constat
471 2198 575 2274 iudici,
588 2201 667 2284 quod
684 2201 715 2264 in
727 2199 967 2266 confirmacionis
983 2200 1138 2264 sentencia
1154 2198 1198 2262 sic
1216 2198 1311 2263 dicat:
1337 2199 1440 2274 „sicut
1454 2196 1516 2258 iuste

340 2313 370 2371 et
385 2307 609 2375 racionabiliter
624 2316 672 2374 est
684 2312 816 2375 lactum“
831 2316 862 2374 et
876 2316 929 2384 „ut
939 2310 999 2374 lata
1011 2316 1058 2374 est
1071 2309 1238 2374 sententiae
1252 2308 1292 2395 o)
1305 2307 1516 2374 confirmamus:

340 2441 429 2487 mera
446 2428 507 2495 est,
536 2421 587 2485 uhi
603 2442 680 2506 pape
696 2424 743 2487 uel
760 2423 809 2486 alii
826 2421 917 2486 iudici
933 2422 1021 2505 plene
1037 2427 1156 2486 constat
1170 2421 1210 2484 de
1230 2422 1327 2494 lacto,
1349 2425 1423 2484 tunc
1440 2415 1518 2480 omnis

342 2537 444 2596 cessat
459 2532 607 2606 condicio,
630 2534 685 2598 sed
701 2535 742 2598 ita
758 2533 884 2607 dicitur,
906 2533 933 2596 si
948 2552 1025 2616 pape
1042 2538 1089 2595 est
1105 2529 1305 2618 confirmssio:
1331 2527 1516 2605 „auctoritate

341 2641 550 2726 omnipotentis
571 2643 628 2709 Dei
653 2651 683 2708 et
704 2646 906 2728 apostolorum
929 2644 993 2708 cius
1013 2643 1095 2707 Petri
1111 2649 1143 2706 et
1164 2641 1246 2706 Pani
1267 2643 1382 2706 faenum
1398 2639 1466 2710 talc,
1480 2633 1516 2698 rel

338 2751 428 2819 talem
444 2751 629 2818 sentenciam
642 2752 871 2819 confirmamus“
885 2793 930 2804 -
942 2753 968 2816 si
984 2753 1060 2816 alius
1072 2751 1161 2817 iudex
1176 2759 1224 2817 est
1234 2751 1360 2818 dicitur:
1380 2746 1517 2825 „cunctori-

337 2866 411 2936 tate,
427 2863 687 2947 qualungimur“.
813 2883 820 2899 ·

704 3033 808 3098 lerna
822 3031 1058 3134 confirmacionis
1073 3050 1160 3098 ncrc.

428 3155 594 3241 Gregorius
612 3176 659 3241 ep.
677 3178 702 3221 s.
720 3177 745 3220 s.
762 3157 820 3221 Dei
837 3157 947 3222 dilecto
963 3156 995 3222 in
1011 3156 1131 3221 Christo
1154 3155 1238 3220 fratri
1257 3131 1292 3217 lt.
1309 3151 1350 3242 l)
1380 3145 1517 3230 archiepi-

337 3283 429 3349 scopo
442 3267 511 3331 talis
522 3266 582 3331 loci
596 3285 632 3331 ac
646 3265 711 3350 ejus
724 3266 932 3331 coniudicihus
949 3267 1084 3330 salutem.
1102 3264 1211 3330 Dilecti
1228 3264 1259 3328 in
1275 3260 1397 3328 Christo
1414 3259 1472 3331 filii,
1486 3256 1515 3320 u.

337 3376 431 3442 abbas
448 3377 515 3442 talis
531 3377 590 3442 loci
609 3382 640 3442 ct
659 3377 691 3442 C.
711 3377 793 3460 prior
808 3377 983 3443 monasterii
1009 3377 1154 3450 eiusdem,
1173 3373 1337 3438 secundum
1359 3371 1395 3457 ἰ)
1421 3367 1516 3455 quoda

338 3485 423 3551 nobis
437 3486 527 3551 iidem
539 3493 781 3572 receperuntper
794 3487 976 3570 apostolicas
989 3487 1092 3550 literas
1104 3486 1136 3550 in
1151 3482 1315 3555 mandatis,
1327 3481 1359 3545 in
1372 3497 1516 3562 causaque

337 3617 428 3680 super
443 3601 508 3664 iure
524 3604 700 3685 patronatus
718 3604 850 3668 ecclesie
865 3602 1047 3688 parochialis
1063 3603 1131 3667 talis
1147 3603 1215 3666 ville
1237 3601 1315 3664 inter
1330 3594 1517 3662 venerabilem

338 3708 367 3772 in
384 3711 502 3775 Christo
520 3715 644 3778 fratrem
672 3713 848 3796 episcopum
864 3714 954 3778 talem
976 3735 1012 3778 ex
1032 3720 1118 3796 parte
1141 3733 1216 3786 una,
1245 3717 1276 3775 et
1296 3713 1329 3775 B.
1354 3709 1517 3772 militemur

336 3825 422 3901 parto
438 3821 532 3886 altera
548 3822 733 3897 vertebatur,
750 3831 869 3889 servato
892 3824 966 3889 iuris
983 3824 1105 3898 ordine,
1121 3822 1337 3907 procedentes,
1355 3819 1466 3882 dictum
1479 3813 1517 3875 ius

336 3937 509 4011 patronatus
532 3933 662 4000 ecclesie
683 3934 818 4016 predicte
842 3935 1088 4000 adiudicaverunt
1109 3954 1165 4019 per
1189 3931 1373 3997 diffinitivam
1408 3931 1516 3991 senten·
1542 4001 1547 4019 ι

335 4037 408 4104 tiam
423 4040 508 4104 militi
525 4048 698 4108 memorato.
730 4043 768 4108 Et
785 4045 855 4128 quia
876 4046 1047 4127 patefactus
1070 4051 1117 4110 est
1140 4044 1227 4110 nobis
1250 4044 1287 4108 de
1309 4042 1436 4106 veritate
1457 4057 1517 4122 pro·

428 4171 463 4240 o)
490 4170 658 4236 molectdrct,
683 4174 764 4228 abbas
791 4191 897 4246 quoque
922 4175 1088 4231 renunciavit
1117 4175 1241 4246 dampnis
1266 4177 1295 4252 et
1318 4173 1422 4228 iniuriis
1447 4167 1516 4241 prout

331 4265 462 4332 superior
475 4269 517 4320 eat
530 4282 682 4337 exprasrurn
691 4268 719 4323 Z.
729 4301 766 4310 -
775 4269 806 4340 d)
818 4270 885 4324 llist.
894 4270 925 4326 Χ.
936 4272 966 4325 V.
976 4301 1012 4312 —
1023 4271 1053 4342 r)
1065 4271 1142 4341 aequi
1154 4270 1224 4326 fehlt
1232 4272 1262 4326 V.
1275 4299 1307 4309 —
1319 4270 1353 4339 d)
1364 4262 1516 4323 ecclesiasti·

336 4370 393 4408 cam
412 4356 574 4412 sentenciam
594 4358 651 4414 cive
668 4363 820 4416 sentencias
837 4360 879 4418 sui
899 4362 996 4416 iudicia
1013 4363 1040 4416 Z.
1054 4391 1090 4402 -
1103 4361 1135 4431 c)
1151 4361 1288 4417 astruitV.
1305 4359 1516 4431 -f)quec⁰1¹·

334 4445 408 4499 tinet
424 4464 475 4518 pro
495 4451 574 4518 parte
592 4451 726 4507 materiam
738 4454 765 4506 Z.
780 4483 812 4492 —
825 4454 861 4525 y)
875 4453 932 4516 Yon
950 4455 990 4509 sic
1008 4453 1090 4519 dicat,
1111 4455 1168 4509 also
1184 4472 1234 4508 ron
1251 4452 1387 4508 sentencia
1405 4451 1446 4505 loia
1462 4465 1515 4504 son·

279 4609 286 4623 Ι
336 4536 430 4591 tancia
444 4538 514 4592 telrlt
526 4541 557 4594 V.
575 4573 603 4584 -
620 4540 655 4611 d)
668 4543 730 4597 talia
743 4545 859 4600 ecclesie
873 4547 1002 4620 episcopo
1019 4548 1048 4600 Z.
1060 4577 1094 4590 ·-
1108 4547 1135 4619 ι’)
1150 4566 1180 4604 ac
1192 4546 1338 4602 secundum
1350 4545 1380 4599 V.
