3100 5116
1198 319 1274 392 345

83 503 147 570 est,
166 500 248 583 quod
265 499 355 563 hodie
371 501 438 583 plus
461 499 559 570 solito,
584 503 708 583 propter
724 504 881 581 corruptas
898 498 1072 562 affectiones
1088 497 1241 560 hominum
1258 500 1289 558 et

73 608 307 673 invalescentes
337 609 494 692 nequicias
523 627 745 690 perversorum,
779 607 870 670 nichil
899 608 995 690 magis
1019 604 1060 690 a)
1088 610 1190 690 potest
1217 626 1286 670 esse

75 718 249 802 unicuique
265 718 349 801 genti
366 717 404 803 b)
420 718 557 790 heacius,
574 737 664 803 quam
679 717 758 781 hono
776 718 814 804 c)
830 720 952 799 pastore
975 735 1010 780 ac
1028 717 1164 787 ductore,
1182 715 1286 800 previo

73 826 176 898 duce,
213 827 290 909 regi.
338 826 412 890 Cum
443 827 539 910 igitur
560 827 601 911 d)
634 828 727 890 multa
767 825 969 890 sollicitudine
1000 825 1221 908 providerimus
1248 825 1285 887 N.

72 935 215 999 ecclesie
228 935 266 1020 e)
299 935 421 1018 dignum
452 936 588 1018 preferre
600 937 638 1024 f)
654 941 819 1006 rectorem,
852 935 883 997 in
911 955 964 998 vos
992 938 1103 998 sortem
1131 934 1288 998 electionis

73 1044 195 1108 eadere
224 1044 318 1108 voluit
345 1045 411 1128 ipse
433 1046 525 1109 Deus.
557 1047 602 1109 Ex
630 1065 690 1130 qua
719 1066 793 1109 sane
810 1044 971 1108 electione
996 1064 1064 1108 cum
1088 1065 1124 1106 ex
1138 1042 1180 1129 9)
1206 1043 1286 1111 omni

72 1159 167 1236 parte
197 1154 386 1218 satisfactum
414 1157 453 1218 sit
481 1154 640 1219 desideriis
669 1155 769 1218 cordis
797 1155 902 1225 nostri,
927 1174 962 1217 eo
986 1153 1066 1237 quod
1094 1154 1206 1217 scimus
1229 1173 1284 1216 vos

76 1261 182 1326 uirum
214 1263 336 1326 doctum
375 1263 467 1334 adeo,
508 1269 540 1326 ut
581 1263 686 1328 sciatis
718 1283 795 1348 equa
825 1265 913 1326 lance
944 1263 1111 1344 ponderare
1143 1259 1287 1324 iudicium

75 1371 113 1433 in
139 1370 276 1454 pondere
305 1391 341 1434 ao
369 1371 520 1436 iusticiam
549 1372 579 1435 in
607 1391 748 1436 mensura
776 1377 806 1434 et
835 1373 864 1434 in
876 1371 916 1457 Ιι)
934 1371 1098 1435 vindictam
1121 1371 1290 1433 facinorum

87 1480 229 1561 gladium
245 1479 374 1551 vibrare,
392 1499 446 1562 pro
463 1481 550 1544 modo
567 1480 722 1552 facinoris,
745 1481 955 1565 temporalem:
980 1499 1123 1562 rogamus
1139 1479 1172 1564 i)
1189 1481 1290 1564 itaque

81 1607 150 1658 vos,
168 1593 328 1672 quatenus,
352 1590 424 1653 viris
442 1588 593 1653 nobilibus
610 1591 824 1672 congregatis,
848 1590 1000 1653 dumtaxat
1020 1588 1142 1660 talibus,
1165 1607 1290 1672 quorum

79 1695 144 1760 fide
178 1701 209 1759 et
236 1698 400 1782 prudencia
432 1697 529 1762 honor
555 1705 657 1762 vester
684 1699 834 1781 gloriosus
862 1701 1022 1780 appareat,
1056 1697 1143 1761 nohis
1166 1697 1219 1760 tali
1243 1696 1291 1759 die

84 1807 223 1868 vestram
241 1805 407 1869 exhiheatis
424 1806 625 1889 presenciam,
642 1809 695 1878 ita,
714 1810 739 1869 si
756 1807 987 1870 assenciendum
998 1807 1039 1890 lc)
1051 1805 1195 1870 duxeritis
1213 1807 1291 1870 votis

84 1914 219 1985 nostris,
257 1914 343 1978 nohis
379 1915 580 1980 intencionem
614 1920 746 1979 vestram
787 1937 842 1999 per
879 1917 1108 1979 instrumentum
1138 1914 1292 1998 publicum

84 2025 276 2089 intimantes.

184 2207 220 2276 a)
233 2207 319 2278 magis
330 2207 400 2261 fehlt
411 2206 536 2278 82.—d)
547 2205 646 2278 populo
665 2206 709 2261 82.
718 2235 751 2248 —
763 2207 795 2276 c)
812 2208 881 2261 hono
895 2207 963 2262 duee
973 2208 1069 2278 previo
1081 2208 1148 2262 hene
1166 2207 1228 2262 duci
1246 2206 1294 2261 82.

87 2327 123 2338 -
139 2297 176 2367 d)
195 2297 275 2353 huius
293 2297 332 2352 rei
352 2297 443 2365 gracia
464 2299 545 2354 multa
564 2297 608 2352 82.
622 2329 656 2338 —
676 2299 708 2367 c)
729 2298 930 2368 provideremus
944 2303 1036 2354 nostro
1051 2297 1170 2369 regimini
1185 2299 1292 2365 dignum

87 2389 239 2461 preficere.
256 2421 286 2432 -
305 2389 337 2461 f)
358 2391 415 2445 ch
433 2389 492 2444 hier
511 2408 544 2445 an
557 2391 604 2445 hat
616 2391 673 2445 Fol.
686 2388 723 2443 82
735 2389 902 2460 Fulgentes:
926 2408 973 2462 per
986 2391 1101 2448 brevium
1115 2392 1290 2461 sollempnem

91 2481 170 2536 iuxta
184 2478 357 2550 municipales
381 2481 565 2534 observanciis
579 2481 646 2553 legis
665 2488 755 2536 nostre
774 2481 799 2535 iu
818 2481 889 2537 viros
908 2481 1076 2538 fidelissimos
1097 2485 1125 2535 et
1144 2483 1291 2552 prodentes

87 2570 235 2626 electionis
249 2572 395 2626 auctoritas
409 2575 482 2627 sorte
496 2573 573 2633 venit,
590 2572 635 2641 qui
649 2571 783 2628 virtuosos
796 2572 880 2628 Ytalie
892 2573 974 2637 risos,
987 2578 1016 2628 ut
1034 2573 1184 2628 huiusmodi
1197 2574 1291 2644 dignos

87 2665 232 2736 prelature
245 2664 360 2718 sollicita
388 2666 586 2720 examinacione
609 2673 768 2736 querentes,
790 2663 910 2728 tandem,
933 2664 1115 2720 consideratis
1138 2666 1291 2724 virtutihus,

90 2774 163 2829 quas
180 2756 207 2810 in
226 2755 301 2809 vohis
319 2755 462 2811 affluenter
481 2756 576 2811 adesse
595 2757 708 2810 omnium
722 2757 849 2827 predicat
861 2757 950 2827 opinio
964 2755 1080 2811 celebris
1096 2763 1122 2811 et
1135 2757 1290 2818 communis,

95 2863 243 2918 personam
256 2850 371 2900 vestram
385 2865 398 2899 a
414 2847 542 2902 Kalendis
553 2847 674 2902 ianuarii
694 2846 725 2900 ad
740 2865 819 2900 unum
833 2863 927 2901 annum
942 2846 1018 2900 nobis
1039 2853 1067 2902 et
1084 2846 1184 2902 civitati
1198 2850 1291 2902 nostre

94 2939 122 2992 in
135 2939 309 3008 potestatem,
322 2941 455 2993 rectorem
468 2942 496 2994 et
509 2939 642 2994 dominum
656 2939 787 2994 electione
801 2937 929 2995 concordi
943 2944 970 2993 et
983 2939 1096 2992 unanimi
1109 2941 1293 3011 prefecerunt.

91 3031 267 3100 Quapropter
285 3047 343 3083 cum
365 3049 398 3085 cx
419 3031 480 3101 ipsa
500 3031 631 3086 electione
655 3031 689 3084 sit
711 3048 763 3103 per
785 3047 887 3085 omnem
912 3030 1015 3086 modum
1036 3031 1194 3087 mirabiliter
1212 3031 1292 3086 satis·

92 3123 197 3174 factum
212 3120 344 3175 desiderio
359 3123 448 3176 cerdis
462 3126 515 3176 etc.
526 3155 555 3166 -
561 3122 596 3194 9)
612 3139 644 3176 ex
656 3123 724 3177 fehlt
738 3121 866 3192 57.—h)
881 3121 906 3176 in
919 3122 988 3177 fehlt
1000 3121 1044 3176 ts.
1059 3152 1092 3162 -—
1106 3123 1133 3192 i)
1147 3123 1229 3177 Dafiir
1240 3123 1290 3178 82:

92 3211 271 3266 Prudenciem
286 3217 399 3267 vestram
413 3215 543 3268 instanter
557 3219 585 3268 et
602 3215 690 3268 inultis
704 3215 832 3284 precihus
846 3229 994 3278 exoramus,
1009 3221 1141 3284 quatenus
1154 3215 1292 3286 regiminis

32 3367 37 3380 ,
93 3303 179 3359 nostri
198 3304 285 3358 locum
300 3307 328 3359 et
341 3305 457 3360 officium
472 3324 530 3360 cum
548 3306 595 3360 tali
610 3306 707 3360 salario
722 3309 749 3360 et
762 3325 821 3361 cum
834 3307 887 3359 illis
901 3305 1113 3370 condicionibus,
1134 3325 1201 3379 ques
1215 3309 1292 3362 vohis

93 3396 119 3449 in
144 3394 252 3465 publica
275 3397 358 3449 forma
381 3398 563 3467 perlatorem
588 3398 755 3469 presencium
779 3397 998 3460 transmittimus,
1022 3397 1166 3453 liberaliter
1187 3415 1293 3471 accep-

93 3484 161 3541 tetis
174 3489 227 3538 etc.
242 3517 275 3526 —
289 3483 324 3555 c)
339 3486 361 3540 si
376 3488 408 3542 ad
423 3488 627 3542 assencicodum
642 3487 685 3542 57.

189 3632 268 3685 Dicae
288 3633 391 3686 Formel
410 3633 491 3687 hehrt
511 3633 535 3686 l.
558 3634 583 3686 in
603 3648 727 3688 unserem
746 3634 765 3686 F
768 3633 948 3700 ormelhuche,
967 3638 1047 3689 unten
1067 3633 1123 3688 Fol.
1144 3632 1179 3688 hi
1196 3651 1239 3688 no.
1260 3632 1295 3688 35

96 3722 210 3785 wieder,
224 3723 271 3775 mit
284 3722 334 3777 der
347 3711 536 3779 llberschrift:
550 3725 606 3780 llex
616 3725 752 3794 significat
766 3723 904 3797 episcopo,
920 3726 991 3795 quod
1004 3726 1105 3795 gaudet
1117 3727 1151 3781 de
1162 3727 1296 3784 electione

96 3814 131 3869 de
153 3831 195 3875 eo,
213 3813 239 3866 2.
258 3814 285 3867 in
305 3814 379 3867 einer
397 3815 514 3868 anderen
532 3817 696 3886 Sammluug‚
715 3819 796 3870 unten
815 3817 871 3871 Fol.
890 3814 935 3877 82,
956 3833 997 3870 no.
1016 3815 1049 3870 ol
1070 3815 1118 3870 mit
1137 3817 1186 3871 der
1203 3805 1295 3873 llber-

94 3905 207 3960 schrift:
221 3905 319 3971 „alicui
333 3906 404 3977 quod
416 3909 451 3962 sit
464 3909 567 3963 electus
586 3909 612 3960 in
634 3911 812 3978 potestatem“
827 3909 873 3962 mit
886 3910 937 3963 deu
951 3908 1040 3962 dieser
1053 3897 1222 3964 Uberschrift
1236 3913 1296 3964 ent·
1325 3898 1331 3913 ⁴

95 3994 286 4068 sprechcnden
304 3996 531 4066 Ahweichungen,
550 3999 651 4053 welche
670 4000 739 4054 oben
758 4001 842 4053 seben
862 4001 913 4054 den
935 4000 1143 4055 verschiedcnen
1166 4001 1296 4055 Lesarten

97 4096 176 4143 unter
191 4088 251 4142 dem
263 4087 331 4143 Text
343 4091 496 4161 angegehen
511 4091 579 4154 sind,
592 4089 644 4145 und
660 4091 801 4163 folgender
812 4090 961 4146 salutacie:
975 4091 1050 4146 lliliti
1063 4092 1176 4163 probate
1189 4091 1252 4146 fidei
1268 4095 1298 4146 et

98 4179 247 4235 examinate
264 4179 369 4235 virtutis
388 4220 394 4234 .
414 4220 420 4232 .
440 4181 470 4234 u.
488 4185 620 4252 potestas,
640 4198 788 4248 commune,
807 4182 946 4238 consilium
962 4181 1125 4237 Bononiense
1143 4184 1298 4240 salutemet

97 4286 246 4342 prosperos
261 4271 293 4324 ad
308 4275 368 4326 vota
382 4289 533 4329 successus.
