3116 5124
1191 291 1239 362 73

63 463 219 547 comparuit
241 463 274 526 in
295 462 374 526 faeie
396 461 525 526 ecclesie
547 461 578 525 in
594 463 749 546 sollempni
764 463 938 546 penitentia.
966 465 1000 528 in
1011 464 1069 526 hiis
1093 465 1240 537 omnibus,

62 575 124 637 iicet
148 593 207 635 non
235 571 277 634 sit
296 577 471 654 peccatum,
499 576 600 634 tamen
621 576 690 634 sunt
707 571 746 658 a)
767 571 965 654 irregulares,
988 578 1018 635 et
1040 592 1098 635 non
1114 577 1241 655 possunt

61 681 218 764 promoveri
235 680 276 744 ad
294 700 399 744 sacros
416 679 547 744 ordines.
565 679 695 743 infames
708 681 798 744 etiam
811 686 880 755 sunt
891 680 1085 762 irregulares,
1098 686 1131 743 ut
1146 681 1240 753 fures,

60 788 199 870 sacrilegi,
207 787 393 871 sepultorum
401 787 617 871 lJviolatores,
625 788 883 871 adulteri,periuri
891 789 1181 871 sollempniperiurio
1190 789 1240 875 a),

60 917 246 980 percussores
254 902 374 979 patrum
387 902 417 960 et
429 902 567 970 matrum,
579 896 739 969 homicide,
752 903 902 980 raptores,
915 897 1089 969 incestuosi,
1102 895 1240 969 malefici,

22 1079 23 1082 Ἴ
60 1004 184 1077 venefici,
202 1005 352 1078 heretici,
368 1005 544 1088 symoniaci,
568 1005 600 1068 in
614 1004 673 1069 fide
690 1026 809 1091 quoque
826 1006 971 1089 suspecti,
989 1012 1124 1089 apostate
1140 1027 1157 1069 a
1180 1006 1239 1070 lide

59 1116 97 1178 rel
112 1114 147 1178 ab
163 1114 265 1199 aliquo
283 1114 397 1178 ordine.
429 1114 482 1179 isti
497 1134 601 1178 omnes
618 1114 745 1178 infames
762 1120 832 1177 sunt
847 1121 878 1178 et
893 1116 959 1197 ipsa
974 1116 1094 1179 infamia
1111 1114 1241 1179 excludit

59 1243 103 1286 eos
117 1243 134 1284 a
148 1222 308 1304 legittimis
327 1221 444 1286 actibus
467 1227 499 1286 et
521 1222 558 1286 aio
581 1222 735 1286 ordinibus
757 1223 862 1287 sacris.
897 1225 958 1288 Sed
980 1225 1142 1288 nomadum
1160 1223 1240 1309 quod

60 1331 129 1395 aliud
145 1337 192 1394 θεῖ
209 1331 346 1403 infamia,
363 1330 441 1393 aliud
457 1329 626 1396 infamacio.
685 1389 687 1396 ,

22 1461 24 1470 ’
138 1441 225 1519 Quid
239 1440 285 1504 ait
300 1440 483 1523 infumuoo’o.
507 1438 668 1502 infamacio
682 1444 729 1502 est
746 1447 776 1502 θῖ
791 1445 926 1512 vocatur,
943 1441 1060 1524 quando
1077 1440 1182 1524 aliquis
1201 1440 1238 1504 de

59 1531 371 1633 mquo'predictorun
392 1547 548 1610 criminum
569 1547 729 1612 infamatur
749 1548 797 1611 vei
820 1548 919 1631 potius
941 1549 1108 1630 inculpatur
1135 1555 1165 1612 et
1193 1554 1241 1612 est

59 1657 141 1722 inore
157 1657 293 1721 omnium
304 1655 456 1719 hominum
469 1657 611 1718 ettamen
627 1676 717 1739 super
730 1677 798 1720 eum
811 1655 902 1720 nichil
918 1661 965 1719 est
980 1656 1137 1738 probatum
1149 1657 1239 1738 iegit-

60 1766 116 1829 tima
126 1764 323 1848 probacione.
340 1764 379 1826 Et
394 1763 499 1848 hocd]
516 1763 652 1830 Christus
671 1765 801 1828 etliiaria
816 1765 901 1847 virgo
919 1771 950 1828 et
965 1766 1092 1847 apostoli
1109 1771 1139 1828 et
1155 1766 1238 1830 multi

62 1873 248 1957 aiiiincuipati
262 1877 333 1935 sunt
346 1878 375 1936 et
386 1873 530 1936 infamati.
556 1874 595 1936 ilt
606 1873 675 1936 talis
687 1873 840 1936 infamatio
854 1894 912 1936 non
925 1874 1018 1936 solum
1031 1874 1121 1937 nichil
1140 1874 1239 1947 obest,

62 1983 198 2048 sedetiam
213 1981 342 2045 muitum
357 1980 481 2062 prodest
495 1979 593 2053 iustis,
611 1980 680 2064 quia
695 1987 787 2063 auget
803 1981 847 2043 eis
863 1981 1001 2045 meritum
1016 1981 1157 2064 ipsorum.

135 2093 222 2171 Quod
247 2092 293 2156 eit
320 2091 463 2174 infamio.
506 2090 630 2154 informia
657 2111 727 2153 vero
749 2085 808 2153 ’θεῖ
839 2090 957 2174 quando
989 2090 1095 2173 aliquis
1118 2091 1239 2174 aliquod

22 2229 24 2280 p
58 2199 247 2281 predictorum
272 2198 429 2262 criminum
455 2198 530 2262 feeit
558 2204 588 2261 et
616 2198 726 2262 hocin
747 2199 894 2262 notorium
923 2199 1050 2262 transiit.
1083 2200 1240 2263 Notorium

22 2283 24 2298 ,
58 2314 142 2372 autem
154 2316 202 2372 est
216 2308 339 2391 triplex,
355 2306 496 2371 videlicet
507 2327 563 2390 per
575 2307 764 2379 sententiam,
776 2327 831 2390 per
847 2307 1067 2371 confessionem
1081 2308 1113 2370 in
1127 2307 1240 2371 iudicio

59 2423 187 2481 extortam
204 2417 267 2502 e),
278 2421 310 2480 et
325 2424 386 2499 per'
396 2415 440 2479 rei
457 2415 645 2479 evidentiam.
680 2416 799 2479 Crimen
815 2416 964 2489 notorium
986 2415 1020 2480 dt
1040 2436 1095 2498 per
1117 2422 1240 2479 senten-

22 2555 24 2610 ᾗ
58 2525 126 2598 iiam,
147 2526 269 2610 quando
288 2525 395 2608 aliquis
411 2524 441 2587 in
463 2524 574 2587 iudicio
592 2530 753 2588 accusatus
769 2545 839 2588 reus
856 2545 924 2588 esse
941 2525 1128 2589 convincitur
1148 2525 1241 2607 iegit-

22 2627 24 2638 ’
59 2633 124 2696 timis
145 2634 336 2698 documentis
365 2640 396 2697 et
422 2635 570 2697 sententia
597 2641 703 2698 contra
732 2654 799 2696 eum
819 2634 986 2716 profertur,
1014 2634 1082 2698 talis
1105 2634 1240 2716 iamper

22 2747 23 2760 ³
60 2743 227 2806 sentenciam
260 2743 409 2806 notoriam
435 2743 613 2806 criminosus
642 2749 672 2806 et
699 2743 818 2806 infamis
846 2743 983 2807 hahetur.
1019 2743 1158 2807 Secundo
1185 2763 1241 2825 per

61 2851 265 2915 confessionem
282 2851 315 2914 iit
331 2851 444 2915 crimen
459 2852 617 2924 notorium,
635 2852 753 2935 quando
766 2852 872 2934 aliquis
885 2852 916 2914 in
928 2851 1038 2915 iudicio
1055 2852 1100 2936 sic
1115 2858 1240 2932 urgetur
1341 2851 1344 2858 ’

22 2967 23 2988 ³
63 2959 126 3042 quod
147 2961 264 3024 crimen
288 2960 463 3034 confitetur;
487 2961 555 3024 talis
578 2961 678 3023 statim
699 2981 754 3043 per
776 2962 997 3025 confessionem
1025 2960 1143 3023 infamis
1172 2981 1240 3023 esse

22 3065 24 3128 7
64 3067 161 3132 dieitur.
179 3070 291 3132 Teroio
307 3089 363 3151 per
378 3069 423 3131 rei
440 3069 624 3132 evidenciam
641 3069 803 3133 nocrimen
820 3071 978 3142 notorium,
995 3070 1074 3132 sieut
1090 3070 1116 3131 si
1132 3068 1238 3151 aliquis

66 3175 153 3241 luisset
167 3179 236 3242 leno
254 3178 303 3240 vei
318 3177 432 3260 hystrio
449 3179 502 3240 XX
518 3179 603 3241 annis
627 3184 657 3241 et
678 3178 735 3241 hoc
752 3179 900 3242 notorium
924 3184 1006 3242 esset
1021 3179 1147 3261 populo,
1170 3178 1247 3241 talis

65 3294 129 3349 esset
143 3288 275 3358 infamis,
291 3275 348 3349 nec
364 3306 419 3368 per
431 3287 611 3350 sententiam
627 3307 682 3350 neo
699 3307 753 3369 per
769 3288 989 3351 confessionem
1010 3287 1161 3370 propriam
1184 3287 1238 3349 sed

63 3413 104 3474 per
127 3396 169 3459 rei
198 3395 390 3467 evidentiam,
418 3395 487 3479 quia
514 3397 628 3458 crimen
654 3415 741 3459 suum
762 3402 916 3460 constaret
938 3397 1036 3459 multis
1057 3415 1112 3478 per
1129 3395 1178 3458 rei
1201 3394 1260 3480 Θ·

64 3503 234 3568 evidentiam.
264 3505 309 3566 lta
325 3524 408 3585 ergo,
426 3509 458 3566 ut
473 3503 641 3586 predictum
658 3510 715 3576 est,
732 3503 838 3587 aliquis
854 3510 955 3587 potest
977 3526 1046 3568 esse
1067 3505 1238 3576 infamatus,

22 3631 24 3694 ᾗ
64 3611 104 3692 oui
128 3619 302 3676 tamennon
326 3618 373 3675 est
391 3611 520 3684 infamis,
544 3611 623 3675 sicut
639 3613 776 3677 Christus
799 3614 928 3676 etmulti
944 3615 1051 3688 sancti,
1073 3613 1152 3680 sicut
1167 3632 1238 3695 pre-

22 3701 24 3800 :
65 3719 160 3786 dictum
177 3727 233 3786 est.

22 3829 24 3838 ’
460 3828 533 3882 Quid
547 3829 585 3873 sit
598 3830 781 3884 prescripcio
793 3832 831 3885 o).

581 3942 707 3988 Distinotio
723 3944 750 3987 X.

22 4139 23 4144 ἵ
140 4058 209 4122 Item
238 4061 307 4144 quia
334 4081 441 4124 nomen
468 4061 700 4146 prescripcionis
728 4060 758 4124 in
780 4060 875 4125 literis
898 4060 1055 4144 aliquando
1078 4059 1237 4132 invenitur,

22 4175 24 4238 ξ
68 4167 152 4228 notate
164 4168 233 4250 quid
247 4169 286 4232 sit
297 4169 485 4251 prescriptio.
504 4169 683 4252 Proscriptio
698 4175 745 4232 est
756 4171 802 4232 ius
816 4170 965 4254 quoddam
973 4166 1025 4252 i),
1042 4168 1238 4252 quodaccipit

22 4261 24 4280 ⁸
68 4269 145 4336 robur
173 4282 203 4339 et
229 4276 398 4341 firmitatem
421 4299 456 4341 ex
478 4278 662 4359 longitudine
695 4281 837 4361 temporis
860 4285 890 4342 et
911 4280 988 4342 solet
1009 4278 1072 4341 fieri
1093 4278 1124 4340 in
1145 4276 1236 4340 rebus

135 4401 165 4468 a)
179 4402 244 4456 liunt
256 4405 282 4457 z.
296 4433 332 4444 -
345 4403 378 4473 b)
398 4405 581 4474 sepulcrorum
601 4406 628 4458 Z.
640 4434 674 4444 —
685 4403 717 4473 c)
739 4405 857 4475 periurio
881 4405 948 4459 fehlt
962 4406 989 4458 V.
1004 4435 1037 4442 -
1048 4405 1083 4475 d)
1104 4402 1181 4456 modo
1204 4419 1236 4454 au

70 4491 188 4556 Quaen.
208 4522 241 4533 -
261 4494 292 4563 c)
307 4498 425 4550 exortam
437 4496 464 4548 Z.
477 4523 510 4535 «-
528 4493 560 4566 f)
579 4495 645 4550 facti
659 4497 686 4549 Z.
708 4525 743 4536 -
754 4495 789 4568 q)
809 4496 868 4550 llist
881 4497 924 4552 iil.
946 4527 979 4534 -
998 4494 1033 4559 io)
1056 4493 1183 4567 quodiam
1206 4492 1231 4550 V.
