3116 5124
1182 307 1231 378 8¹7

71 512 122 554 maa
146 492 361 574 enempcionum
385 501 415 557 et
437 493 623 566 libertatum,
652 513 709 578 que
727 493 824 559 solent
841 489 904 554 dari
921 487 1049 552 subditis
1066 484 1104 548 ab
1121 483 1236 546 eisdem

67 601 272 684 imperatoribus
288 608 319 666 et
334 603 456 684 regibus
473 604 537 666 sive
553 604 618 666 aliis
636 601 898 686 principibusiam
915 593 1131 661 ecclesiasticis
1148 609 1236 675 quam

70 709 250 782 secularibus;
280 710 381 774 ultimo
402 712 492 793 posui
517 712 702 775 diversarum
725 706 1038 774 materiarumliteras
1068 700 1235 784 generales.

142 818 178 880 ut
191 817 353 890 sciendum,
371 820 460 902 quod,
477 821 557 885 siout
573 820 706 903 quelibet
723 817 958 901 subscriptarum
976 812 1167 895 epistolarum
1183 827 1238 870 seu

67 927 198 990 literarum
214 926 375 1009 specialem
392 928 539 1011 quendam
556 935 691 994 tenorem
708 928 843 992 continet
858 924 1018 994 inclusive,
1044 920 1094 1005 qui
1116 940 1152 981 cx
1167 935 1238 999 pro·

70 1033 179 1116 prietate
205 1034 298 1116 ipsius
326 1037 451 1100 materie
480 1037 647 1102 dinoscitur
674 1056 831 1106 emanare,
860 1033 905 1096 sic
932 1031 1050 1112 singule
1078 1026 1239 1091 earundem

67 1143 200 1207 literarum
216 1145 364 1225 generalis
382 1146 538 1210 cuiusdam
549 1146 663 1211 tenoris
678 1146 834 1209 formulam
851 1141 1006 1206 continent
1022 1138 1061 1222 a)
1079 1133 1239 1204 exclusive,

66 1273 139 1335 quarn
168 1254 321 1316 formulam
363 1275 488 1338 quemve
530 1262 665 1320 tenorem
696 1253 847 1319 subtiliter
883 1247 1111 1332 contemplando
1143 1243 1240 1310 omnis

67 1363 182 1444 ydoneus
198 1368 229 1425 et
244 1364 410 1428 industrius
427 1366 571 1437 notarius,
589 1365 668 1429 sicut
683 1381 788 1429 nasum
805 1381 937 1433 cereum,
959 1357 1123 1422 secundum
1139 1355 1240 1418 diver-

67 1491 116 1535 sam
142 1474 334 1554 negociorum
362 1474 535 1557 qualitatem
564 1475 601 1538 ad
631 1475 766 1538 diversas
789 1471 899 1556 poterit
921 1473 1062 1551 coaptare
1084 1484 1239 1548 personas,

72 1581 129 1644 licat
143 1582 319 1644 condicione
335 1583 455 1665 inpares
473 1590 503 1646 et
515 1582 825 1665 disparesdignitate,
839 1576 1086 1664 quemadmodum
1097 1575 1128 1638 in
1140 1573 1242 1638 tabula

67 1707 140 1771 super
165 1694 226 1753 toto
255 1708 347 1772 opere
375 1690 455 1754 edita
482 1691 549 1755 luce
578 1691 687 1754 clarius
716 1689 881 1773 apparebit.
906 1725 949 1736 -
964 1685 1075 1748 Verum
1103 1682 1242 1766 qnoniam

68 1799 129 1862 sicut
143 1799 238 1880 capud
254 1798 395 1863 virtutem
410 1789 542 1863 nlenbris
571 1801 684 1872 intluit,
706 1806 848 1882 tanquam
872 1815 1014 1860 sensuum
1034 1790 1242 1876 principalium

68 1908 261 1979 contentivam,
285 1907 491 1992 reliquumque
515 1910 650 1991 corporis
666 1907 804 1971 habilitat
827 1913 858 1970 et
885 1909 1034 1974 venustat,
1056 1899 1177 1965 asimili
1194 1899 1241 1962 sui

73 2001 159 2079 natura
181 2017 368 2088 exordium,
390 2016 421 2079 in
445 2015 544 2100 capite
566 2037 603 2080 ac
623 2016 797 2100 preambulo
818 2015 916 2079 tocius
939 2010 1093 2096 sequentis
1116 2009 1240 2092 materie

66 2125 192 2204 positum,
221 2125 383 2188 dummodo
412 2125 510 2188 eidem
531 2125 657 2188 materie
678 2144 733 2206 per
755 2123 853 2186 omnia
871 2122 911 2185 sit
926 2139 1105 2189 consonum,
1134 2118 1239 2199 ipsam,

22 2273 23 2310 3
65 2237 187 2316 tauquam
205 2233 291 2296 sidus
308 2235 496 2306 matutinum,
518 2234 644 2298 irradiat
666 2253 702 2297 ac
724 2233 864 2303 decorat,
887 2236 917 2293 et
938 2235 1062 2312 propter
1075 2227 1133 2289 hoc
1151 2227 1241 2289 etiarn

64 2339 111 2404 alio
131 2342 247 2405 nomine
276 2343 412 2424 captacio
436 2342 643 2406 benivolencia
661 2340 780 2413 dicitur,
798 2360 833 2402 eo
851 2338 930 2423 quod
946 2336 1113 2400 benivolum
1136 2335 1242 2397 reddat

63 2449 177 2513 animum
193 2450 352 2514 auditoris.

20 2645 21 2650 ἵ
139 2560 210 2634 Cum
239 2563 340 2621 autem
369 2561 533 2624 secundum
561 2559 737 2624 intinitatem
769 2556 959 2621 materiarum
983 2555 1097 2619 infinita
1125 2551 1243 2636 possint

63 2664 151 2730 baberi
182 2667 323 2740 exordia,
356 2669 394 2731 ad
425 2669 594 2732 habendam
622 2668 785 2732 eorundem
814 2664 1021 2748 cognicionem
1049 2671 1079 2727 ot
1107 2665 1242 2731 formam,

63 2783 171 2842 conatus
188 2797 256 2842 sum
273 2797 386 2860 ponere
402 2797 499 2861 pauca
516 2777 553 2842 de
568 2777 721 2861 pluribus:
745 2777 840 2859 primo
863 2774 1088 2845 ecclesiastica,
1111 2769 1241 2834 secundo

61 2888 214 2970 principum
237 2887 418 2951 secularium
435 2887 588 2971 specialia,
610 2888 718 2951 deinde
733 2885 955 2968 privilegiorum
963 2883 1012 2972 l),
1037 2882 1145 2946 deinde
1161 2901 1243 2944 com-

62 2997 155 3060 munia.
179 2998 269 3060 Nunc
286 2997 323 3058 de
339 2996 475 3061 omnibus
492 2996 654 3060 videamus.

110 3253 237 3319 llnrdla
252 3255 377 3338 papalis
392 3274 445 3319 sea
462 3257 676 3333 ecclesiastica,
695 3257 775 3319 circa
792 3259 903 3320 statam
920 3254 1114 3318 ecclesiaram
1131 3253 1191 3315 slve
1253 3242 1296 3281 Ν·
1308 3241 1357 3281 ²¹⁰·

464 3365 599 3428 locorum
615 3364 831 3444 religiosorum.

561 3506 688 3552 Distinctio
701 3508 727 3552 ll.

139 3661 214 3724 llira
237 3661 294 3724 Dei
323 3659 510 3742 benignitas,
539 3680 597 3743 que
619 3661 657 3724 ad
680 3663 809 3726 ecclesie
832 3684 886 3726 sue
913 3664 1048 3744 regimen
1075 3681 1145 3732 nos,
1172 3661 1246 3724 licet

60 3765 201 3832 inmeritos
219 3769 383 3850 dignanter
409 3767 590 3850 assumpsit,
606 3770 802 3835 humilitatem
824 3777 957 3835 nostram
974 3770 1130 3842 sollicitat,
1152 3775 1185 3833 ut
1206 3769 1245 3832 ad

62 3876 176 3941 salutem
192 3877 325 3940 omniurn
342 3877 507 3957 dirigentes
525 3875 676 3951 allectum,
693 3879 731 3942 ad
747 3879 823 3951 illos,
841 3900 915 3962 quos
932 3885 1072 3963 tanquam
1095 3897 1148 3961 pro
1172 3877 1245 3939 fori·

61 3982 109 4048 bus
125 3987 303 4051 constitutos
325 3988 544 4068 conspicimus,
573 3996 675 4052 nostre
696 3989 805 4051 mentis
829 3989 931 4051 oculos
953 3988 1095 4070 precipue
1118 4007 1245 4050 conver-

61 4099 164 4169 tamus,
192 4097 231 4160 de
261 4096 321 4160 hiis
350 4097 431 4161 circa
457 4099 541 4180 ipsos
562 4105 688 4180 paterno
711 4097 811 4162 studio
834 4098 1040 4180 disponentes,
1066 4115 1124 4180 que
1154 4095 1246 4159 divini

62 4205 179 4268 nominis
197 4205 277 4270 sicut
293 4207 331 4294 ad
347 4206 491 4288 gloriam,
519 4206 606 4271 nobis
623 4207 661 4271 ad
678 4207 831 4278 meritum,
861 4213 890 4270 et
907 4206 963 4270 illis
979 4205 1135 4289 proveniat
1153 4205 1190 4292 ο)
1208 4205 1246 4268 ad

63 4315 229 4390 proiectum.

143 4517 176 4584 a)
188 4516 307 4572 continet
320 4520 348 4573 V.
371 4550 394 4558 —
411 4520 443 4589 d)
458 4519 597 4591 privilegia
612 4519 638 4571 Z.
658 4549 684 4558 -
700 4519 730 4586 o)
745 4518 851 4572 veniant
865 4518 891 4570 Z.
