3116 5124
669 588 711 649 De
726 590 947 672 eenpugaclone
962 589 1091 652 late-le.

782 710 908 756 areunae
924 710 990 756 xvir.

378 845 550 908 lnnoeentie
571 843 735 907 conditoris
757 853 926 928 prestamus
949 845 1141 930 obsequium,
1164 849 1189 910 si
1211 849 1315 913 farore
1343 851 1479 933 propicio

288 973 499 1017 succurramus
525 954 667 1024 innoxiis,
695 973 770 1036 quos
798 953 835 1017 de
863 955 1002 1018 laudabili
1029 957 1107 1018 fama
1134 957 1274 1020 sollicitos
1299 959 1392 1021 timor
1416 957 1482 1021 effi-

288 1064 341 1134 cit,
357 1083 395 1125 ne
411 1063 531 1125 inlamie
548 1062 681 1126 nubilum
694 1065 738 1126 eis
759 1065 856 1144 pariat
879 1065 1047 1145 malignitas
1065 1065 1236 1128 emulorum.
1259 1065 1299 1128 Et
1315 1067 1390 1148 quia
1405 1086 1484 1148 pena

288 1172 384 1234 teneri
399 1191 459 1233 non
474 1170 575 1243 debet,
592 1191 680 1253 quem
697 1171 785 1256 eulpa
805 1192 866 1234 non
887 1173 987 1254 arguit
1001 1172 1048 1235 rel
1065 1174 1254 1236 consciencia
1270 1175 1407 1237 criminis
1425 1195 1484 1237 non

289 1287 429 1352 accusat,
457 1280 547 1343 talem
575 1281 691 1344 scilicet
717 1282 754 1343 N.
777 1301 795 1342 a
817 1281 979 1343 delusionis
995 1282 1119 1343 crimine
1135 1281 1314 1353 absolutum,
1337 1282 1379 1345 ab
1403 1282 1485 1345 omni

290 1391 378 1473 culpa
393 1397 424 1455 et
439 1409 518 1472 pena
532 1391 654 1452 inlamie
669 1391 796 1456 liberum
812 1391 1058 1472 recognoscimus
1075 1396 1107 1453 ct
1121 1391 1279 1456 inmunem.

697 1610 738 1672 lle
754 1628 874 1691 precam
889 1609 1077 1675 Mostene.

756 1732 1014 1790 nreueeuoxvme).

379 1887 424 1948 Ex
439 1885 549 1949 ellectu
567 1885 749 1948 admittende
766 1891 837 1948 sunt
851 1905 959 1967 preces
976 1885 1157 1968 poteneium,
1174 1906 1240 1950 eum
1255 1886 1364 1948 siccis
1382 1889 1492 1968 gracia

289 1996 401 2060 laveris
417 1995 600 2078 inpenditur,
617 2001 651 2058 ut
666 1993 762 2057 alieno
778 1995 835 2057 iuri
852 1993 930 2057 nulla
946 2014 1070 2076 prorsus
1086 1995 1192 2058 iniuria
1207 1995 1370 2076 imogetur.

380 2107 459 2170 item
476 2105 524 2190 b).
569 2104 643 2168 Cum
675 2124 693 2165 a
723 2102 809 2165 nobis
839 2103 953 2184 petitur
989 2103 1070 2185 quod
1100 2104 1210 2166 iustum
1237 2109 1285 2166 est
1311 2105 1435 2187 pariter
1464 2115 1495 2169 et

290 2211 468 2286 honestum,
496 2219 557 2276 tam
580 2214 666 2294 vigor
682 2211 839 2296 equitatis,
869 2231 957 2293 mam
980 2211 1052 2274 ordo
1070 2212 1207 2292 suggerit
1222 2213 1374 2284 racionis,
1405 2219 1444 2277 ut
1465 2215 1497 2277 id

291 2341 347 2404 per
362 2322 592 2387 sollicitudinem
616 2320 709 2383 osfioii
731 2319 826 2382 nostri
849 2319 887 2382 ad
910 2319 1050 2383 effectum
1066 2326 1199 2402 optatum
1216 2325 1247 2382 et
1263 2319 1404 2384 debitum
1423 2343 1498 2404 per-

293 2429 422 2494 ducatur
437 2431 485 2517 o).

384 2540 479 2605 iustis
491 2538 532 2626 d)
545 2539 717 2623 peteucium
734 2537 890 2602 desideriis
907 2538 1030 2619 dignum
1043 2543 1090 2600 est
1102 2557 1280 2602 consensum
1296 2539 1429 2603 facilem
1448 2563 1499 2604 nos

294 2646 422 2728 prebere
439 2655 470 2711 el
484 2655 563 2720 vota,
581 2667 639 2731 que
656 2668 674 2710 a
689 2647 821 2710 racionis
836 2646 957 2709 tramite
972 2665 1032 2708 non
1048 2646 1230 2718 discordant,
1248 2645 1363 2711 ellectu
1383 2668 1499 2713 conse·

296 2756 425 2838 queneie
443 2757 532 2819 lacile
548 2756 721 2838 adimplere.

384 2867 472 2932 Item.
507 2865 563 2947 Qui
586 2864 772 2928 secularibus
795 2862 953 2927 desideriis
977 2862 1133 2944 abnegatis
1155 2862 1193 2924 ad
1216 2862 1342 2927 celestia
1375 2886 1500 2949 prome·

296 2978 391 3042 reuda
413 2978 567 3048 festinant,
584 2996 618 3038 se
636 2981 742 3059 sponte
767 2973 924 3037 subdendo
947 2972 1135 3054 regularibus
1159 2972 1345 3055 disciplinis,
1374 2978 1502 3040 suntin

296 3089 359 3152 suis
376 3086 533 3150 desideriis
546 3106 605 3148 non
617 3085 763 3147 immerito
775 3082 978 3164 promovendi,
991 3087 1139 3165 quatenus
1152 3081 1325 3145 inchoatum
1339 3085 1500 3151 salubrem

297 3215 417 3259 cursum
434 3215 469 3257 eo
486 3194 604 3258 facilius
620 3193 740 3256 valeant
756 3210 944 3262 consumare,
969 3211 1027 3273 quo
1043 3191 1120 3252 viam
1137 3188 1194 3251 sibi
1211 3192 1409 3272 propositam
1428 3214 1502 3257 eon-

298 3305 450 3389 spexerint
466 3304 635 3366 certiorem.

176 3071 220 3109 Fal.
230 3056 284 3102 alb·

681 3504 722 3567 lle
740 3503 868 3567 exordils
884 3501 1114 3585 priuileglorum.

798 3626 994 3672 ntertnettoxrx.

393 3766 466 3831 Cum
487 3765 584 3829 labilis
606 3763 814 3827 sit·mcmoria
847 3761 998 3826 hominum
1033 3766 1063 3823 et
1095 3759 1160 3822 dies
1193 3759 1327 3823 crastina
1363 3763 1504 3826 omnibus

305 3880 345 3943 sit
369 3880 501 3948 incerta,
529 3875 641 3957 scripto
658 3872 860 3937 commendari
888 3892 1015 3935 necesse
1043 3875 1089 3932 cst
1117 3889 1169 3942 ea,
1189 3888 1247 3952 quc
1270 3869 1506 3938 racionabiliter

396 4077 430 4143 a)
443 4076 511 4130 Dist.
523 4073 602 4128 xvltl
614 4073 683 4126 fehlt
696 4072 726 4134 V,
740 4074 840 4127 ebenso
854 4072 910 4125 xlx
923 4069 976 4123 und
991 4070 1034 4124 die
1048 4067 1191 4139 folgenden
1211 4065 1270 4144 sind
1292 4071 1457 4138 wegradirt.
1471 4102 1506 4112 -

307 4168 340 4250 b)
366 4169 399 4222 ad
421 4168 488 4221 idem
512 4167 540 4219 Z.
560 4165 642 4234 -,e)
664 4165 729 4218 Item
747 4166 785 4218 ad
803 4163 881 4217 idem.
905 4161 971 4217 Cum
992 4161 1094 4229 regalis
1117 4164 1208 4214 nostra
1231 4160 1386 4216 clemencia
1411 4180 1507 4218 omnes

308 4257 418 4311 devotos
435 4253 539 4325 imperii
562 4254 595 4308 de
614 4255 671 4308 iure
686 4255 776 4308 innato
795 4252 921 4325 prosequi
939 4251 1038 4305 debeat
1056 4254 1083 4303 et
1100 4249 1126 4304 in
1144 4249 1199 4304 suis
1217 4249 1297 4304 iustis
1316 4253 1507 4321 peticionibus

309 4346 452 4401 liberaliter
467 4343 601 4406 exaudire,
615 4344 710 4398 merito
723 4349 810 4398 tamen
825 4353 852 4403 et
871 4342 1000 4397 libencius
1019 4342 1052 4395 ad
1072 4342 1170 4416 maiora
1189 4339 1321 4394 beneficia
1341 4360 1392 4397 eoa
1414 4342 1508 4396 extolli

308 4439 430 4493 volumus
444 4442 470 4489 et
489 4433 614 4490 constitui
626 4435 659 4490 ad
673 4437 807 4490 commoda
822 4437 850 4488 el
865 4436 995 4495 honores,
1010 4434 1056 4503 qui
1069 4431 1168 4486 nostris
1181 4431 1407 4500 progenitoribus
1427 4441 1508 4504 atqua

311 4529 386 4584 nobis
400 4526 554 4581 multimoda
568 4527 657 4597 sepius
672 4525 802 4596 obsequia
815 4524 1008 4596 impenderant.
1028 4554 1054 4562 -
1071 4521 1105 4591 d)
1120 4524 1184 4578 Item
1198 4521 1231 4575 ad
1244 4520 1355 4574 idem'Z.
