3112 5118
1153 390 1226 461 177

47 571 74 632 et
93 562 227 631 securius
249 563 472 650 inexpugnabili
495 565 657 630 amicorum
674 565 798 628 vallatus
815 563 975 627 munimine
992 563 1098 626 nullius
1115 565 1229 646 poteris

47 673 98 738 iam
113 675 208 738 hostis
225 675 352 739 adversa
370 674 528 738 conamina
546 674 719 738 formidare.

131 783 244 846 Verum
260 803 328 844 cum
344 782 403 846 iam
419 787 538 864 tempus
557 781 723 852 advenerit,
747 779 826 863 quod
853 778 979 843 dilectos
1001 777 1077 842 lilios
1100 786 1230 850 nostros,

49 889 166 954 comites
181 891 219 954 N.
237 889 363 954 efficere
378 910 489 973 posses
507 889 673 961 unanimes,
697 907 822 971 quorum
847 887 1024 969 obsequium
1047 887 1101 951 tihi
1116 887 1231 970 poteris

48 999 204 1081 applicare,
222 999 249 1061 si
267 1001 321 1071 eis,
340 999 390 1082 qui
408 1019 489 1064 arma
513 998 572 1061 iam
595 997 711 1080 pridem
735 998 765 1059 1ιι
789 1003 871 1060 tuum
895 1002 1122 1078 assumpserunt
1138 995 1232 1058 detri-

51 1114 191 1176 mentum,
225 1128 262 1170 ex
292 1107 393 1170 innata
427 1105 608 1174 clemencia,
638 1106 668 1167 in
700 1105 874 1186 captivitate
907 1103 1038 1167 detentis
1072 1103 1233 1167 indulseris

48 1213 229 1286 libertatem,
259 1214 452 1278 serenitatem
479 1218 560 1276 tuam
589 1216 703 1275 attente
725 1230 884 1292 rogamus,
913 1210 966 1274 tihi
990 1211 1180 1275 consulentes
1201 1210 1234 1272 1ιι

53 1320 136 1385 animi
157 1321 305 1404 puritate,
323 1325 470 1402 quatenus
491 1319 642 1383 avinculo
666 1319 799 1382 carceris
822 1318 904 1400 ipsos
928 1323 959 1380 et
981 1317 1025 1380 eis
1053 1318 1233 1382 adherentes

48 1448 129 1493 eures
150 1430 326 1501 absolvere,
354 1429 531 1493 fortioribus
550 1448 606 1510 per
627 1429 685 1491 hoc
708 1426 780 1499 tihi,
809 1429 919 1491 amoris
947 1427 1065 1491 scilicet
1098 1427 1235 1502 nexibus,

50 1537 236 1610 vinciendos,
262 1557 330 1602 cum
347 1537 422 1601 satis
440 1537 563 1600 evidens
579 1542 683 1618 pateat
697 1541 921 1616 argumentum,
945 1536 1025 1618 quod
1042 1555 1110 1598 cum
1127 1538 1353 1616 luerintmm

49 1644 77 1706 in
105 1652 134 1708 te
165 1646 383 1709 humanitatem
416 1646 544 1729 experti,
583 1649 671 1726 grata
704 1643 759 1707 tihi
787 1643 954 1726 rependent
982 1643 1127 1728 obsequia
1155 1649 1237 1710 tante

50 1753 243 1817 vicissitudini
259 1753 464 1836 rependenda.
488 1754 553 1834 Age
570 1773 644 1834 ergo
661 1751 702 1814 nli
719 1753 804 1817 ocius
821 1752 902 1834 quod
916 1752 1082 1824 hortamur,
1100 1773 1167 1816 cum
1183 1773 1239 1836 per

51 1860 177 1942 ipsorum
206 1859 418 1924 detenciouem
446 1860 543 1924 nullus
573 1860 628 1924 tibi
657 1862 774 1924 fructus
796 1859 935 1923 videatur
958 1879 1155 1932 accrescere,
1184 1861 1238 1924 sed

51 1969 113 2033 odia
133 1971 276 2053 utrinque
300 1991 336 2032 ex
353 1989 388 2032 eo
406 1971 511 2052 pocius
527 1971 558 2032 1ιι
574 1969 711 2053 partibus
734 1970 937 2039 invalescant,
960 1988 1019 2052 que
1034 1989 1091 2051 per
1106 1970 1239 2054 ipsorum

53 2077 263 2142 liberacionem
278 2084 405 2160 possunt
420 2078 542 2160 penitus
560 2078 729 2160 exstirpari.
762 2078 826 2141 Nos
849 2077 958 2158 igitur,
981 2078 1008 2140 si
1030 2078 1110 2161 quod
1128 2077 1239 2142 affectu

52 2188 248 2269 suggerimus,
265 2185 408 2268 prosequi
425 2185 577 2249 studueris
594 2185 625 2247 in
643 2183 764 2256 ellectu,
781 2185 812 2247 id
829 2185 868 2248 ad
884 2205 943 2248 non
958 2186 1108 2250 modicum
1122 2193 1240 2269 gratum

51 2294 234 2367 habebimus,
252 2299 394 2378 tuamque
410 2294 536 2375 proinde
559 2293 755 2358 devocionem
783 2292 883 2376 dignis
905 2293 936 2356 iu
952 2294 1078 2359 Domino
1101 2294 1239 2358 laudibus

51 2404 225 2469 attollemus.

132 2567 160 2620 ln
182 2567 269 2636 Folge
296 2565 344 2619 dor
366 2565 495 2622 Sehlacht
523 2567 564 2622 boi
594 2564 793 2639 Wesloapellen
819 2568 866 2621 aul
894 2567 943 2621 dor
964 2567 1033 2621 lusol
1070 2566 1241 2630 walcherem,

58 2655 82 2708 1ιι
105 2657 226 2711 welcher
240 2656 309 2711 Grai
319 2656 428 2712 Florem
442 2675 493 2712 von
507 2658 630 2722 llolland,
650 2657 736 2727 Konig
748 2657 894 2712 Wilhelm's
906 2658 1023 2722 Bruder,
1042 2657 1089 2712 das
1101 2675 1149 2712 aus
1162 2659 1242 2712 Flan-

58 2746 132 2800 drern
158 2746 213 2800 und
242 2747 394 2801 vranzosm
417 2747 580 2802 hesteheudo
605 2750 674 2802 lleer
695 2749 743 2802 der
766 2747 855 2802 Gratia
876 2747 1026 2816 hlargarota
1044 2764 1094 2803 voa
1113 2749 1241 2821 Flandern

58 2835 189 2908 besiegla,
214 2835 257 2907 (l.
272 2836 325 2891 Juli
340 2833 418 2898 12113,
432 2837 457 2891 in
473 2836 515 2890 dis
528 2835 712 2892 translacionis
726 2837 795 2890 beati
809 2837 932 2908 Martini)
947 2839 1040 2892 kamen
1054 2838 1098 2893 die
1108 2838 1241 2909 jilngereo

56 2924 151 2980 Graisn
181 2943 237 2981 von
259 2924 406 2988 Flandoru,
429 2927 519 2980 sonna
536 2943 583 2980 aus
601 2925 772 2997 hlargorela’s
791 2929 899 2982 zweiter
917 2928 972 2981 Ehe
998 2929 1043 2982 mit
1066 2929 1123 2981 dem
1142 2928 1242 2986 Gratou

57 3014 175 3070 wilhelm
187 3032 242 3069 voa
255 3016 418 3087 Dampierre,
432 3017 458 3069 iu
477 3018 520 3071 dio
534 3016 763 3088 Gelangenschalt
775 3018 863 3088 Kduig
876 3018 1031 3071 Wilhclm’s.
1057 3016 1191 3072 lohannes
1207 3018 1241 3072 dc

54 3103 256 3162 BahaBoehmsr
267 3105 364 3160 ventes
378 3106 410 3168 ll,
423 3105 486 3158 415.
500 3107 557 3161 Rex
570 3107 651 3175 igitur
664 3107 771 3162 comites
784 3109 818 3162 de
828 3106 932 3175 Gbyaen
946 3111 972 3161 et
985 3109 1111 3162 deBerro
1124 3109 1242 3179 duosque

53 3195 119 3264 filiae
131 3196 283 3268 Margarita
294 3195 426 3250 comitisse
438 3196 561 3266 captivos
575 3196 718 3251 destinavit
731 3198 764 3252 ad
777 3197 949 3252 Hollaudiam.
975 3198 1064 3267 Ver-gl.
1081 3197 1148 3252 noch
1161 3198 1242 3252 Muth.

53 3283 286 3340 leunculorum
300 3284 678 3357 1oco,p.voosqu.ooenm0r
692 3287 758 3357 Rog.
773 3287 834 3358 imp.
846 3287 907 3341 iudo
922 3289 955 3340 ab
968 3304 992 3340 a.
1005 3287 1087 3351 1216,
1100 3305 1127 3358 p.
1141 3286 1177 3342 26
1190 3288 1242 3341 und

55 3373 229 3447 lobanaeg.
239 3375 319 3429 Wilh.
326 3391 388 3444 pag.
396 3374 458 3437 381,
468 3393 508 3430 ao.
516 3375 696 3430 303.·Raumar
704 3376 729 3428 3.
737 3377 804 3430 nun.
812 3378 838 3441 1,
846 3376 949 3430 230-
957 3377 1005 3430 11ιιι
1017 3376 1060 3430 die
1072 3376 1243 3449 Freilassuug

59 3461 139 3518 dieser
157 3464 260 3519 Grafeu
281 3465 359 3518 hittet
377 3465 505 3518 laaoeenu
519 3466 570 3521 dea
589 3466 684 3535 Kouig,
706 3465 929 3542 unhrochoinlieh
950 3483 998 3518 von
1012 3467 1174 3521 Fraulrreich
1192 3468 1243 3522 her

61 3550 123 3606 drzu
141 3559 283 3626 aageregt.
295 3554 453 3625 Vergleiehe
470 3556 539 3610 uoeh
556 3554 616 3610 lob.
634 3557 793 3616 bleermaun,
812 3555 909 3611 Geseh.
930 3557 978 3609 des
999 3556 1100 3610 Grasen
1118 3556 1243 3612 wilhelm

56 3657 103 3696 rou
113 3643 236 3706 llolland,
250 3643 397 3698 romischeu
411 3645 520 3716 Konigs.
533 3646 588 3700 hus
601 3647 660 3700 dem
675 3645 889 3722 Hohaudischca.
902 3645 1011 3717 Leipzig
1027 3645 1108 3708 1787,
1121 3647 1196 3700 Theil
1215 3647 1242 3710 2,

53 3731 202 3797 110-124,
219 3733 273 3788 lto
288 3734 340 3787 uad
353 3735 416 3795 200,
431 3735 519 3790 lamet
531 3735 596 3790 Cod.
607 3735 717 3789 Wilhor.
732 3735 762 3789 ll.
775 3735 820 3799 93,
830 3735 928 3789 Archiv
941 3735 967 3799 7,
982 3735 1036 3791 800
1051 3735 1241 3800 „lunoceuciua

55 3827 103 3876 ete.
122 3824 163 3880 W.
176 3823 237 3895 rogi
250 3826 300 3880 llo.
315 3828 367 3880 etc.
387 3827 447 3881 Dat.
461 3823 581 3879 Assisii“.

609 3979 671 4048 10.

323 4119 402 4202 laps
418 4118 448 4183 ll.
468 4119 609 4202 eplscope
626 4121 663 4182 dc
679 4137 769 4182 eruce
785 4117 977 4200 prodlcarula.

608 4239 689 4294 1232.

137 4349 241 4420 Gregor
255 4349 301 4402 IX.
313 4347 419 4417 ferdere
431 4347 491 4426 auf,
505 4349 556 4403 dac
570 4349 655 4404 Kreas
667 4365 751 4420 pepon
764 4347 906 4404 maurico
919 4350 952 4403 ΙΙ.
967 4366 1000 4403 su
1008 4347 1150 4422 preda'gen.

140 4454 198 4536 Qui
220 4453 359 4540 presides
380 4455 412 4518 in
435 4455 558 4538 specula
580 4456 647 4520 leva
670 4454 789 4538 signum
811 4461 842 4519 et
864 4457 969 4538 profer
983 4456 1129 4520 adversus
1145 4460 1242 4539 pesti·

56 4559 145 4625 leneie
170 4583 299 4646 agonem
315 4565 452 4628 vexillum
469 4563 595 4629 victorie
608 4564 780 4628 christiane.
797 4564 887 4629 Vides
901 4564 980 4628 enim
993 4584 1084 4629 canes
1096 4553 1242 4632 latrantes

101 4679 193 4727 ιοιιιι.
206 4681 276 4728 ineo.
289 4681 316 4726 ιι.
329 4680 371 4728 aa.
383 4681 450 4726 xxv.
990 4653 1024 4705 ¹²
