3112 5118
289 305 365 377 250

284 476 402 558 Quanto
419 479 497 541 enim
512 477 673 561 benignius
690 481 728 543 ad
743 481 846 563 plures
868 479 1097 563 magnificencia
1114 482 1155 568 a)
1171 480 1283 563 regalis
1298 479 1477 550 extenditur,

281 590 365 649 tanto
393 585 509 668 plenius
527 591 613 659 nota,
642 588 737 653 eciam
754 589 785 654 in
801 589 925 653 remotis
947 589 1081 671 partibus
1098 589 1138 675 1),
1152 589 1191 651 ad
1208 588 1253 651 sui
1278 586 1473 670 ingranniam

282 694 411 758 nominis
430 700 637 776 comparatur,
659 702 708 769 ut,
732 698 769 761 ad
787 696 933 781 obsequia
948 697 1062 779 regalia
1079 696 1220 779 exemplis
1237 699 1402 778 provocata
1417 714 1476 758 non

283 801 400 874 dubiis,
428 801 560 885 undique
587 800 718 867 fidelium
746 805 902 869 multitudo
930 824 989 868 non
1016 804 1112 867 minus
1141 803 1228 867 avida
1257 823 1347 887 quam
1372 803 1478 866 devota

283 924 465 972 concurrere
481 906 628 973 videatur.
657 910 735 973 llinc
753 918 810 984 est,
828 912 996 995 quodlicet
1011 916 1044 974 tu
1060 909 1158 974 tidelis
1174 915 1279 974 noster
1300 915 1408 974 contra
1423 929 1478 972 nos

282 1015 506 1098 ingratitudinis
540 1017 653 1080 vicium
690 1020 785 1083 fueris
822 1021 905 1083 visus
944 1025 1008 1104 per'
1037 1019 1165 1102 quedam
1202 1017 1304 1100 spacia
1335 1016 1479 1099 temporis

283 1123 489 1196 commisisse,
524 1126 594 1208 quia
614 1131 717 1190 tamen
736 1128 839 1193 habito
861 1129 929 1193 loco
954 1148 989 1192 ac
1006 1133 1160 1208 tempore,
1193 1110 1374 1189 recordatus
1404 1125 1480 1208 quod

282 1231 498 1305 malefeceras,
515 1235 632 1297 veniam
655 1236 831 1316 postulasti,
859 1237 928 1319 quia
951 1236 1066 1308 eciam,
1093 1234 1149 1297 nisi
1167 1233 1254 1315 culpa
1271 1236 1367 1304 esset,
1384 1232 1479 1296 locum

282 1340 370 1403 venia
386 1361 445 1404 non
461 1341 605 1405 haberet:
631 1343 668 1405 de
684 1342 787 1407 innota
804 1348 906 1408 nostre
923 1334 1131 1406 munificencie
1147 1341 1251 1422 gracia
1267 1339 1324 1404 tibi
1340 1361 1480 1404 mausue-

281 1446 395 1512 tudinis
416 1456 519 1513 nostre
536 1451 670 1531 graciam
694 1455 725 1514 ut
747 1449 894 1532 gremium
917 1449 1083 1513 liberaliter
1104 1449 1270 1530 aperimus,
1299 1449 1332 1511 in
1353 1447 1481 1530 plenitu-

282 1555 382 1618 dinem
398 1555 511 1620 favoris
527 1559 622 1622 nostri
638 1564 669 1623 tc
685 1546 848 1641 recipimus
865 1564 895 1624 et
911 1559 1034 1641 antique
1050 1556 1262 1621 familiaritatis
1287 1575 1424 1619 amorem
1439 1554 1481 1618 sic

280 1660 337 1727 tibi
363 1664 585 1746 perfectissime
614 1666 784 1739 reddimus,
813 1673 846 1730 ut
869 1687 938 1730 esse
960 1685 1084 1748 prorsus
1110 1665 1255 1747 preterito
1283 1663 1330 1728 ire
1357 1663 1481 1726 velimus

280 1772 471 1835 immemores
489 1778 530 1845 et,
546 1773 634 1837 velud
651 1793 800 1857 nunquam
817 1771 935 1847 offensi,
959 1771 991 1836 iu
1006 1770 1174 1836 visceribus
1191 1770 1331 1835 karitatis
1349 1775 1381 1834 te
1399 1791 1480 1834 more

282 1879 369 1943 solito
391 1877 568 1964 precipuum
596 1881 778 1955 habeamus,
807 1901 1016 1966 necunquam
1040 1901 1095 1965 per
1117 1901 1171 1944 uos
1194 1901 1248 1944 seu
1271 1899 1328 1961 per
1355 1877 1483 1962 aliquem

281 1987 336 2052 tibi
350 1990 429 2052 obici
445 1991 610 2072 paciemur,
628 1991 707 2073 quod
724 1992 869 2054 adversus
886 1995 1020 2054 nostram
1033 1989 1245 2053 excellenciam
1257 1988 1373 2071 ahquid
1387 1988 1482 2070 aliquo

280 2118 411 2182 unquam
429 2098 467 2184 b)
483 2103 623 2181 tempore
651 2102 878 2181 attemptaveris
906 2099 1027 2181 publice
1055 2099 1102 2162 vel
1130 2097 1278 2181 privatim.
1314 2097 1368 2162 Sic
1392 2096 1482 2178 igitur

281 2207 411 2270 animum
436 2213 520 2270 tuum
546 2227 672 2290 presens
700 2213 804 2272 nostra
838 2209 989 2271 correctio
1012 2205 1177 2279 modificet,
1206 2206 1312 2288 sicque
1336 2204 1484 2269 modestia

282 2321 386 2379 nostra
407 2316 600 2388 corroboret,
628 2320 661 2378 ut
682 2315 752 2378 dum
775 2316 993 2380 observacione
1015 2315 1089 2378 iuris
1113 2319 1143 2376 et
1163 2313 1289 2377 honoris
1312 2312 1433 2395 imperii
1448 2317 1479 2374 te

282 2421 469 2504 principibus
491 2423 557 2485 aliis
578 2423 748 2505 preminere
775 2424 957 2496 viderimus,
985 2421 1196 2486 familiaritatis
1220 2425 1251 2484 et
1271 2418 1482 2484 benivolencia

283 2535 386 2594 nostre
402 2530 537 2594 favorem
553 2531 584 2594 in
599 2537 630 2594 te
647 2532 842 2596 incrementis
860 2531 1010 2596 continuis
1027 2549 1200 2612 augeamus.

374 2728 441 2781 llass
454 2727 543 2782 dieser
555 2728 631 2784 Brief
640 2747 690 2786 ron
703 2730 735 2783 K.
748 2729 863 2784 Richard
876 2731 1016 2791 ben-dbrt,
1034 2728 1166 2782 ecbliesse
1179 2727 1224 2780 icb
1235 2743 1284 2779 aus
1298 2726 1351 2779 der
1367 2724 1484 2779 wtrtlicb

286 2815 535 2888 gleicblautenden,
561 2835 611 2872 nur
635 2821 699 2875 sehr
724 2820 905 2890 abgelrdrrten
928 2819 1055 2874 Urhunde
1079 2818 1224 2872 desselben
1242 2816 1348 2886 Kduigs
1373 2817 1417 2870 mr
1440 2813 1480 2867 die

286 2908 389 2978 Biirger
406 2925 456 2961 von
476 2908 602 2978 llageuau
620 2909 715 2962 Datum
733 2925 784 2979 per
802 2926 905 2962 manum
925 2908 1044 2980 magistri
1058 2907 1167 2962 maelii
1181 2907 1216 2960 de
1230 2905 1374 2961 llollandia
1385 2920 1481 2976 prepo-

286 2998 329 3052 siti
341 2999 539 3054 Wetslariensis
559 3000 647 3055 dilecti
667 3001 858 3071 prothonotarii
878 3002 961 3055 nostri
981 3000 1053 3071 apud
1071 3002 1222 3068 llagenowe
1241 2999 1298 3052 XVl
1318 2996 1365 3052 die
1379 2995 1483 3051 Octobr·

284 3085 432 3154 indictione
453 3089 487 3143 Vl
508 3108 532 3144 a.
555 3091 580 3144 d.
606 3089 676 3144 ¹262
698 3090 774 3162 regni
801 3109 864 3146 vero
886 3090 970 3144 nostri
996 3108 1063 3145 auno
1090 3092 1175 3144 sexto.
1202 3085 1364 3158 Schoepllin
1389 3082 1482 3140 bisalis

286 3175 454 3246 diplomatica
467 3177 487 3242 l,
501 3179 568 3242 lll3
587 3181 629 3234 die
641 3179 816 3250 ldbglieblreit
832 3181 904 3242 aber,
925 3179 989 3233 dass
1009 3196 1038 3232 er
1052 3196 1101 3232 von
1115 3177 1219 3232 liudolf
1228 3176 1370 3240 berrdbrt,
1382 3174 1481 3228 mdcbtt

287 3265 329 3320 ieb
344 3265 499 3335 gleicbwobl
515 3270 590 3324 nicht
601 3269 628 3323 ia
639 3270 747 3324 Abreda
759 3271 865 3324 stelles.
889 3269 975 3323 Weun
986 3287 1046 3323 man
1066 3268 1179 3322 mamlicb
1194 3267 1239 3321 fur
1252 3265 1386 3337 princepe
1404 3267 1477 3318 tiber·

287 3356 321 3410 all
343 3358 434 3413 civitas
456 3363 539 3421 setst,
561 3378 592 3413 so
615 3367 686 3416 wilre
707 3377 790 3415 unser
807 3360 882 3414 Brief
908 3361 966 3414 eius
984 3361 1105 3414 Antwort
1128 3359 1178 3411 auf
1199 3359 1247 3412 das
1267 3355 1481 3428 vorhergebende

287 3448 434 3504 Sebreibeu
448 3450 496 3504 der
509 3450 690 3507 stadtuasol.
704 3452 763 3506 sine
777 3451 920 3512 sonabas,
934 3453 977 3505 die
991 3450 1060 3504 auob
1073 3451 1157 3504 durch
1169 3449 1213 3502 die
1225 3453 1308 3501 unten
1319 3448 1442 3503 humeri.
1455 3444 1481 3516 l)

287 3540 459 3594 beaeicbnste
471 3527 730 3612 llbereiustimmuug
743 3545 913 3596 unterstritat
925 3541 1001 3594 vird.

380 3718 413 3780 o)
431 3719 606 3772 munificentia
620 3738 651 3775 su
666 3721 748 3774 lesen.
762 3750 797 3759 —
810 3721 843 3788 d)
856 3737 898 3775 am
910 3719 1002 3776 Raude
1015 3721 1046 3775 V.

319 4005 342 4062 ι)
355 4005 399 4048 uns
417 4005 546 4060 eulspriubt
564 4005 623 4054 dom.
645 4020 691 4051 was
704 4010 733 4052 irn
745 4009 843 4068 rorigeri
857 4009 935 4053 lirinis·
947 4012 1032 4064 gesagt
1045 4008 1089 4051 ist:
1108 4007 1176 4050 carius
1189 4006 1282 4060 quidem
1295 4005 1412 4061 principis
1425 4036 1430 4047 .
1442 4037 1448 4048 .
1461 4033 1482 4048 .·
1546 3999 1548 4050 i

354 4087 545 4142 rnagrraulmilas,
574 4099 617 4140 per
642 4089 722 4132 lamam
750 4091 778 4133 in
806 4091 939 4135 remotis
966 4089 1063 4134 muudi
1093 4088 1236 4143 partibus
1266 4087 1426 4132 habitanciuru
1450 4088 1483 4128 est
1546 4075 1548 4092 ⁴

355 4165 448 4210 auribus
461 4165 585 4210 turona-ou.
