3100 5116
1188 354 1266 426 337

53 529 162 593 salute
177 549 218 592 ac
232 530 355 602 decore,
370 531 536 612 predictam
552 533 748 603 sentenciam,
762 531 861 614 quoad
873 529 1028 600 bonorum,
1041 529 1159 600 iunium,
1172 529 1270 593 nomi-

52 661 95 704 nu
106 659 139 702 m
158 646 192 703 et
211 638 391 722 dignitatum
405 640 683 714 exheredationem,
696 647 791 705 ratam
803 640 961 712 hahentes,
979 639 1064 722 regie
1081 639 1268 703 celsitudinis

51 750 159 814 literis
187 750 355 834 dignemini
379 750 566 823 confirmare,
588 753 783 835 prelatosquc
805 751 968 825 maleficos,
991 751 1042 835 qui
1064 749 1189 834 perfidie
1213 770 1268 814 sue

52 861 268 924 defensorem
291 881 395 944 regem
418 861 618 926 Bohemorum
640 862 788 925 advocant
812 868 899 925 etse
928 861 966 924 ad
995 880 1062 924 cum
1091 865 1268 925 convertere

55 971 208 1053 cupiunt,
224 976 258 1034 ut
270 972 300 1034 in
314 971 377 1034 suis
394 971 627 1036 adversitatibus
643 978 850 1055 protegantur,
873 976 958 1035 curet
973 971 1115 1035 maiestas
1131 969 1270 1053 magnifi-

56 1081 177 1143 cencie
203 1080 377 1144 nominatim
394 1079 630 1163 proscripcionis
647 1085 748 1144 vestra
765 1080 922 1144 sentencia
937 1084 1090 1144 annotare.

154 1207 254 1262 Bodm.
270 1207 479 1278 salisburgensis
494 1205 688 1279 archiepiscopi
702 1209 735 1260 ad
749 1205 891 1261 Rudolfum
904 1208 935 1262 R.
949 1209 978 1260 ll.
998 1207 1050 1260 sor
1069 1210 1096 1258 ct
1109 1207 1166 1262 aliis
1179 1207 1269 1262 multis

51 1298 205 1354 maleficiis
229 1298 270 1369 (p.
294 1298 348 1352 336
365 1298 461 1370 unten)
482 1298 568 1353 heisst
590 1315 619 1352 es
640 1297 799 1353 beissodm.:
824 1315 873 1368 pro
896 1301 1038 1352 stratarum
1059 1297 1224 1370 publicarum
1241 1303 1269 1353 et

54 1391 277 1463 peregrinorum
295 1407 442 1461 pauperum
461 1389 564 1463 spoliis,
581 1392 692 1445 maxime
705 1394 826 1462 tempore
844 1389 949 1444 concilii
966 1390 1104 1458 generalis,
1122 1393 1270 1462 promptu

52 1483 201 1553 virgiuum
216 1483 243 1535 et
261 1479 434 1552 oppressione
448 1482 561 1536 violente
574 1482 911 1552 coniugatorum—Diem
925 1482 1009 1537 Stella
1027 1482 1075 1536 hat
1087 1481 1136 1534 der
1148 1481 1271 1536 Dictator

54 1591 157 1646 weges
173 1575 250 1627 ihres
270 1573 437 1642 anstdssigen
456 1573 570 1638 lnhalts,
593 1591 639 1628 aus
657 1573 804 1628 Rceksichc
823 1573 871 1628 auf
887 1571 931 1628 die
947 1573 1048 1644 jungen
1061 1574 1160 1635 Leute,
1184 1573 1270 1627 denen

54 1667 115 1722 sein
147 1665 237 1719 Werk
261 1665 300 1718 als
326 1664 465 1720 Lehrbuch
490 1665 517 1718 in
545 1665 589 1719 die
612 1666 686 1720 Hand
707 1666 830 1736 gegeben
857 1682 891 1718 ιιι
919 1664 1027 1718 werden
1050 1665 1185 1719 bestimmt
1207 1682 1270 1729 war,

55 1761 253 1828 ausgelasson.
277 1755 367 1827 Vergl.
392 1759 472 1810 unten
492 1757 549 1812 llol.
563 1757 599 1809 59
612 1774 656 1811 no.
671 1756 714 1810 55.
730 1790 760 1800 -
777 1756 826 1811 Dic
849 1757 1017 1826 Eruthnung
1039 1755 1087 1808 das
1110 1755 1271 1812 Conciliums

53 1868 87 1904 zu
112 1851 196 1921 hyon
221 1846 274 1900 und
298 1845 345 1901 des
367 1845 468 1918 Kdnigs
492 1865 542 1902 von
566 1847 684 1903 Bdhmen
703 1849 800 1902 weisen
826 1847 923 1901 darauf
945 1848 1004 1911 hin,
1038 1848 1100 1902 dass
1125 1845 1175 1902 der
1200 1847 1274 1908 brief

55 1942 202 1997 zwischen
228 1938 303 1994 Ende
329 1937 401 1992 12⁷4
426 1939 480 1994 und
506 1939 579 1995 hlitte
605 1939 676 1994 1276
696 1939 869 2008 geschricheu
883 1939 926 1994 ist.

646 2129 709 2200 38.

417 2273 581 2355 llplscopus
597 2273 629 2336 ll.
647 2273 844 2337 homanorum
859 2272 932 2354 regi.

628 2395 707 2450 1275.

52 2505 229 2577 Erebisclcof
252 2502 395 2559 Freedm'cd
426 2523 476 2560 con
501 2506 633 2577 Salodury
657 2505 731 2560 dittct
755 2506 807 2559 den
832 2504 921 2575 Ko‘m'y
946 2505 1050 2576 liudolf
1071 2503 1206 2575 drinqeod
1229 2523 1272 2559 tem

263 2595 418 2667 schlcum’ge
429 2595 504 2666 Hitse
515 2613 599 2669 yepeo
613 2599 664 2650 dco
678 2597 764 2668 Ko‘m'p
780 2597 880 2651 orator
892 2613 942 2650 oon
954 2593 1081 2650 Bdbmeo.

159 2709 281 2763 Gerbert
293 2707 319 2771 2,
333 2707 359 2762 8.

156 2816 353 2900 lndignacio,
389 2837 477 2903 quam
507 2818 647 2899 concepit
682 2817 805 2899 indigne
833 2815 1273 2897 adversus'Salisburgensem

53 2928 231 2993 ecclesiam
254 2925 391 2989 dominus
414 2947 466 2988 rex
488 2925 647 2998 bohemie,
678 2926 757 2989 sicut
778 2925 982 3008 experimento
1007 2924 1184 2995 didicimus,
1214 2943 1273 2986 non

53 3038 215 3124 quiescet,
235 3015 331 3099 donec
347 3041 483 3098 nostrum
501 3040 530 3098 et
547 3035 678 3098 ecclesie
694 3039 796 3098 nostre
808 3034 969 3116 vestigium
982 3032 1118 3096 deleatur
1131 3033 1168 3096 de
1180 3038 1270 3097 terra.

53 3149 232 3229 Postquam
261 3145 339 3206 enim
368 3164 472 3207 omnes
507 3149 537 3207 et
572 3144 682 3226 singuli
710 3145 864 3227 perierunt
898 3143 929 3204 in
957 3142 1092 3215 Austria,
1124 3142 1216 3209 Stiria
1244 3148 1274 3206 et

57 3253 240 3325 Cariathia,
258 3252 308 3339 qui
326 3253 465 3317 colebant
481 3253 632 3318 iusticiam
649 3259 679 3316 et
690 3234 815 3317 Romani
828 3251 946 3336 imperii
957 3251 1075 3336 legibus
1092 3258 1256 3335 paruerunt
1263 3273 1273 3324 ;

50 3369 230 3451 postquam
246 3360 343 3426 fidelis
365 3368 467 3426 nostra
485 3362 609 3427 devocio
626 3362 774 3426 remoueri
791 3382 849 3425 non
866 3361 963 3444 potuit
974 3362 1020 3426 vel
1038 3362 1157 3435 mutari,
1174 3362 1274 3425 multis

51 3477 214 3557 temptata
230 3471 414 3544 terroribus,
441 3473 531 3536 uariis
553 3472 654 3534 illecta
675 3472 834 3554 promissis
859 3476 889 3534 et
905 3492 923 3534 a
939 3491 1012 3553 rege
1028 3471 1165 3554 predicto
1191 3471 1273 3534 solli-

52 3588 159 3651 citata
189 3601 279 3669 quam
302 3582 439 3664 pluribus
468 3579 697 3645 blandimentis:
729 3601 801 3644 ecce
831 3580 910 3665 quod
938 3581 990 3644 tali
1020 3580 1068 3644 die
1097 3581 1273 3663 capitaneus

54 3693 163 3761 Stirie
182 3691 220 3780 1),
239 3692 358 3754 nomine
375 3692 457 3775 regis
474 3692 613 3774 predicti,
630 3692 731 3778 omnia
748 3691 877 3755 ecclesie
896 3691 1140 3773 salisburgensis
1156 3690 1273 3774 predia,

53 3809 144 3874 fora,
177 3806 277 3864 castra
300 3807 330 3864 ct
353 3800 463 3884 oppida
486 3802 619 3865 exercitu
644 3807 830 3886 congregato
854 3800 964 3864 invasit
987 3800 1146 3872 hostiliter,
1176 3801 1274 3886 captis

55 3910 245 3980 hominibus
262 3914 292 3972 ct
309 3910 461 3996 plerisque
479 3912 606 3982 occisis,
636 3912 774 3976 deductis
797 3911 889 3975 rebus
906 3910 1084 3982 mobilibus,
1114 3909 1274 3973 immobili-

56 4027 125 4090 bus
144 4020 188 4108 a)
207 4039 278 4082 vero
295 4020 468 4102 perignem
490 4026 520 4084 et
543 4021 676 4104 gladium
698 4028 759 4085 tam
790 4021 953 4084 crudeliter
981 4019 1163 4090 devastatis,
1194 4019 1274 4103 quod

55 4138 127 4200 iam
144 4131 185 4195 de
202 4128 341 4193 omnibus
359 4129 422 4194 suis
440 4129 531 4195 rebus
549 4153 710 4215 superesse
734 4131 827 4195 nichil
851 4132 983 4194 cernitur
1005 4129 1134 4193 ecclesie
1159 4148 1273 4191 memo-

161 4295 196 4364 o)
212 4299 240 4350 et
253 4295 358 4348 immob.
376 4291 407 4346 V.

60 4473 399 4490 .--—-----·--·-···-‘

108 4594 131 4654 1)
143 4597 235 4642 Milotn,

130 4692 228 4736 Fontes.
242 4688 312 4734 soth.
324 4689 352 4732 ll.
364 4687 404 4732 sd.
416 4689 484 4732 llllv.
