3116 5124
286 273 336 343 92

284 447 527 532 incedensque
540 450 742 524 esteunstus,
749 451 826 534 jugo
838 456 1015 535 premuntur
1021 452 1223 516 vennone
1236 452 1403 524 servitutis,
1420 469 1475 514 nos

283 555 342 618 iero
357 576 417 626 uon
431 557 539 622 ancille
556 559 611 622 sed
626 559 721 628 libere
737 559 813 624 filios
830 559 953 626 efficere
969 561 1131 626 nsliuntur
1144 560 1260 624 iniuriis
1280 567 1315 624 et
1336 560 1476 641 effligere

282 684 372 747 quern
388 666 521 748 plurimis
539 668 724 749 perusinis
740 669 936 734 detrimentis.

681 872 723 934 lte
740 869 950 936 essendone
966 871 1075 935 ulnus

786 994 916 1042 uerticoso
935 996 970 1040 Vl.

373 1130 482 1210 Plenus
498 1129 601 1210 grecie
616 1135 650 1192 et
669 1115 794 1195 venete
811 1130 983 1212 unigenitus
998 1130 1055 1194 Dei
1072 1129 1146 1204 visi,
1162 1149 1268 1216 quern,
1297 1130 1480 1212 disponente

285 1238 379 1320 petris
402 1237 497 1300 eterni
519 1237 698 1312 clemencie,
714 1238 835 1302 humani
852 1239 973 1320 generis
997 1239 1136 1302 condicio
1156 1237 1267 1312 misere
1290 1239 1330 1302 od
1353 1257 1481 1321 repere-

282 1347 402 1408 cionem
416 1344 456 1429 a)
473 1366 529 1410 sue
544 1345 663 1428 perdite
681 1345 834 1428 dignitatis
851 1347 984 1428 legeturn
1001 1347 1039 1410 de
1056 1348 1129 1411 celis
1145 1345 1290 1420 obtinuit,
1318 1347 1481 1430 potestatis

287 1454 502 1536 plenitudinem
517 1455 702 1519 obtinentem
717 1453 749 1518 in
764 1434 884 1527 seculo,
912 1455 963 1538 qui
985 1475 1106 1539 semper
1121 1456 1200 1538 opud
1216 1475 1288 1520 snos
1305 1455 1403 1520 extitit
1425 1474 1482 1538 per

284 1564 420 1645 greciam
441 1565 513 1628 licet
526 1564 640 1650 ubique
660 1570 781 1627 maneat
801 1583 857 1646 por
881 1570 1035 1637 naturam,
1063 1571 1096 1629 ut
1123 1581 1226 1630 cerum
1247 1565 1305 1628 sihi
1325 1563 1481 1649 populum,

167 1689 211 1730 sn.
222 1691 267 1730 ces
285 1672 391 1754 modi
407 1673 510 1754 precio
525 1679 740 1756 conparatum,
767 1672 807 1735 de
821 1673 961 1737 fuuoibus
977 1674 1072 1737 leonis
1089 1673 1220 1756 eriperet
1235 1673 1402 1755 rugientis,
1426 1693 1483 1756 per

283 1801 317 1844 se
340 1799 376 1844 oo
400 1781 569 1862 penedos,
597 1801 673 1864 quos
701 1780 785 1844 verbi
809 1782 856 1846 sui
880 1782 1006 1846 nuncios
1031 1799 1068 1844 ec
1089 1799 1239 1864 precones
1262 1782 1419 1847 constituit
1435 1781 1483 1846 sui

282 1891 410 1956 nominis
439 1877 562 1971 gloriosi
589 1891 711 1954 visitare
740 1910 811 1955 suos
841 1891 1003 1956 salubriter
1028 1911 1088 1954 non
1116 1891 1251 1964 desistit,
1279 1897 1403 1973 gestans
1431 1890 1483 1954 ille

214 2045 216 2048 ι
284 2020 389 2063 secum
416 1999 454 2064 de
481 2001 554 2063 celis
582 1999 733 2075 remedie,
765 2020 903 2085 perque
927 2007 1087 2064 conservet
1115 2001 1367 2083 contemplationi
1395 1999 1484 2064 dedi-

286 2115 369 2172 catos
387 2107 435 2195 l),
452 2115 609 2191 prescrvot
630 2115 853 2192 contemptores
876 2110 971 2174 seculi
993 2115 1024 2174 et
1044 2111 1116 2192 iugo
1133 2106 1171 2190 ο)
1188 2109 1361 2192 penitencie
1385 2108 1485 2192 depu-

285 2223 363 2283 tatos
391 2237 446 2299 per
473 2237 531 2299 que
560 2224 646 2281 curet
673 2218 818 2282 viciorum
845 2218 912 2282 labe
936 2239 1117 2301 conspersos
1140 2224 1171 2282 et
1193 2219 1345 2282 sauciatos
1374 2219 1483 2283 iaculis

285 2327 409 2390 sathane
438 2335 499 2391 tarn
526 2325 715 2390 evidentibus
742 2347 833 2410 qoem
861 2328 1005 2399 occultis,
1038 2343 1181 2410 perque
1214 2331 1245 2388 et
1267 2313 1308 2410 d)
1341 2327 1479 2389 meliorat

231 2521 235 2528 1
284 2435 426 2500 bonitatis
448 2436 623 2498 insudantes
648 2435 788 2517 operibus
815 2443 845 2500 et
866 2436 1061 2517 perfectionis
1080 2435 1216 2498 obtinere
1242 2433 1381 2499 brevium
1398 2441 1480 2498 sate-

287 2545 443 2631 gentes1)

712 2748 752 2810 ld
783 2753 940 2812 extraneos
972 2747 1052 2810 ddel.

789 2869 917 2916 distinctio
935 2871 981 2916 Vll.

375 3009 431 3072 Dei
448 3010 632 3090 sapienciarn
649 3015 679 3076 et
695 3010 835 3074 virtutem
850 3003 915 3072 fieri
932 3013 1040 3071 notem·
1054 3008 1085 3070 in
1106 3006 1223 3088 populis
1248 3007 1433 3090 precipuum
1455 3011 1483 3068 et

193 3175 194 3180 ,
288 3120 461 3184 continuum
483 3125 531 3182 e'st
551 3119 582 3182 iu
603 3125 706 3183 nostre
728 3116 883 3202 proposito
906 3096 1076 3188 voluntatis,
1093 3117 1254 3198 presertim
1279 3136 1348 3180 eum
1371 3117 1403 3180 in
1426 3115 1483 3178 hoc

287 3231 348 3294 vite
364 3227 525 3314 perhennis
542 3228 698 3301 consistet,
715 3226 795 3309 quod
806 3227 903 3290 Deum
913 3231 1030 3310 patrem
1043 3230 1074 3288 et
1086 3245 1175 3308 quem
1190 3225 1271 3287 misit
1286 3223 1381 3290 tilium
1397 3243 1482 3290 suurn

287 3341 392 3406 lesum
407 3343 507 3403 ruente
519 3338 600 3420 vigili
612 3356 708 3420 genus
724 3336 885 3402 humerum
901 3335 1022 3399 studeat
1038 3354 1205 3418 agnoscere
1222 3354 1258 3398 ec
1274 3334 1399 3398 laudum
1415 3353 1482 3417 pre-

289 3451 374 3514 conio
392 3451 455 3514 eius
474 3449 608 3511 attollere
625 3446 758 3528 greciam
774 3446 949 3509 maiestatis.

677 3650 717 3712 ld
733 3666 847 3714 crucem
864 3649 1088 3730 susciplendum.

789 3771 916 3816 nrrtrnooo
928 3770 983 3816 vor.

378 3912 423 3976 Do
440 3915 559 3975 secreto
576 3910 606 3972 in
621 3909 773 3993 publicum
790 3925 934 3989 egressus
950 3907 988 3971 ed
1006 3925 1109 3970 servos
1126 3925 1178 3970 rex
1193 3905 1250 3968 Dei
1266 3903 1345 3968 tilius
1362 3904 1401 3968 ed
1418 3921 1480 3986 ymo

290 4021 457 4091 descendit,
480 4025 513 4084 ut
535 4019 662 4084 subditis
685 4018 723 4081 ad
747 4036 861 4081 summa
884 4021 1006 4099 peroret
1028 4035 1188 4079 ascensum
1210 4013 1265 4078 suh
1283 4019 1363 4077 teste
1381 4017 1479 4076 nostre

380 4186 414 4254 o)
428 4183 665 4254 recuperationem
679 4179 706 4233 Z.
728 4211 761 4220 -
781 4179 814 4247 b)
837 4179 942 4234 deditos
962 4178 990 4232 Z.
1007 4211 1036 4221 -
1056 4178 1088 4247 c)
1103 4175 1159 4250 iugi
1177 4178 1198 4231 V
1217 4176 1382 4230 observando
1401 4175 1478 4228 unton

291 4276 347 4331 Ful.
367 4276 411 4338 79,
432 4294 476 4330 no.
495 4275 539 4326 lt).
559 4302 593 4310 -
607 4271 643 4340 d)
658 4271 735 4324 etium
749 4271 791 4323 Ζ..

317 4500 338 4559 ¹)
352 4502 398 4545 Der
418 4511 494 4558 genno
512 4498 580 4542 Brrei
592 4497 663 4540 untsn
681 4494 729 4538 llol.
748 4493 788 4544 79,
810 4503 847 4537 nn.
866 4490 904 4537 lo.
