3116 5124
332 310 383 382 'll

330 485 530 559 inmobilibus,
546 487 625 550 sicut
640 488 671 550 in
686 488 928 570 possessionibus
935 489 975 575 α)
991 495 1022 553 el
1039 490 1164 554 decimis
1182 498 1212 556 et
1228 493 1381 556 similibus,
1396 494 1424 556 ln
1438 495 1487 558 iure

326 601 425 657 autem
446 594 561 658 urbano
577 595 610 658 lit
629 596 814 678 prescripcio
837 603 972 678 tempore
992 600 1071 662 XXX
1092 618 1254 672 annorum
1270 603 1348 664 sicut
1364 602 1387 663 si
1402 603 1488 685 aliquis

322 724 378 786 per
400 705 524 786 triginta
551 725 645 769 annos
671 707 807 789 possedit
831 725 935 788 agrum
959 707 1005 769 vel
1028 707 1165 788 predium
1187 708 1288 792 quiete
1306 714 1337 770 et
1352 708 1412 772 sine
1427 711 1488 772 omni

321 813 486 894 peticione,
511 814 560 876 ille
581 819 649 897 post
670 814 727 877 hcc
749 815 923 878 vendicaret
945 815 1003 877 sibi
1025 815 1105 878 illam
1121 817 1344 898 possessionem
1361 818 1419 880 iure
1433 837 1488 898 pre·

320 922 510 1003 scripcionis,
527 941 583 985 nec
600 923 706 1006 aliquis
722 930 807 986 actor
822 931 926 1006 posset
943 943 1010 986 cum
1025 924 1174 1006 inpetere,
1199 925 1268 1008 quia
1292 925 1341 986 ille
1357 925 1487 1006 prescrip·

321 1030 413 1092 sisset
428 1031 456 1091 ei
472 1036 607 1112 tempore
622 1033 701 1095 XXX
721 1051 875 1094 annorum.
906 1031 939 1094 ln
961 1033 1026 1095 iure
1047 1039 1147 1096 autem
1170 1031 1379 1095 ecclesiastico
1399 1033 1449 1094 nisi
1466 1034 1488 1094 in

320 1136 372 1200 XL
388 1139 473 1200 annis
488 1145 589 1220 potest
604 1138 669 1202 deri
685 1141 880 1222 prescripcio,
898 1142 977 1203 unde
994 1143 1124 1224 quirem
1140 1141 1266 1203 alienam
1282 1161 1339 1223 pcr
1351 1143 1399 1206 XL
1415 1161 1488 1203 annos

320 1245 385 1308 sine
401 1248 622 1330 interrupcione
639 1253 670 1310 et
683 1250 760 1311 omni
774 1250 891 1311 actione
903 1249 1048 1331 possedit,
1066 1245 1114 1312 ille
1126 1250 1185 1312 iam
1197 1249 1262 1311 iure
1278 1249 1489 1332 prescripcionis

318 1376 383 1418 rem
399 1356 477 1418 illam
493 1363 596 1420 tenere
612 1365 757 1439 perpetuo
774 1358 894 1439 poterit.
927 1359 1038 1421 Contra
1054 1361 1215 1422 Romanam
1236 1363 1339 1420 tamen
1357 1359 1393 1445 b)
1409 1359 1489 1420 ecole-

209 1547 213 1554 ,
318 1463 393 1526 siam
409 1460 468 1527 non
483 1463 517 1527 lit
531 1466 717 1547 prescripcio
735 1467 790 1528 nisi
808 1468 838 1529 in
854 1473 973 1530 centum
990 1467 1085 1538 annis,
1102 1483 1158 1549 pro
1174 1487 1211 1530 eo
1229 1467 1309 1551 quod
1325 1468 1391 1549 ipsa
1407 1465 1439 1552 c)
1453 1472 1487 1528 est

319 1568 495 1653 dignissima
517 1575 713 1638 ecclesiarum
736 1576 865 1639 omnium
890 1582 921 1638 ct
942 1581 1048 1638 mater.

407 1681 573 1762 Exigentur
588 1689 687 1746 autem
704 1691 831 1767 quatuor
847 1685 884 1746 ad
900 1703 1000 1746 veram
1016 1684 1287 1766 prescripcioncm:
1306 1685 1443 1748 Primum
1453 1689 1487 1744 est

316 1787 396 1850 bona
417 1787 511 1861 tides,
527 1796 559 1853 ut
581 1791 723 1854 videlicet
745 1792 792 1854 ille
810 1793 861 1874 qui
876 1791 1039 1873 prescribit
1055 1792 1160 1854 credat
1175 1811 1239 1854 rem
1254 1792 1337 1854 illam
1353 1812 1421 1854 vere
1435 1811 1488 1852 csse

315 1917 412 1988 suam,
430 1898 477 1960 vel
494 1901 524 1961 in
540 1901 666 1962 veritate
682 1901 762 1962 illum
779 1901 883 1963 credat
905 1901 1000 1963 fuisse
1017 1921 1118 1962 verum
1135 1901 1286 1963 dominum
1299 1901 1347 1962 rei
1364 1899 1436 1961 illius
1450 1897 1487 1980 qui

317 2005 375 2068 sibi
398 2027 464 2069 eam
479 2008 612 2080 tradidit,
636 2015 666 2071 et
687 2009 829 2071 babuisse
853 2011 899 2071 ius
917 2029 981 2072 earn
998 2009 1054 2071 sibi
1073 2006 1173 2080 dandi,
1196 2010 1267 2072 licet
1284 2010 1365 2072 forte
1382 2015 1453 2070 erret
1465 2006 1487 2066 in

317 2115 414 2186 facto;
442 2116 500 2178 hcc
524 2121 623 2180 autem
647 2116 724 2180 bona
751 2113 827 2179 tides
851 2137 971 2199 semper
986 2117 1185 2199 presumenda
1203 2123 1260 2187 est,
1288 2117 1349 2178 nisi
1365 2116 1487 2198 probetur

315 2224 403 2296 mala,
420 2225 499 2287 sicut
515 2231 545 2288 ct
561 2225 734 2306 ignorancia
749 2226 932 2307 presumitur
948 2227 1088 2308 quamdiu
1104 2226 1237 2288 sciencia
1254 2245 1314 2287 non
1331 2225 1420 2288 luerit
1432 2242 1487 2304 pro·
1540 2269 1541 2272 ,

314 2333 394 2396 bate.
408 2333 551 2414 -Quod
564 2334 589 2395 si
605 2334 653 2397 ille
671 2335 720 2417 qui
737 2335 791 2397 tibi
807 2355 871 2396 rem
886 2334 1009 2397 tradidit
1024 2333 1116 2397 habet
1131 2335 1239 2396 malam
1256 2333 1358 2405 tidem,
1375 2332 1426 2394 tibi
1440 2349 1485 2392 nou
1540 2401 1541 2408 ἵ

315 2449 415 2516 nocet,
433 2443 590 2507 dummodo
606 2449 638 2507 ta
660 2446 702 2530 d)
718 2445 825 2509 credas
843 2463 911 2508 eum
926 2445 1037 2508 habere
1054 2444 1162 2506 bonam
1178 2443 1276 2506 fidem.
1294 2443 1401 2505 Adbuc
1416 2441 1486 2502 etiam

313 2552 422 2614 bonam
438 2551 532 2613 habes
549 2551 646 2624 fidem,
664 2553 783 2634 quando
807 2551 926 2616 dubiam
942 2551 1036 2615 habes
1057 2552 1279 2615 conscienciam
1297 2551 1336 2613 de
1354 2572 1387 2614 re
1403 2551 1431 2611 in
1445 2567 1487 2630 qua
1539 2629 1541 2631 Ι

311 2660 487 2744 prescribis.
506 2661 682 2726 Secundum
700 2667 746 2723 cst
762 2662 857 2723 iustus
873 2662 993 2743 tytulus.
1023 2661 1147 2743 Tylulus
1164 2667 1289 2723 vocatur
1306 2662 1338 2722 in
1354 2657 1488 2741 prescrip·

312 2771 393 2834 tione
408 2771 459 2834 illa
476 2790 567 2832 causa
583 2791 619 2832 ex
634 2789 692 2853 qua
708 2769 815 2852 incipis
831 2790 896 2834 rem
915 2771 1084 2853 possidere,
1100 2769 1241 2832 videlicet
1254 2769 1366 2850 emptio
1379 2769 1422 2830 vel
1433 2787 1488 2848 per·

311 2881 445 2952 mutatio,
462 2879 508 2942 vel
522 2879 651 2950 donatio,
668 2880 715 2941 vel
731 2879 843 2962 aliquid
859 2879 964 2942 simile.
982 2878 1038 2941 Est
1051 2879 1129 2941 enim
1141 2878 1253 2960 emptio
1265 2877 1312 2939 vel
1326 2875 1485 2960 permutatio
1540 2939 1541 2942 ,

310 2990 357 3052 vel
371 2989 490 3051 donatio
503 2990 613 3069 tytulus
628 3005 685 3070 quo
699 2993 807 3051 turem
820 2988 899 3050 illam
911 2994 997 3051 tenes
1010 2987 1040 3049 in
1054 3007 1110 3070 qua
1123 2987 1349 3068 proscripsisti:
1363 2992 1413 3048 aut
1425 2984 1486 3046 enim

313 3097 410 3179 ipsam
425 3097 533 3168 emisti,
541 3102 592 3160 aut
612 3096 838 3159 commutacione
852 3097 975 3160 alterius
986 3097 1031 3159 rei
1044 3097 1080 3182 e)
1095 3095 1277 3177 conparasti,
1286 3102 1339 3158 aut
1353 3096 1425 3158 dono
1437 3112 1486 3154 eam

311 3205 578 3286 abalioaccepisti.
597 3205 662 3268 Nec
670 3205 794 3287 impedit
801 3205 1050 3287 prescriptionem
1068 3205 1093 3265 si
1110 3205 1221 3286 tytulus
1238 3203 1277 3290 f)
1294 3223 1356 3266 non
1372 3203 1410 3264 sit
1423 3203 1484 3264 lorte
1535 3290 1536 3293 Ἴ

311 3313 428 3376 omnino
445 3313 552 3384 iustus,
570 3313 729 3376 dummodo
745 3314 811 3394 ipse
827 3313 937 3394 tytulus
956 3311 1109 3376 sufficiens
1126 3313 1217 3376 luerit
1233 3312 1271 3375 ad
1284 3312 1343 3375 hoc
1357 3312 1431 3395 quod
1444 3329 1487 3391 per

299 3399 377 3484 'eum
394 3421 534 3504 incepisti
549 3443 612 3484 rem
636 3421 809 3503 possidere;
833 3420 917 3484 verbi
934 3422 1052 3502 gracia:
1086 3423 1187 3484 Posito
1204 3420 1284 3503 quod
1308 3421 1414 3504 aliquis
1435 3417 1486 3499 epi·

310 3549 419 3612 scopus
437 3531 528 3594 donet
542 3530 724 3594 monasterio
741 3536 843 3592 nostro
861 3530 993 3592 decimas
1005 3531 1051 3592 vel
1064 3530 1110 3592 ius
1123 3534 1295 3592 montanum
1308 3531 1356 3592 vel
1374 3529 1483 3612 aliquan

220 3631 225 3641 ⁰
309 3639 531 3721 possessionem
544 3641 642 3712 aliam,
659 3645 690 3703 et
706 3639 757 3702 det
772 3639 858 3702 nobis
875 3639 977 3702 literas
995 3638 1168 3701 donacionis
1186 3657 1239 3701 sue
1254 3638 1295 3723 9)
1314 3637 1485 3701 confirmato·

308 3749 380 3820 rias,
412 3748 471 3811 iam
502 3750 560 3811 ista
592 3748 717 3812 donacio
751 3753 797 3810 est
827 3748 939 3829 tytulus
972 3767 1029 3829 quo
1058 3768 1112 3810 nos
1140 3746 1298 3829 incipimus
1333 3767 1397 3810 rem
1421 3745 1483 3806 illam

308 3856 475 3939 possidere,
509 3856 542 3921 Si
560 3876 633 3938 ergo
645 3856 710 3918 illas
727 3855 859 3920 decimas
875 3876 930 3938 per
945 3857 996 3919 XL
1013 3877 1105 3919 annos
1124 3856 1225 3938 quiete
1247 3859 1278 3918 et
1301 3856 1366 3919 sinc
1383 3858 1484 3917 contra-

310 3965 440 4028 dictione
462 3964 704 4046 possideremus,
726 3971 798 4028 tunc
814 3965 1071 4047 prescriberemus
1099 3967 1130 4027 in
1146 3965 1195 4026 illa
1211 3964 1402 4050 possessione
1418 3955 1481 4043 quod

310 4074 416 4136 amodo
444 4093 503 4137 non
530 4075 627 4155 possit
655 4071 741 4136 nobis
758 4072 878 4136 aufferri
891 4073 921 4136 in
942 4079 1120 4155 perpetuum
1141 4073 1235 4156 tytulo
1259 4070 1431 4138 donationis,
1451 4071 1481 4134 et,

308 4181 381 4246 licet
407 4182 518 4263 tytulus
546 4180 699 4243 sufficiens
728 4187 809 4246 esset
835 4183 874 4245 ad
897 4182 1024 4245 dandam
1046 4202 1167 4245 causam
1190 4177 1417 4265 prescriptioni,
1435 4193 1481 4237 non

310 4296 392 4354 esset
408 4295 508 4352 tamen
535 4290 630 4352 iustus
657 4291 785 4372 tytulus,
813 4311 867 4373 pro
890 4312 925 4354 co
948 4291 1027 4373 quod
1048 4309 1179 4354 canones
1197 4291 1311 4362 dicunt,
1328 4286 1404 4372 quod
1418 4280 1481 4348 nulla

399 4415 433 4482 c)
448 4415 518 4468 sieut
535 4415 551 4466 i.
565 4432 592 4486 p.
612 4415 680 4468 leblt
693 4415 721 4468 V.
742 4443 772 4456 ·-
793 4415 825 4485 b)
844 4415 911 4468 enim
925 4415 954 4470 V.
978 4443 1006 4455 -
1028 4417 1060 4484 c)
1075 4429 1105 4466 ea
1126 4415 1153 4468 Z.
1174 4445 1202 4454 -
1219 4416 1254 4485 d)
1279 4419 1309 4468 tu
1329 4413 1396 4468 leblt
1412 4407 1436 4464 V.
1455 4433 1480 4444 -

309 4507 341 4576 e)
361 4523 416 4560 eam
433 4507 461 4560 Z.
479 4536 509 4547 -
523 4505 555 4576 s)
569 4509 618 4578 tyt.
633 4505 776 4574 aliquando
787 4523 839 4558 non
852 4507 887 4558 sit
900 4506 992 4567 inatus,
1008 4509 1047 4559 vel
1060 4507 1164 4559 omnino
1183 4506 1308 4560 iustnsll.
1326 4535 1353 4546 -
1373 4496 1479 4574 szenl.
