3168 5124
328 308 377 378 28

326 502 424 546 rerum
438 501 557 544 suarum
570 480 619 568 α),
637 486 669 544 ut
685 481 739 544 tihi
757 481 793 544 de
806 480 978 545 racionibus
995 480 1105 544 nostris
1122 479 1324 562 respondeant
1336 487 1367 544 et
1380 480 1527 544 obediant

326 597 467 674 tanquam
483 589 575 652 iudici
592 590 709 672 imperii
733 591 868 672 speciali,
892 589 1032 672 quamdiu
1054 589 1145 653 suerit
1163 589 1200 652 de
1216 596 1319 653 nostre
1335 591 1531 673 heneplacito

323 698 491 766 voluntatis.
508 700 575 762 Dat.

412 940 516 1002 Itcrmn
532 939 745 1001 commissionis
764 933 800 1022 ὂ)
823 939 989 1020 principum
1008 937 1279 1002 ecclesiasticorum
1296 941 1325 1000 in
1353 957 1449 1003 ceusu

851 1045 1012 1130 spirituali.

422 1207 457 1272 0.
474 1207 511 1294 ο)
527 1207 584 1269 Dei
597 1199 700 1287 gracia
718 1206 846 1269 ecclesie
863 1205 1048 1270 Pataviensis
1062 1207 1221 1290 episcopus
1230 1207 1348 1271 dilectis
1365 1209 1396 1271 in
1410 1208 1531 1272 Christo

328 1316 395 1380 filiis
413 1319 445 1382 C.
464 1317 504 1403 d)
522 1316 682 1381 scolastico
699 1322 729 1379 et
745 1317 780 1379 H.
799 1316 914 1379 cantori
930 1317 998 1379 talis
1014 1315 1074 1379 loci
1091 1316 1217 1380 salutern
1240 1323 1270 1380 et
1290 1323 1417 1400 paterne
1435 1319 1530 1382 dilec-

327 1426 417 1491 tionis
435 1425 583 1488 affectum.
615 1424 725 1487 Dileeti
742 1425 836 1488 nostri
852 1424 1024 1507 prepositus
1041 1430 1072 1487 et
1095 1424 1255 1507 capitulum
1278 1426 1408 1489 ecclesie
1432 1426 1529 1489 sancti

325 1536 442 1600 Nicolai
474 1533 631 1617 conquesti
654 1540 723 1597 sunt
745 1533 847 1606 nobis,
872 1534 952 1617 quod
970 1533 1004 1597 G.
1024 1534 1141 1616 dapifer
1164 1555 1216 1598 eos
1248 1536 1278 1598 in
1315 1535 1434 1600 decima
1452 1556 1528 1620 qua-

328 1647 396 1710 darn
406 1645 443 1732 e)
459 1645 491 1706 in
506 1644 558 1707 tali
574 1644 640 1709 loco
658 1649 762 1708 contra
784 1644 934 1706 iusticiam
956 1643 1094 1725 spoliavit
1110 1649 1141 1707 et
1156 1645 1230 1707 alias
1244 1625 1361 1707 eisdem
1378 1647 1484 1727 gravis
1501 1652 1528 1709 et

327 1755 488 1818 iniuriosus
506 1753 621 1816 existat.
646 1752 731 1816 Unde
750 1751 930 1815 discrecioni
947 1756 1047 1814 vestre
1063 1751 1262 1834 iniungimus,
1280 1759 1441 1836 quatenus,
1457 1775 1526 1837 par·

328 1863 408 1928 tibus
441 1863 626 1934 convocatis,
644 1882 690 1934 ea,
709 1882 765 1945 que
794 1859 831 1922 ab
861 1860 904 1922 eis
932 1861 1087 1943 proposita
1106 1859 1144 1945 f)
1162 1882 1263 1926 coram
1291 1863 1377 1926 vobis
1407 1863 1528 1934 fuerint,

329 1971 456 2037 audiatis
489 1978 519 2035 et
545 1970 602 2033 fine
631 1970 731 2033 debito
760 1969 943 2041 terminetis,
974 1969 1120 2032 facientes
1150 1971 1230 2054 quod
1258 1971 1458 2035 decreveritis
1480 1994 1530 2055 per

329 2102 486 2145 censuram
517 2080 755 2143 ecclesiasticam
787 2079 950 2143 observari.
995 2080 1104 2141 Testes
1135 2101 1207 2144 vero
1229 2079 1270 2166 9)
1302 2082 1352 2164 qui
1385 2082 1528 2145 nominati

329 2176 450 2263 fuerint,
468 2191 493 2252 si
507 2211 539 2252 se
553 2189 632 2261 odio,
649 2188 752 2270 gracia
765 2188 812 2250 vel
824 2187 930 2251 timore
944 2187 1154 2262 subtraxerint,
1168 2209 1296 2253 censura
1308 2191 1399 2253 simili
1414 2192 1530 2274 cogatis

328 2300 448 2364 ueritati
464 2298 668 2363 testimonium
684 2296 855 2380 perhibere,
873 2302 903 2359 et
916 2297 941 2358 si
955 2296 1042 2360 ambo
1054 2296 1203 2361 interesse
1217 2320 1276 2361 non
1287 2299 1443 2381 poteritis,
1461 2321 1531 2364 nnus

330 2416 463 2473 vestrum
479 2407 687 2472 nichilominus
705 2411 876 2488 exequatur.

510 2649 612 2710 lormc
629 2645 845 2709 commissionis
863 2646 1024 2708 eorundem
1039 2647 1070 2708 iu
1087 2664 1177 2714 ceusu
1193 2649 1358 2730 temporali.

423 2826 455 2888 P.
469 2823 508 2912 l)
524 2824 581 2888 Dei
597 2824 701 2908 gracia
716 2823 901 2886 Pataviensis
918 2824 1047 2886 ecclesie
1061 2827 1352 2908 episcopusdilectis
1369 2827 1402 2891 in
1416 2829 1531 2892 Christo

335 2935 490 2998 cellerario
508 2940 538 2997 et
553 2934 646 3016 priori
661 2933 729 2996 talis
744 2931 804 2994 loci
821 2938 878 2994 etc.
897 2931 1085 3016 Conquestus
1104 2940 1150 2997 est
1166 2934 1253 2997 nobis
1269 2937 1302 2998 B.
1320 2936 1352 3021 i)
1371 2940 1533 3003 canonieus

334 3044 402 3108 talis
426 3043 567 3115 ecclesie,
585 3042 664 3126 quod
686 3043 721 3105 H.
738 3041 806 3104 talis
823 3041 862 3128 lc)
879 3040 1039 3123 burgensis
1063 3042 1120 3104 sihi
1142 3043 1173 3106 in
1190 3045 1316 3128 quadarn
1346 3047 1532 3112 denariorum

337 3173 450 3216 summa
466 3157 586 3216 maneat
602 3151 752 3232 obligatus
770 3155 800 3212 et
817 3150 940 3213 eosdem
958 3151 1179 3215 denariossibi
1197 3154 1313 3217 solvere
1336 3158 1536 3225 contradicat,

337 3268 367 3325 et
383 3262 457 3325 alias
479 3261 537 3324 sihi
560 3260 719 3323 iniuriosus
744 3259 860 3321 existat.
878 3259 963 3322 Unde
993 3260 1174 3324 discrecioni
1195 3267 1246 3325 tue
1268 3264 1299 3350 l)
1323 3267 1533 3330 committimus

337 3391 470 3443 causam,
485 3391 542 3454 que
554 3369 633 3433 inter
641 3390 693 3433 eos
701 3369 836 3442 vertitur,
850 3369 1026 3431 mandantes
1035 3374 1192 3453 quatenus,
1205 3372 1340 3453 partibus
1349 3378 1532 3450 convocatis,

337 3481 434 3563 ipsam
450 3499 572 3543 causam
588 3462 727 3552 audiatis,
744 3485 777 3544 ut
793 3478 951 3566 suprave).

740 3703 842 3765 Ferme
859 3700 1124 3781 subdelegecionis.

430 3864 461 3927 P.
485 3865 525 3952 n)
541 3864 598 3926 Dei
622 3863 726 3946 gracia
758 3862 889 3925 ecclesie
913 3861 1100 3924 Pataviensis
1133 3863 1341 3952 episcopuso)
1365 3865 1476 3931 dilecto
1504 3869 1530 3930 in

343 3973 462 4037 Christo
479 3974 547 4038 talis
563 3972 622 4036 loci
639 3970 767 4055 plebano
785 3971 920 4034 salutern.
951 3971 1023 4033 Cum
1041 3971 1248 4036 sanctissimus
1266 3974 1297 4036 in
1314 3975 1435 4041 Christo
1451 3983 1530 4060 pater

435 4155 469 4225 e)
490 4155 615 4209 bonorum
635 4169 740 4208 suorum
761 4153 789 4205 Z.
803 4181 835 4190 —
852 4151 883 4222 d)
903 4153 1114 4207 commissionum
1129 4154 1159 4208 V.
1178 4186 1205 4195 —
1222 4155 1255 4224 c)
1275 4155 1316 4210 W.
1335 4155 1362 4210 Z.
1379 4186 1410 4196 -
1432 4159 1467 4228 d)
1487 4159 1529 4215 eh,

342 4249 370 4302 Z.
380 4277 416 4287 -
429 4248 460 4317 e)
476 4263 522 4300 eos
537 4245 667 4300 decimam
681 4243 812 4316 quandam
825 4244 852 4297 Z.
877 4273 904 4282 -
925 4244 958 4314 f)
972 4262 1049 4316 prop.
1064 4245 1132 4299 iehlt
1144 4246 1173 4299 V.
1192 4277 1220 4286 -·
1230 4246 1266 4317 p)
1285 4247 1356 4301 vobis
1370 4247 1398 4302 Z.
1419 4279 1447 4289 —
1462 4249 1495 4318 Ιι)
1505 4251 1527 4306 J,

342 4339 369 4394 Z.
383 4368 418 4378 —
429 4339 456 4408 c)
471 4337 498 4394 S.
512 4339 539 4393 z.
557 4368 586 4378 -
602 4338 636 4407 lc)
650 4337 719 4401 talis,
732 4336 794 4390 telis
808 4337 834 4390 Ζ.
849 4336 876 4406 t)
890 4339 979 4390 vestre
993 4337 1020 4391 Z.
1036 4367 1068 4376 -—
1083 4337 1124 4405 m)
1138 4336 1219 4390 finem
1238 4338 1385 4409 superioris
1407 4340 1529 4396 formulae

342 4435 387 4498 „et
405 4430 456 4484 tine
470 4430 560 4484 debito
578 4459 606 4470 -
622 4429 740 4484 fuerint“
753 4429 781 4482 Z.
800 4429 834 4499 n)
849 4429 879 4484 li.
893 4429 921 4484 Z.
937 4459 966 4470 -
983 4428 1014 4497 o)
1029 4427 1234 4500 Salupurgeusis
1248 4429 1365 4500 archiep.
1380 4434 1410 4488 et
1424 4449 1463 4504 ap.
1477 4433 1526 4488 sed.

343 4523 396 4594 leg.
409 4523 437 4579 Z.
