3116 5124
1182 266 1232 338 59

50 549 204 614 beelitere
222 551 337 616 debent
354 553 397 616 eis
415 573 483 615 esse
499 554 714 624 testimonium,
732 553 810 638 quod
831 552 951 636 probati
967 553 1078 615 fuerint
1100 556 1131 613 et
1152 547 1238 633 quasi
1282 614 1285 620 ,

32 657 125 741 ‘digni
140 661 258 723 inventi
275 661 314 723 ad
331 661 451 723 ordines
469 681 543 744 quos
558 668 772 745 susceperunt;
790 660 875 732 alias,
892 660 918 722 si
934 681 993 723 non
1010 665 1113 723 essent
1129 659 1192 721 noti
1209 663 1240 720 et

45 769 101 830 tide
118 767 213 848 digni,
237 789 299 832 non
319 769 563 850 permitterentur
577 771 608 832 in
625 769 775 852 susceptis
799 769 953 834 ordinibus
974 769 1153 832 ministrare.
1185 767 1241 828 Est

52 881 142 940 autem
171 877 408 958 compendiosus
437 884 467 941 et
494 878 595 941 brevis
623 879 729 941 modus
758 877 795 942 et
820 877 878 940 hee
911 882 959 941 est
989 879 1095 940 forma.
1142 874 1240 938 Primo

53 985 194 1047 scribatur
216 985 358 1049 salutatio
383 986 519 1049 omnibus
541 987 657 1050 literam
679 987 876 1069 inspecturis
906 987 1013 1050 deiude
1035 984 1165 1048 narratio
1188 1002 1242 1044 seu

52 1095 222 1176 protestatio
241 1093 424 1176 ordinatoris
441 1095 521 1176 quod
544 1096 582 1158 ad
605 1095 740 1159 ordinem
760 1095 852 1179 talem
873 1115 1033 1176 personam
1049 1090 1242 1175 promoverit,

54 1209 226 1284 cooperante
243 1203 344 1283 gratia
359 1204 506 1285 sapientie
529 1203 739 1286 septiformis,'
751 1203 792 1267 ita
814 1209 914 1266 tamen
936 1204 1015 1287 quod
1032 1221 1126 1264 annus
1142 1201 1243 1262 incar-

55 1311 172 1375 nationis
191 1317 223 1375 et
239 1311 282 1397 a]
298 1311 437 1384 kalende,
453 1312 578 1376 indictio
596 1318 626 1377 et
642 1317 736 1376 annus
751 1313 941 1396 pontificatus
960 1311 1139 1378 ordinatoris
1162 1308 1241 1371 nullo

55 1420 133 1484 modo
151 1420 337 1502 negligatur.
356 1421 447 1484 Verbi
464 1421 571 1504 gratia.
1252 1433 1329 1474 not-¹⁷
1341 1431 1362 1470 b·

449 1625 621 1706 Exemplum
638 1625 842 1688 formatarum.
916 1711 919 1718 .

135 1783 168 1844 R.
189 1781 228 1866 b)
245 1781 306 1846 Dei
322 1785 419 1864 gratia
442 1785 603 1866 episcopus
622 1784 752 1847 ecclesie
768 1784 956 1847 Pataviensis
980 1784 1119 1849 omnibus
1134 1781 1246 1846 Christi

62 1888 183 1952 fidelibus
200 1890 259 1954 has
276 1890 379 1955 literas
396 1893 576 1974 inspecturis
593 1893 718 1955 salutem
730 1892 761 1953 in
773 1877 911 1955 Domino.
926 1892 1052 1956 Noverit
1068 1891 1248 1955 universitas

62 2003 163 2070 vestra,
205 2000 289 2082 quod
318 2021 373 2062 nos
401 2001 436 2064 H.
466 2000 663 2063 exhibitorem
690 2001 880 2082 presentium
905 2001 1063 2082 probatum
1098 2006 1128 2063 et
1163 1999 1248 2082 quasi

63 2105 172 2188 dignum
193 2109 362 2180 inventum,
379 2129 433 2191 per
448 2105 552 2171 m'anus
576 2116 677 2172 nostre
699 2109 921 2192 impositionem
944 2110 982 2174 ad
1011 2109 1121 2190 gradus
1144 2127 1249 2169 saeer-

18 2271 19 2312 }
64 2215 126 2278 dotii
164 2216 371 2300 promovimus
405 2224 586 2301 cooperante
620 2218 707 2281 nobis
741 2221 838 2300 gratia
866 2217 1012 2300 sapientie
1056 2217 1247 2300 septiformis.

18 2335 20 2420 j
65 2323 124 2386 llat.
140 2326 179 2411 o)
198 2332 258 2389 etc.

447 2495 600 2557 bractatns
616 2494 653 2556 de
670 2493 865 2574 obligatoriis.
929 2461 933 2466 ⁵

555 2618 683 2664 castaneta
700 2619 766 2664 xvn.
807 2621 810 2630 ⁸

143 2754 289 2836 Sequitur
305 2751 354 2815 ‘de
382 2753 569 2834 obligatoriis
598 2772 655 2837 que
683 2753 783 2818 taliter
809 2757 985 2818 formantur.
1009 2756 1107 2818 Primo
1130 2755 1253 2837 ponitur

18 2941 19 2944 Ἴ
67 2859 191 2923 salutatio
208 2859 349 2923 omnibus
366 2837 421 2924 bas
437 2861 540 2927 literas
557 2865 748 2946 inspecturis.
781 2853 900 2926 Dbinde
916 2865 1048 2927 narratio
1071 2885 1125 2926 seu
1141 2864 1254 2946 prohe-

18 2963 22 2984 '
68 2967 143 3031 nium
172 2971 233 3033 sic:
259 2969 447 3035 notificamus
470 2974 550 3056 quod
565 2993 619 3036 nos
636 2973 703 3036 talis
720 2973 763 3056 d)
784 2973 944 3055 episcopus
960 2972 1007 3034 vel
1029 2972 1161 3053 prelatus
1182 2973 1251 3035 talis
1355 2973 1357 2979 '

69 3076 109 3138 tali
123 3081 311 3160 procuratori
328 3081 365 3167 e)
382 3081 429 3143 vel
446 3082 556 3146 clerico
571 3081 611 3168 f)
627 3081 678 3145 tali
695 3081 845 3145 licentiam
863 3082 998 3145 dedimus
1014 3088 1117 3145 nostro
1134 3083 1253 3143 nomine

71 3189 138 3250 tante
154 3189 329 3271 quantitatis
345 3195 477 3253 mutuum
495 3190 702 3263 contrahendi,
720 3190 795 3277 (que
810 3211 882 3254 sane
900 3192 1048 3274 quantitas
1065 3191 1184 3253 nomine
1202 3211 1254 3251 en-

70 3296 143 3372 primi
156 3297 248 3362 debet
264 3304 295 3362 et
310 3320 419 3361 nomen
434 3306 565 3362 mutuum
583 3300 817 3387 contrahentis.)
835 3303 909 3364 Item
924 3300 950 3362 si
968 3305 1014 3362 est
1031 3298 1190 3381 episcopus
1207 3299 1254 3359 vel

18 3411 19 3414 ’
71 3403 197 3481 prelatus,
211 3405 357 3487 obligabit
369 3428 403 3468 se
417 3413 446 3470 et
458 3408 572 3471 reditus
585 3430 655 3471 suos
668 3415 729 3472 tam
742 3393 965 3472 ecclesiasticos
979 3428 1066 3494 quam
1078 3407 1253 3470 mundanos.

18 3501 20 3518 ’
72 3509 134 3572 ltem
155 3513 283 3594 exigitur
304 3516 384 3598 quod
400 3517 561 3599 espicopus
583 3519 630 3581 vel
651 3518 784 3600 prelatus
808 3517 986 3581 confiteatur
1012 3517 1043 3578 in
1066 3516 1161 3579 literis
1192 3515 1254 3578 suis

75 3625 220 3686 mutuatam
236 3625 394 3716 pecuniam
406 3627 437 3687 in
449 3625 606 3689 utilitatem
623 3626 797 3713 ecclesian)
814 3645 998 3689 conversam.
1012 3622 1127 3712 Datlv)
1145 3629 1203 3686 etc.
1281 3683 1284 3688 .

241 3828 344 3890 ltorma
359 3828 514 3891 literarum
529 3847 584 3910 per
601 3847 674 3910 quas
691 3829 799 3910 prelati
816 3847 848 3892 se
865 3823 1048 3909 alliganti)

156 3983 189 4046 0.
220 3985 277 4047 Ilei
310 3988 406 4068 gratia
436 3987 596 4070 episcopus
632 3989 762 4051 ecclesie
790 3987 975 4074 Pataviensis
1006 3985 1054 4048 vel
1085 3983 1255 4067 prepositus

78 4087 136 4160 falls
152 4091 188 4177 l)
206 4095 342 4158 omnibus
366 4096 420 4158 has
437 4094 540 4160 literas
557 4097 737 4178 inspecturis
760 4097 885 4174 salutem
903 4096 933 4158 in
951 4095 1081 4159 omnium
1097 4094 1254 4156 salvatore.

157 4220 191 4287 a)
205 4225 230 4272 a
244 4194 350 4276 farez.
361 4222 432 4293 -ῳ
453 4224 484 4277 n.
498 4226 525 4278 z.
540 4255 573 4264 -
587 4225 618 4294 ο)
634 4225 729 4280 norum
752 4241 776 4278 a.
791 4225 821 4278 o.
836 4229 888 4280 ea.
902 4223 960 4278 nav.
980 4220 1044 4276 aurs
1061 4219 1157 4290 ponne
1170 4217 1256 4272 nosen

18 4361 20 4370 .
79 4315 137 4355 ΜΦ
150 4305 172 4358 l·
185 4310 211 4361 Z·
225 4312 302 4380 -d)
316 4314 434 4384 archiep.
448 4316 488 4366 vel
502 4317 530 4369 Z.
544 4345 580 4354 -
593 4316 624 4386 e)
638 4317 678 4369 vel
692 4317 830 4386 capellano
844 4317 871 4369 Z.
889 4345 917 4355 -
929 4315 960 4385 f)
975 4313 1067 4366 nostro
1080 4312 1107 4364 Z.
1120 4309 1194 4382 Ἴ)
1208 4325 1256 4362 sus

83 4388 105 4441 z·
123 4394 192 4465 41)
216 4401 290 4454 Anno
311 4401 514 4466 incarnacionis,
536 4405 593 4458 Kal.
614 4411 640 4460 et
661 4407 754 4462 indict.
773 4405 877 4476 positis.
901 4403 980 4460 Verbi
1001 4419 1040 4475 gr.
1062 4403 1088 4454 Z.
1111 4431 1139 4440 =-
1158 4399 1185 4468 i)
1201 4399 1257 4452 Von

84 4487 189 4548 valera
201 4490 281 4546 lland.
294 4493 322 4548 V.
337 4523 366 4533 —
382 4493 416 4563 lc)
431 4493 481 4547 loci
496 4494 522 4548 Z.
628 4525 636 4540 ·
