3112 5118
1152 338 1230 410 225

47 510 141 592 populo
163 511 277 576 zizanio
303 513 524 595 superseminet
546 513 648 578 lolium
672 519 702 578 et
725 517 857 576 restrum
881 511 1024 593 precipue
1049 511 1233 575 contaminet

48 619 192 700 collegium
209 626 241 683 et
257 619 414 703 perturbet
426 621 463 708 1).
489 623 552 684 Hec
570 629 617 686 est
634 622 764 688 crudelis
781 619 919 702 rippam,
935 639 994 703 que
1010 621 1091 683 virus
1109 619 1234 682 effundit

49 727 172 797 noxium,
195 733 303 791 contra
326 730 407 812 quod
431 729 539 793 nullius
557 730 673 793 medele
690 729 829 792 conferre
845 727 957 809 poterit
971 729 1174 792 iuramentum
1191 766 1234 778 -

48 833 96 896 bec
111 839 166 904 est,
181 834 316 918 inquam,
333 836 464 900 crudelis
480 838 605 920 vippera
621 839 652 900 in
669 839 754 900 cuius
770 837 881 918 lingwa
898 835 992 918 pestis
1006 836 1118 900 exstitit
1130 833 1237 898 morti-

48 941 118 1014 fera,
145 944 217 1007 dum
243 965 299 1026 per
325 946 422 1028 ipsam
437 947 560 1010 inmittit
587 965 735 1010 venenum
761 945 901 1016 inlamie,
927 944 1119 1026 prophanans
1145 943 1239 1007 vestri

48 1053 210 1116 monasterii
224 1053 290 1116 Deo
313 1053 448 1135 virgines
465 1052 620 1121 dedicatas
636 1094 697 1126 -,
722 1055 780 1117 bec
805 1058 851 1116 est
866 1053 991 1136 vippera
1006 1073 1062 1135 per
1077 1052 1192 1135 patrem
1209 1053 1239 1115 in
1249 1082 1326 1124 anso
1336 1083 1358 1122 a,

48 1161 174 1224 mundum
192 1162 286 1225 missa
303 1161 472 1236 discordie,
502 1171 535 1228 ut
551 1183 587 1227 ea
604 1164 756 1234 destruat,
786 1182 844 1244 que
861 1167 931 1225 sunt
946 1162 1020 1233 Dei,
1049 1162 1166 1225 faciens
1182 1181 1242 1224 una

51 1286 110 1330 cum
126 1268 271 1350 dyabolo,
302 1276 389 1352 patre
417 1291 491 1342 suo,
523 1271 643 1352 signum
670 1269 702 1330 in
729 1269 855 1339 malum,
889 1274 1035 1350 quatenus
1064 1267 1196 1331 abducat
1211 1267 1243 1328 in

49 1375 156 1438 demum
185 1377 303 1440 animas
326 1378 507 1450 electarum,
536 1399 594 1462 que
623 1380 720 1468 etiam¹
741 1379 773 1440 in
799 1371 948 1441 fermento
976 1375 1095 1439 malicie
1111 1381 1243 1440 vestrum

51 1501 237 1566 corrumpens
255 1485 427 1558 cenobium,
450 1488 624 1570 ancillarum
636 1489 693 1550 Dei
705 1487 835 1550 maculat
847 1491 1046 1556 venustatem,
1062 1484 1245 1549 intencionis

48 1591 173 1655 honeste·
184 1591 339 1657 disturbat
353 1597 552 1677 propositum,
576 1603 606 1661 et
622 1595 781 1659 verborum
799 1593 969 1677 opprobriis
986 1594 1138 1676 vituperat
1155 1614 1248 1676 spon-

52 1719 96 1762 sas
111 1700 245 1772 Christi,
271 1721 332 1764 non
352 1705 530 1776 attendens,
558 1723 646 1787 quarn
672 1703 805 1785 graviter
819 1705 902 1766 Deus
918 1704 949 1764 in
964 1702 1135 1766 huiusmodi
1153 1702 1248 1765 offen-

51 1807 146 1880 datur,
177 1809 250 1871 dum
275 1831 345 1882 eas,
373 1829 447 1893 quas
472 1813 502 1874 in
525 1818 642 1894 partem
667 1831 751 1874 suam
782 1812 875 1894 elegit
907 1811 973 1893 ipse
997 1809 1075 1874 lilius
1098 1809 1157 1872 Dei
1178 1810 1250 1879 rivi,

49 1920 88 1978 tot
108 1915 211 2002 afficit¹
230 1916 400 1981 lesionibus
430 1925 460 1982 et
487 1921 590 1983 iacere
618 1920 739 1990 nititur,
773 1925 806 1984 ut
833 1920 970 1982 amittant
999 1939 1145 1990 coronas,
1175 1937 1250 2002 quas

51 2024 91 2086 eis
106 2045 238 2108 sponsus
255 2029 437 2108 promiserat
452 2049 596 2112 erogare,
625 2049 700 2111 que,
729 2034 762 2092 ut
778 2048 837 2091 non
853 2027 976 2091 multum
993 2049 1010 2091 a
1027 2048 1080 2090 suo
1099 2026 1253 2108 discrepet

51 2133 203 2213 genitore,
232 2135 364 2198 circuire
392 2156 460 2199 cum
487 2138 653 2200 mendaciis
683 2137 866 2209 delectatur,
894 2135 1014 2218 proprie
1040 2156 1099 2198 non
1123 2155 1252 2217 parcens

56 2241 148 2304 anime
166 2243 199 2305 in
216 2243 424 2306 exterminium
441 2244 575 2318 aliarum,
593 2265 696 2308 casum
709 2265 768 2307 non
784 2245 894 2306 timens
906 2243 1071 2325 proprium,
1087 2248 1120 2306 ut
1132 2264 1253 2307 sorores

51 2349 103 2412 alie
126 2350 331 2434 precipicium
355 2353 522 2434 paciantur.
558 2354 676 2417 Reicile
705 2353 798 2436 igitur
821 2373 839 2416 a
862 2350 947 2415 vobis
971 2350 1077 2414 reicite
1101 2353 1256 2435 vipperam

51 2477 230 2523 venenosam
255 2464 286 2522 et
307 2461 405 2542 ipsam
432 2461 470 2524 ad
493 2461 655 2525 claustrum
673 2462 753 2525 aliud
772 2461 873 2534 eicite,
895 2461 919 2524 si
938 2461 1045 2541 angelo
1062 2461 1164 2524 forsan
1179 2462 1256 2525 lucis

47 2566 197 2638 adhereat,
216 2568 434 2652 derelinquens
464 2571 604 2652 angelum
619 2570 830 2643 tenebrarum,
854 2571 939 2634 cuius
956 2590 989 2632 se
1007 2569 1161 2653 obsequiis
1178 2575 1258 2633 tota'-

44 2673 110 2737 liter
124 2675 289 2740 dedicauit.
1089 2673 1095 2680 ’

610 2841 710 2940 18²).

395 3007 589 3071 Romanorum
613 3025 666 3070 rex
688 3009 805 3071 domino
827 3026 929 3090 pape..

389 3125 468 3178 1275.
483 3127 631 3182 December
644 3129 710 3181 oder
724 3125 803 3182 1276.
816 3129 925 3182 ianuar.

55 3232 141 3304 Kdnr'p
160 3229 269 3300 liudolf
277 3230 428 3301 cereprr'clrt
440 3233 499 3286 dem
518 3235 601 3304 Papet
622 3234 724 3304 (ἔναρον
737 3234 778 3296 X,
797 3235 894 3289 emnem
921 3233 1053 3288 Wunaclrc
1070 3241 1193 3306 pemdea,
1219 3254 1260 3290 am

50 3321 176 3378 adedoleo
211 3320 358 3392 Oeterfeele
383 3340 441 3400 zum
462 3319 596 3395 Empfcny
618 3325 667 3378 der
688 3323 869 3380 Kaiecrlcrone
891 3323 1085 3396 aufzudreclren
1111 3327 1167 3380 aad
1193 3327 1262 3396 κοῖφι

48 3409 99 3464 ilem
118 3430 172 3478 an,
198 3413 265 3466 daeo
279 3429 310 3464 er
331 3411 378 3466 mit
399 3413 459 3466 dem
471 3413 574 3485 Kdnipe
586 3413 693 3487 Philipp
706 3417 754 3468 III.
773 3433 822 3470 aon
835 3414 1000 3470 &ondreick
1017 3415 1075 3470 eine
1090 3417 1260 3470 Zuoarnmcn-

66 3502 148 3574 lcuusl
165 3500 265 3575 peliadl
277 3503 334 3556 und
346 3503 389 3557 ein
402 3503 627 3574 Frcundecbafle·
641 3506 697 3560 und
712 3503 936 3560 Sobatzbr'tndnt'ao
949 3503 1151 3578 alpecelloeacn
1163 3504 1253 3562 later

141 3630 184 3694 Ut
211 3629 249 3691 de
273 3629 356 3692 felici
380 3635 484 3693 nostro
509 3651 656 3714 processu
680 3632 719 3694 ad
743 3633 969 3715 suscipiendum
993 3633 1031 3696 de
1055 3635 1261 3698 sacrosanctis

49 3738 164 3801 restris
205 3736 343 3800 manibus
381 3737 500 3820 imperii
533 3738 688 3808 diadema,
727 3739 865 3802 absterso
904 3739 1065 3803 cuiuslibet
1098 3741 1261 3805 dubietatis

55 3891 207 3902 δι-ι--ι-

76 3975 101 4032 1)
121 3975 207 4031 vergi.
233 3973 279 4018 den
296 3975 403 4034 Eingang
429 3977 470 4021 des
496 3977 587 4022 Brieies
604 3979 719 4036 Gregor'e
737 3979 775 4023 lx.
803 3992 831 4024 an
857 3980 901 4024 den
925 3979 1023 4026 Biocbod
1046 3991 1092 4024 von
1114 3979 1261 4034 Canterbury

119 4049 270 4098 liuill-Bre'b.
289 4055 315 4108 V,
334 4055 391 4100 327.
416 4059 504 4120 -bas
521 4069 596 4114 ganzo
614 4058 771 4102 Sebrittstirck
789 4058 820 4102 iat
836 4058 945 4104 oldenbor
960 4061 1012 4104 eiua
1029 4060 1171 4118 Strlr'rbung.

80 4131 108 4193 ²)
127 4134 180 4180 Von
207 4134 321 4190 raderer,
345 4139 452 4195 spiterer
475 4141 537 4183 Hand
561 4141 592 4183 ist
613 4153 640 4185 an
664 4142 710 4186 den
733 4142 822 4188 oberen
840 4143 903 4188 Rond
926 4143 967 4186 des
985 4143 1071 4186 bladae
1094 4141 1266 4199 gescbmebenr

117 4217 237 4272 incipiunt
255 4217 324 4262 litere
342 4232 434 4276 regum,
459 4222 505 4264 und
529 4223 608 4268 dieser
631 4236 706 4268 neuen
729 4217 878 4270 liber-schrift
901 4223 1088 4280 entsprechenrl,
1113 4223 1212 4288 beginnt
1229 4237 1264 4267 nm

115 4298 1266 4366 fflmmhmfflmmfflfflmmmmffimmbzmewmmmcmm

117 4367 1264 4447 ffifffflwfflfffflfflfflbfflfflfflfflffifflffistffiffifflwfflffl

118 4460 161 4504 der
185 4461 299 4506 truberen
318 4452 478 4510 llberscbrilta
506 4467 577 4524 lnpr.
603 4469 672 4514 litere
697 4469 864 4527 imperatorum
887 4472 917 4514 et
939 4481 1040 4526 regum
1063 4468 1265 4516 Romanorum
1295 4456 1299 4460 ²

120 4543 263 4598 antemisit,
281 4545 428 4588 beibebalten
447 4547 530 4592 baben.

120 4631 214 4677 Fontes.
227 4634 297 4678 nuth.
312 4634 339 4679 ll.
352 4634 393 4677 sd.
404 4635 471 4679 XXV.
1009 4628 1044 4683 lli
