3116 5124
1157 277 1231 348 119
1314 290 1318 300 ’

15 465 17 548 ξ
62 459 188 535 pretacta,
210 473 266 537 que
282 453 445 516 christiane
461 451 531 516 fidei
549 453 720 536 expediunt,
736 453 871 538 presenti
886 451 1094 538 persuasione
1110 451 1234 535 acquie-

15 551 17 654 ξ
61 583 133 626 scere
148 563 300 646 satagatis,
317 582 436 626 sacrum
451 561 601 645 baptisma
617 563 648 626 in
663 564 738 627 lesu
754 563 873 628 nomine
889 561 1049 646 recepturi.
1068 561 1132 625 Nos
1154 562 1233 625 enim
1244 601 1353 642 mm„

15 679 17 778 l
62 673 92 735 ad
104 671 266 736 lucrandam
283 671 447 736 animarum
463 678 632 737 vestrarum
655 674 799 746 salutem,
821 671 1023 737 venerabilem
1040 691 1076 734 ac
1093 671 1234 735 dilectum

15 779 17 852 l
62 780 86 844 in
104 780 213 845 Christo
235 781 359 845 fratrem
382 781 556 864 episcopum
574 782 610 844 N.
628 781 667 845 ad
689 802 742 846 vos
764 781 973 866 premittentes
995 780 1053 864 piis
1076 779 1235 844 affectibus

15 855 17 902 ³
62 891 235 963 destinamus,
253 890 337 954 cuius
358 889 491 955 consiliis
506 896 536 955 et
550 890 813 956 exhortacionibus
830 890 999 957 salubribus
1016 896 1105 975 atque
1122 889 1235 955 sanctis

15 1021 17 1142 u
61 997 264 1065 universitatem
280 1005 412 1064 vestram
429 1021 488 1064 non
506 999 600 1064 solum
619 1021 774 1083 speramus
797 1000 995 1086 acquiescere
1017 999 1049 1062 in
1069 999 1236 1086 premissis,

15 1147 17 1196 r
63 1110 105 1172 sed
120 1113 147 1171 et
162 1107 366 1191 corporalibus
385 1109 448 1173 suis
471 1109 653 1192 indigenciis
670 1131 725 1173 vos
748 1111 824 1174 adeo
847 1109 1012 1175 liberaliter
1029 1116 1142 1174 etcum
1159 1107 1238 1172 omni

15 1205 17 1234 ³
63 1216 276 1302 promptitudine
293 1237 456 1305 occurrere
472 1219 710 1302 persuademus,
724 1226 756 1283 ut
768 1219 853 1284 vobis
869 1240 924 1303 per
940 1219 1068 1284 eundem
1084 1201 1192 1284 ablutis
1210 1221 1240 1282 et

63 1326 193 1394 renovatis
209 1326 240 1389 in
258 1327 367 1410 spiritu
384 1333 490 1392 sancto
506 1347 563 1412 per
577 1327 845 1411 regeneracionem
861 1328 973 1392 lavacri
997 1327 1147 1401 salutaris,
1164 1328 1241 1393 etin

63 1437 199 1519 agnitione
215 1435 287 1499 fidei
300 1435 452 1501 katholice
469 1436 665 1500 saluberrime
681 1436 856 1510 illustratis,
873 1437 941 1500 dum
958 1435 1044 1501 vobis
1062 1437 1146 1501 dedit
1162 1437 1241 1521 quod

15 1567 18 1668 u
63 1543 198 1610 abomino
215 1545 339 1627 accepit
355 1552 385 1609 et
402 1546 440 1610 de
456 1545 590 1609 tenebris
607 1545 639 1608 in
653 1546 751 1609 lucem
769 1566 822 1610 vos
839 1567 1004 1620 revocans,
1021 1566 1057 1610 ac
1075 1545 1112 1610 ab
1130 1546 1241 1611 erroris

65 1653 131 1717 derio
142 1675 193 1717 ros
206 1654 358 1718 reducens
372 1655 409 1718 ad
423 1654 561 1718 semitam
577 1655 724 1728 veritatis,
737 1653 904 1720 infidelitati
917 1662 1017 1721 vestre
1031 1654 1245 1738 cognicionem

66 1763 247 1852 spiritualium,
256 1766 323 1826 sine
337 1763 444 1848 quibus
458 1765 538 1827 salus
547 1770 650 1829 eterna
662 1769 721 1828 non
735 1763 911 1849 acquiritur,
920 1765 1242 1853 seminavitvestrac]

15 1855 16 1860 ¹
67 1872 224 1956 temporalia,
255 1873 322 1936 sine
351 1871 459 1957 quibus
487 1873 525 1936 ad
552 1865 681 1955 presens
708 1894 768 1937 non
794 1872 918 1948 vivitur,
947 1895 980 1937 se
1012 1875 1145 1959 gaudeat
1175 1896 1242 1941 cum

15 1981 16 2064 Ῑ
68 1981 226 2045 sufficiencia
243 1982 413 2045 omnimoda
430 1982 604 2045 messuisse.
636 1983 668 2045 ln
685 2001 742 2066 quo
760 2003 833 2046 sane
850 1989 881 2048 et
896 1984 975 2067 apud
991 1985 1104 2059 Deum,
1122 1987 1177 2072 qui
1197 1994 1244 2054 est

15 2071 17 2176 ζ
65 2088 185 2156 bonorum
202 2075 329 2175 operum
346 2089 523 2172 magnificus
539 2090 715 2163 retributor,
732 2091 868 2155 immensi
881 2093 982 2158 meriti
996 2096 1145 2158 cumulum
1157 2096 1243 2161 vobis

64 2201 245 2283 conparabitis
276 2207 307 2264 et
334 2199 545 2263 nichilominus
567 2206 671 2264 co'ram'
691 2200 778 2263 huius
802 2200 862 2264 vite
886 2202 1061 2267 mortalibus
1084 2210 1115 2269 et
1142 2225 1244 2270 coram

15 2291 17 2382 1
62 2315 148 2387 sancta
177 2310 314 2375 Romana
346 2308 478 2373 ecelesia
510 2315 600 2392 atque
633 2307 720 2372 nobis
752 2309 902 2392 condigne
939 2310 1036 2374 laudis
1069 2314 1244 2396 preconium

15 2387 18 2512 l
64 2419 194 2482 reseretis.
218 2419 331 2482 Datum
359 2437 436 2481 anno
453 2416 575 2481 Domini
597 2417 802 2482 MCCXLVlll.
827 2419 891 2484 llal.
915 2420 1026 2494 Martii,
1052 2422 1245 2505 pontificatus

15 2515 18 2626 1
66 2528 145 2591 nostri
160 2549 237 2592 anno
255 2527 360 2612 quinto
378 2524 427 2612 d).

15 2629 17 2758 ,
144 2637 175 2707 c)
190 2653 221 2691 se
236 2635 362 2706 h-o)
378 2637 431 2690 Das
444 2637 539 2690 Datum
552 2637 609 2690 feht
621 2637 650 2690 V.

635 2773 670 2842 9.

296 2915 373 2996 lopo
391 2914 588 2978 homanorum
603 2915 677 2996 regi,
694 2867 928 2982 commendanda
944 2922 1002 2981 etc.

470 3054 475 3073 ⁴
539 3039 611 3095 luca
625 3041 699 3111 April
714 3041 759 3095 30.

15 3125 17 3186 Ῐ
67 3149 194 3206 wonder
205 3151 224 3204 1
227 3155 254 3206 V.
274 3151 357 3206 belcdt
373 3152 427 3204 den
440 3150 528 3222 Koniq
540 3150 662 3205 dichorii
677 3167 768 3222 wepcn
788 3151 879 3208 ceicer
891 3150 1036 3214 Decoricn,
1054 3162 1123 3226 zerpt
1135 3154 1188 3210 ihm
1205 3173 1250 3216 on,

15 3261 16 3282 1
69 3237 116 3293 dccc
134 3259 162 3296 er
179 3243 224 3298 die
242 3240 443 3312 Mittheiluupen
460 3241 551 3296 aeioer
568 3241 697 3298 auomeltr
720 3241 973 3302 zurdchhedreaden
995 3245 1147 3302 coenoman
1164 3243 1249 3304 wohl-

15 3357 16 3384 :
67 3333 161 3386 00110001
171 3334 228 3388 aad
240 3331 425 3404 cufmerlccam
437 3341 566 3406 ertpeqcm
577 3351 737 3406 peoommen,
750 3335 806 3388 uod
818 3336 884 3390 dccc
897 3353 927 3388 er
939 3336 996 3389 deo
1008 3335 1117 3390 Bruder
1135 3335 1252 3392 Waltbcr

15 3471 17 3478 ,,
131 3441 176 3478 zur
193 3425 395 3496 Underctrttzaop
407 3425 457 3478 der
473 3423 558 3478 Scede
573 3425 621 3478 dee
634 3423 736 3496 Kdnipe
749 3423 817 3480 aceli
830 3425 1015 3502 Deutacbdcnd
1031 3427 1154 3482 absentie.

140 3537 266 3603 Bdbmer,
285 3537 352 3608 lieg.
372 3536 447 3591 Alex.
468 3535 519 3598 lv,
540 3555 583 3591 no.
606 3536 666 3590 lac.
686 3537 778 3609 Vergl.
798 3541 878 3592 cnten
898 3539 948 3594 No.
970 3537 1011 3591 11.

145 3645 267 3712 Grande
284 3649 371 3712 matri
387 3648 528 3732 provenit
549 3648 692 3734 gaudium
715 3670 751 3712 ex
773 3648 825 3712 lilii
847 3649 993 3722 bonitate,
1016 3630 1124 3734 vixque
1140 3649 1252 3735 aliquid

15 3813 16 3844 ,
67 3757 196 3839 estquod
218 3757 262 3822 ita
277 3763 419 3841 parentes
435 3754 578 3829 letificet,
596 3757 676 3821 sicut
692 3759 839 3842 sapientia
857 3765 887 3822 et
902 3757 1036 3841 probitas
1054 3756 1199 3832 liliorum,
1222 3760 1253 3822 in

15 3867 17 3960 l
67 3879 115 3943 pua
140 3866 228 3931 velud
256 3866 289 3930 in
319 3849 470 3932 thesauris
503 3867 622 3950 optimis
656 3867 853 3932 delectantur.
901 3869 987 3934 Unde
1019 3869 1089 3953 quia
1120 3871 1253 3936 Romana

15 4009 17 4016 ·
67 3973 184 4038 ecclesia
203 3975 235 4040 in
257 3982 288 4040 te
311 3977 475 4060 conspicua
492 3976 666 4040 devocionis
685 3975 831 4061 insignia,
860 3977 1016 4042 evidencia
1032 3979 1197 4062 prudencie
1214 3979 1254 4066 a)

15 4115 16 4166 3
68 4078 166 4148 indicia
194 4092 225 4149 et
254 4075 391 4172 quidquit
418 4086 449 4150 in
476 4087 613 4169 perfecto
643 4091 673 4151 et
701 4086 823 4152 amabili
855 4086 915 4151 illio
945 4086 1091 4170 exigitur,
1120 4089 1255 4173 plenarie
1362 4080 1365 4086 ’

15 4197 17 4262 r
68 4193 199 4276 repperit,
210 4195 381 4260 vehementi
395 4197 534 4278 profecto
548 4196 660 4260 exultat
674 4195 786 4261 leticia.
800 4196 839 4261 llt
852 4196 930 4260 inter
941 4202 1045 4260 cetera
1061 4216 1119 4281 que
1127 4177 1255 4264 animum

15 4317 17 4362 ς
71 4298 125 4364 eius
152 4303 381 4393 exhilarante),
398 4304 457 4369 hoe
486 4305 701 4371 iocunditatem
729 4305 886 4370 maximam
914 4304 1002 4370 affert
1024 4306 1069 4380 ei,
1092 4308 1172 4391 quod
1195 4317 1256 4373 tam

15 4417 16 4420 ’
71 4426 161 4476 carum
177 4419 207 4476 et
220 4411 371 4498 placidum
378 4413 417 4502 0)
425 4413 519 4479 habet
533 4414 642 4488 lilium,
660 4415 844 4480 sinceritatis
860 4414 992 4499 puritate
1008 4417 1210 4500 prefulgidum
1228 4425 1259 4484 et

150 4538 182 4605 a)
194 4542 335 4614 prudentia
352 4543 380 4598 Z.
394 4572 429 4582 -
442 4543 473 4614 d)
489 4542 620 4598 callerent
633 4542 667 4596 Z.
686 4572 714 4582 -
732 4541 765 4610 c)
778 4541 907 4613 placitum
920 4542 951 4599 ll.
