3116 5124
222 247 227 254 ’
314 289 440 364 333,

310 463 444 528 dividere
458 464 619 530 moliuntur
635 463 763 528 11333313
780 463 970 528 scismaticus
986 471 1018 528 et
1032 463 1186 526 scissuris.
1195 462 1334 526 llaterna
1350 458 1496 542 siquidem

309 575 428 637 3133333
454 593 554 656 ungue
580 573 716 657 31333313
743 574 929 645 lacerantes,
956 573 995 636 31
1022 572 1117 654 ipsius
1143 572 1319 654 integritate
1340 567 1496 642 recedunt,

310 689 452 765 13313333
482 683 640 746 inveterati
670 682 702 746 in
732 702 787 745 sua
816 682 972 766 nequicia,
1003 681 1251 764 quemadmodum
1281 678 1337 742 filii
1368 677 1500 740 alienia

310 789 425 854 semitis
451 791 588 855 veritatis
619 797 650 854 ct
679 791 801 856 iusticie
816 791 1039 860 claudicantes,
1066 795 1098 853 et
1119 790 1261 872 insuper,
1288 787 1329 851 31
1356 786 1501 848 malorum

310 919 432 964 suorum
452 900 600 963 cumulum
627 899 852 972 cumulandum,
886 899 1134 963 excellentissimo
1161 897 1282 962 domino
1310 893 1501 977 11131333)

309 1010 508 1074 homanorum
519 1008 597 1090 regi,
615 1007 646 1070 in
657 1027 761 1090 regem
775 1008 922 1090 legittime
937 1008 1034 1071 electo
1050 1011 1079 1090 ¹)
1089 1015 1122 1070 et
1136 1027 1155 1069 a
1170 1004 1364 1070 3333133133
1381 1001 1502 1066 133133

310 1123 413 1181 333133
428 1136 524 1200 papa,
545 1115 590 1179 ad
608 1135 713 1199 quem
736 1116 903 1180 eiusdem
932 1115 1139 1180 electionis
1161 1114 1336 1197 pertinet
1359 1111 1503 1175 333113-

310 1226 446 1298 33313,
483 1225 561 1308 3331
599 1226 693 1309 Aquis
726 1227 758 1288 in
792 1247 896 1310 regem
933 1226 1127 1308 solempniter
1162 1231 1306 1288 coronato
1345 1241 1384 1285 33
1417 1240 1504 1284 sacre

310 1333 457 1398 unctionis
470 1334 609 1397 crismate
622 1333 753 1398 delibuto
767 1334 808 1421 ¹),
821 1340 925 1398 333133
930 1335 1026 1397 Deum
1038 1341 1070 1396 et
1084 1333 1234 1396 iusticiam
1245 1353 1281 1395 se
1293 1337 1464 1414 opponunt,
1475 1327 1506 1390 in

311 1463 444 1506 errorem
459 1462 545 1505 soum
561 1463 636 1526 qnos
651 1449 780 1526 possunt
789 1443 941 1508 attrahere
952 1443 1117 1515 attrabunt,
1127 1440 1204 1505 lilios
1216 1442 1273 1505 Dei
1286 1440 1503 1522 dispergentes

311 1557 343 1614 et
363 1551 402 1614 31
422 1551 536 1613 3311313
557 1551 689 1614 ecclesie
709 1551 895 1624 dividentes,
916 1571 985 1614 cum
1006 1571 1024 1613 e
1046 1570 1194 1614 33333333
1215 1570 1270 1632 333
1294 1543 1504 1630 aggregandis

255 1661 258 1666 ’
311 1657 450 1720 111131131
466 1658 610 1740 dispersis
626 1659 665 1722 31
681 1659 888 1722 ecelesiastica
903 1659 1016 1722 unitate
1031 1656 1073 1743 t)
1089 1658 1227 1722 Salvator
1247 1661 1355 1720 333133
1375 1657 1505 1717 mortem

312 1765 487 1828 sustinuerit
501 1766 682 1848 preciosam,
697 1767 892 1849 ewangelista
902 1767 1039 1831 ι1313333
1051 1765 1254 1828 testimonium
1269 1762 1458 1847 perhibente
1467 1760 1505 1847 ⁸),

313 1874 364 1958 qui
379 1874 464 1946 dicit,
480 1895 547 1937 eum
561 1894 616 1957 333
632 1896 669 1938 33
685 1881 843 1947 3331333,
869 1875 948 1938 3113
963 1894 1053 1937 onum
1075 1874 1229 1956 dispersos
1250 1872 1309 1937 Dei
1330 1870 1414 1934 filios
1436 1889 1508 1933 con·

313 1987 466 2074 gregaret.
488 1983 617 2064 Propter
631 2003 689 2066 que
705 2003 837 2046 summus
848 1983 993 2065 pontifex,
1004 1988 1091 2065 pater
1101 1987 1230 2064 patrum,
1242 1981 1326 2045 Petri
1342 1999 1509 2043 successor

313 2092 390 2153 etin
405 2090 495 2153 terris
510 2090 730 2154 313331331333
745 2090 857 2154 Christi
872 2111 909 2154 33
931 2097 1036 2154 333313
1057 2090 1162 2154 331313
1183 2089 1317 2152 ecclesie
1341 2087 1509 2171 precipuus

312 2199 540 2282 paranimphus,
556 2198 705 2281 prelatum
720 2198 754 2262 C.
771 2199 959 2262 3313313333
980 2198 1094 2281 ipsius,
1115 2197 1307 2261 scismaticos
1322 2197 1510 2268 antedictos,

313 2305 633 2370 excommunicacionis
648 2326 790 2369 mucrone
805 2307 930 2378 seriens,
946 2307 985 2370 31)
1001 2307 1115 2369 3311313
1130 2307 1226 2389 ipsius
1243 2305 1395 2378 ecclesie,
1419 2323 1506 2389 3333

314 2415 453 2478 scindere
475 2413 654 2487 nitebantur,
675 2413 806 2478 abscidit
826 2420 858 2477 et
872 2414 910 2477 ab
926 2415 991 2478 eius
1013 2415 1190 2486 333333313,
1211 2421 1357 2498 tanquam
1379 2412 1505 2476 menbra

313 2522 432 2604 putrida
452 2523 618 2605 333333311,
647 2528 765 2586 etcum
786 2523 905 2587 Dathan
926 2529 958 2587 et
977 2523 1114 2606 113333,
1136 2543 1213 2608 quos
1235 2523 1400 2588 absorbuit
1428 2527 1504 2586 13333

314 2632 397 2696 31333
413 2631 463 2718 1),
478 2632 535 2694 3131
550 2631 745 2714 resipuerint,
773 2633 964 2715 participient
978 2631 1018 2718 c)
1033 2633 1219 2716 portionem,
1249 2639 1281 2696 et
1300 2634 1372 2697 1333
1404 2651 1502 2696 eorum

315 2738 523 2803 ecclesiastico
560 2740 717 2822 supposuit
751 2739 921 2803 interdicto.
970 2740 1049 2812 Sed,
1080 2747 1114 2803 ut
1149 2741 1310 2804 manifeste
1342 2745 1502 2824 appareret

315 2849 482 2913 obstinacio
519 2848 697 2920 eorundem,
728 2869 784 2910 333
821 2848 909 2912 timor
937 2849 997 2912 Dei
1027 2869 1086 2912 nec
1116 2851 1264 2914 severitas
1294 2849 1498 2914 ecclesiastice

315 2959 472 3040 discipline
497 2958 632 3039 prelatos
658 2957 846 3020 scismaticos
872 2959 1136 3022 333333131133
1161 2959 1257 3031 3313,
1280 2957 1503 3024 3311311313

316 3066 508 3147 1133331313
524 3065 608 3147 pacis
624 3064 753 3136 3133313,
767 3085 871 3127 manus
887 3086 957 3128 suas
973 3073 1142 3148 aggravant
1152 3067 1299 3130 adversus
1316 3068 1507 3132 ecclesiasti·

316 3194 384 3238 cam
399 3174 552 3244 umtatem,
569 3172 649 3243 dum,
665 3172 858 3235 cernentibus
874 3172 971 3246 nobis,
989 3175 1034 3237 eis
1049 3194 1200 3256 pauperes
1222 3181 1293 3239 sunt
1314 3177 1349 3238 in
1370 3177 1508 3260 predam,

315 3283 395 3366 perit
422 3282 564 3353 devocio,
590 3280 777 3362 periclitatur
801 3279 887 3352 fides,
915 3282 1149 3365 multiplicantur
1176 3285 1333 3357 scismata,
1362 3287 1510 3349 sanctitas

199 3425 243 3466 η
251 3391 526 3466 3,,3333313313,
553 3388 729 3452 3333333313
750 3389 863 3452 sanetis
884 3389 1070 3455 3311331113
1090 3397 1123 3455 31
1144 3393 1242 3456 cultus
1264 3393 1360 3457 113131
1378 3394 1508 3458 3331313

316 3498 492 3580 impeditur,
507 3498 575 3561 loca
590 3501 694 3559 333313
709 3503 853 3561 consueto
869 3499 1049 3562 frustrantur
1063 3501 1197 3573 honore,
1213 3521 1344 3584 quorum
1361 3502 1509 3586 diripiun-

316 3606 584 3688 turpossessiones
603 3611 634 3668 et
650 3625 778 3688 persone
796 3605 904 3668 1131313
923 3607 1077 3691 obsequiis
1096 3608 1240 3691 deputate
1256 3629 1314 3691 333
1329 3611 1510 3675 3131333133

409 3713 443 3781 3)
458 3712 849 3768 8313111131111113133.
867 3744 894 3754 -
910 3713 943 3783 1)
958 3715 1077 3770 3133133
1089 3716 1124 3770 31
1143 3716 1364 3773 ecclesiaticam
1384 3718 1511 3774 unitatem

319 3801 447 3854 3313333.
462 3831 493 3840 -
509 3803 541 3870 3)
554 3804 607 3857 3131

348 4013 371 4074 ¹)
390 4016 451 4062 lm
466 4018 573 4063 0313133
589 4020 604 4063 3
620 4019 660 4064 131
677 4021 761 4066 Neues.

345 4097 371 4152 ¹)
388 4097 458 4143 111311
474 4113 519 4145 roa
536 4101 653 4145 lnncm
668 4101 706 4145 lv.
723 4103 805 4147 13313
821 4104 931 4149 Witheln
948 4108 1062 4163 gehrdnt,
1079 4108 1123 4152 der
1140 4110 1297 4154 3331313313
1314 4109 1434 4166 131333,
1451 4109 1511 4154 wohl

384 4178 747 4238 3133311133331333333331
764 4185 794 4228 13
812 4185 902 4230 11313313
919 4199 964 4230 roa
982 4190 1067 4234 133333
1085 4190 1190 4248 hegelen
1207 4190 1295 4236 Petne
1311 4190 1458 4248 1133333133,
1474 4190 1514 4235 der

384 4261 444 4303 3331
465 4262 617 4306 3311311311
638 4263 739 4308 1331311
759 4264 838 4318 hatte,
863 4266 1163 4316 1133113311131133131
1182 4284 1229 4317 ron
1248 4271 1331 4327 11113,
1358 4273 1457 4319 1133331
1472 4283 1515 4318 roa

386 4340 536 4386 11331313133
553 4355 588 4386 ιι
607 4343 628 4388 1.
644 4343 859 4392 herenbertus.

347 4417 372 4478 ⁸)
388 4422 455 4465 ron.
473 4421 512 4474 11,
523 4421 562 4466 33

347 4499 565 4560 mmmm
