3112 5118
295 275 370 344 174

289 446 408 508 virtutis
425 443 630 507 constanciam
652 447 814 510 revocato,
837 449 870 504 ut
892 441 943 505 ubi
965 442 1150 506 habundavit
1166 445 1308 508 delictum
1333 447 1479 510 habundet

289 560 320 615 et
332 553 435 634 gracia
451 557 482 614 et
497 557 602 614 canna
613 550 768 632 predictos
781 569 870 612 casus
887 550 994 614 reddat
1009 557 1041 614 te
1057 552 1088 613 in
1104 552 1240 617 omnibus
1254 555 1478 641 cauciorema).

378 714 571 783 Erganzungen
594 728 643 765 aus
662 709 834 764 nnita-Bran.
853 711 900 771 lll,
916 711 1069 765 zat-22⁶.
1092 713 1241 783 Gregorius
1255 718 1309 768 ato.
1323 716 1399 769 Frid.
1411 717 1477 769 lton.

291 802 445 871 imperatori
458 818 565 871 sempor
578 803 692 870 augusto
706 806 733 854 at
744 800 804 868 regi
818 801 910 852 Sicilia
926 831 955 839 -
971 800 1005 871 α)
1026 801 1096 868 lolgt
1109 800 1153 854 dia
1167 803 1237 856 sitae
1251 822 1294 857 um
1307 805 1475 872 Freilaasuug

289 893 337 945 des
351 891 449 946 Graiae
463 891 580 945 Thomas
599 891 667 959 (van
684 889 800 959 Octauo)
814 891 866 943 und
884 890 933 943 der
946 891 1035 944 Sdhnc
1047 891 1193 960 Raynald's
1211 910 1262 946 von
1276 893 1397 946 Aversa:
1417 892 1470 961 quia
1514 943 1516 948 ,

289 983 383 1051 procul
397 1010 430 1020 -
443 981 574 1035 attentari.
599 981 659 1033 Dat
676 980 795 1047 Anagnia
806 979 837 1034 V.
851 980 909 1034 Kal.
923 981 1072 1050 septembr.
1085 982 1178 1049 pontii.
1192 1001 1215 1035 a.
1229 982 1285 1036 tva

867 1274 930 1344 37.

464 1452 543 1534 laga
558 1471 648 1534 super
664 1452 861 1514 raraaactona
877 1452 1044 1533 apostollea
1062 1454 1140 1515 sadis
1158 1447 1316 1534 legalla).

295 1627 346 1682 Eia
359 1628 444 1698 Papa!
459 1625 568 1696 fordere
585 1625 631 1679 mit
648 1623 791 1680 zaratmeo
809 1625 913 1678 danen
932 1624 1010 1678 cinca
1022 1624 1140 1696 hegelen
1158 1625 1215 1696 aas,
1236 1626 1271 1678 do
1284 1644 1315 1680 er
1329 1624 1407 1680 aciae
1421 1627 1482 1680 Sea·

310 1717 383 1787 deneg
395 1715 493 1770 ldblicb
505 1713 658 1774 oolldracbt,
671 1713 833 1784 acbleuna'gat
844 1731 881 1766 aa
893 1716 946 1769 dea
953 1713 1122 1786 pdpatlicdea
1135 1714 1191 1785 Hos
1198 1717 1297 1770 caract
1309 1735 1343 1770 zu
1356 1715 1463 1770 hebreae.

383 1877 514 1958 Tempus
546 1881 610 1946 est.
642 1882 675 1938 ut
701 1875 812 1937 emissa
841 1874 997 1944 columba,
1026 1875 1127 1939 virens
1160 1878 1355 1941 iocunditatis
1385 1876 1485 1940 lolium

291 1983 432 2055 afferens,
454 1988 623 2046 revertatur
639 1981 677 2044 ad
693 1982 826 2053 archam,
848 1989 965 2064 tempus
983 1988 1041 2052 eat,
1062 1989 1095 2046 ut
1110 1982 1188 2046 lilius
1210 1988 1337 2046 matrem
1360 2005 1484 2066 presens

289 2089 415 2155 letificet
437 2091 496 2154 iam
523 2089 657 2153 absentis
685 2089 767 2153 tedio
795 2091 967 2170 fatigatam,
1001 2095 1120 2171 tempus
1149 2096 1196 2155 est
1217 2091 1365 2174 denique,
1396 2098 1431 2155 ut
1453 2092 1488 2154 ad

290 2197 371 2260 illum
392 2197 519 2267 redeas,
547 2197 598 2279 qui
619 2201 651 2259 te
675 2196 715 2259 ad
735 2196 870 2260 iniuncta
897 2196 1067 2260 dinoscitur
1091 2199 1304 2261 transmisisse.
1338 2199 1488 2262 Emissum

290 2305 369 2367 enim
393 2304 464 2391 iam
481 2303 621 2367 emittens
650 2302 854 2366 desideratum
882 2309 1021 2384 expectat
1050 2324 1119 2368 cum
1143 2305 1261 2386 insigne
1290 2305 1487 2369 exultacionis

296 2412 429 2493 tripudio
461 2415 680 2481 revertentem,
716 2417 813 2475 mater
843 2431 961 2494 quoque
992 2413 1090 2476 sinum
1122 2412 1247 2476 absente
1278 2412 1339 2476 tilio
1372 2416 1488 2495 replere

302 2519 473 2590 desiderat,
506 2524 536 2581 et
568 2519 678 2581 tratres
711 2538 781 2581 suos
820 2519 919 2583 votivo
957 2519 1070 2583 solacio
1107 2521 1254 2583 renovari.
1295 2521 1371 2584 Cum
1403 2523 1490 2602 igitur

298 2631 440 2708 suscepte
470 2627 635 2708 legacionis
675 2625 806 2689 officium
844 2627 944 2690 debita
980 2627 1138 2692 laudabilis
1170 2627 1383 2692 sollicitudinis
1417 2629 1487 2709 vigi-

300 2735 398 2797 lancia
422 2732 461 2817 d)
494 2734 586 2798 tueris
626 2741 769 2798 executus
809 2742 840 2797 et
884 2736 1151 2800 subcrescentibus
1190 2737 1322 2800 Romane
1361 2736 1486 2800 ecclesie

293 2841 431 2924 negociis
447 2847 498 2904 tua
516 2842 675 2923 presencia
698 2841 785 2904 nobis
807 2841 848 2904 sit
870 2863 929 2905 non
951 2844 1101 2906 modicum
1124 2850 1286 2925 oportuna:
1314 2844 1485 2906 mandamus

292 2956 440 3033 quatenus
459 2950 559 3013 statim
581 2951 654 3014 visis
676 2949 771 3013 literis
793 2948 915 3013 studeas
939 2950 978 3014 ad
1001 2951 1105 3014 sedem
1127 2951 1326 3031 apostolicam
1342 2957 1375 3014 te
1392 2957 1483 3016 hans·

297 3059 387 3121 terre.

868 3301 929 3370 38.

716 3458 795 3536 Papa
810 3458 895 3522 tetra
911 3458 949 3521 de
964 3458 1072 3522 thats.

774 3611 854 3667 1242.
868 3615 974 3685 August
987 3633 1010 3669 c.

294 3778 345 3832 neo
364 3777 494 3832 cosinae
514 3776 588 3830 eom
606 3775 658 3829 een
674 3777 772 3828 reon
793 3775 827 3828 oo
852 3775 949 3836 uam,
967 3757 1037 3829 'uam
1061 3775 1158 3830 roeo
1176 3778 1354 3849 morona
1373 3800 1405 3835 a«
1428 3781 1482 3836 oo

544 3883 635 3936 coegere
647 3863 822 3936 Freilaeouag
835 3865 885 3920 der
895 3865 1065 3936 gefoageacn
1079 3866 1231 3922 Cordindte.

384 4011 514 4075 Tociens
530 4011 586 4074 tibi
603 4012 754 4072 incassum
771 4009 931 4073 scribimus
949 4015 979 4072 et
994 4011 1026 4072 in
1040 4018 1162 4074 ventum
1178 4012 1216 4098 c)
1232 4032 1344 4095 preces
1363 4016 1483 4080 effundi·

295 4141 360 4184 mus
372 4139 427 4201 pro
438 4118 605 4182 karissimis
617 4116 760 4184 fratribus
773 4117 884 4180 nostris
897 4123 928 4181 et
940 4116 1017 4190 aliis,
1031 4118 1081 4201 qui
1094 4119 1192 4184 adhuc
1206 4138 1334 4187 carcere
1346 4125 1482 4206 principis

385 4334 418 4401 o)
430 4333 470 4390 dia
480 4332 560 4402 legati
570 4331 637 4387 fehlt
651 4331 679 4385 V.
696 4363 726 4375 ·-
742 4331 774 4398 d)
787 4329 928 4402 vigilancia
941 4347 981 4386 am
993 4333 1084 4387 Raude
1098 4333 1127 4387 V.
1142 4363 1177 4386 π.-
1186 4337 1219 4404 e)
1233 4353 1275 4390 am
1290 4336 1393 4400 Raude,
1406 4339 1482 4392 alius:

293 4441 319 4477 m
334 4440 433 4478 vanum.
