3112 5118
670 713 729 786 13.

401 893 565 973 lnporator
589 891 620 953 ll.
645 888 759 952 clulius
784 888 832 952 rel
857 889 983 953 civitati.

83 1048 134 1101 Eia
148 1048 253 1103 Koiaer
266 1048 335 1120 zeiqf
352 1049 426 1103 einer
444 1048 524 1103 stade
542 1065 592 1113 on,
617 1051 682 1102 doce
700 1065 731 1100 er
749 1045 777 1100 in
798 1046 955 1116 feierliclter
978 1046 1064 1101 Weiae
1081 1045 1139 1101 siclt
1162 1047 1209 1100 mit
1228 1047 1287 1100 dem

118 1138 209 1191 durch
220 1137 296 1192 scine
308 1137 533 1208 ultelrwitrdiyen
546 1137 638 1192 Alaea
648 1136 793 1207 yeweidten
805 1135 1022 1192 Ritteraclewerte
1034 1143 1165 1207 arnpttrtet
1176 1134 1250 1188 leode.

173 1281 298 1334 Murteae
312 1285 340 1334 ct
361 1281 476 1342 Durand,
500 1278 567 1336 0011.
590 1281 617 1344 2,
640 1279 710 1334 1209
724 1280 770 1334 mit
790 1279 838 1334 der
857 1269 1025 1335 Uberschrift
1048 1279 1184 1334 conradus
1207 1295 1283 1332 com-

82 1369 216 1424 munitati.

178 1511 344 1575 Geminare
366 1511 502 1574 videmur
523 1511 554 1573 in
576 1511 662 1574 nohis
685 1516 845 1593 augmenta
868 1513 1029 1594 congaudii
1051 1511 1241 1595 pulchrioris,
1259 1510 1285 1572 si

83 1617 215 1681 festivos
246 1625 277 1683 et
304 1619 441 1683 celebres
469 1619 624 1682 felicitatis
647 1625 751 1683 nostre
775 1640 936 1683 successus
954 1621 993 1682 ad
1008 1625 1177 1682 nostrorum
1194 1619 1287 1682 corda

82 1723 220 1788 fidelium
236 1727 474 1790 transfundimus
492 1732 522 1790 et
538 1727 672 1791 inaures
688 1732 806 1790 uestras
829 1730 984 1810 precipue,
1008 1747 1082 1810 quas
1104 1731 1233 1790 attentas
1251 1745 1287 1788 ex

81 1830 153 1895 fidei
186 1834 320 1916 puritate
352 1833 545 1907 confidimus,
581 1835 683 1899 leticie
715 1842 817 1899 nostre
849 1836 980 1917 tripudia
1013 1835 1199 1907 derivamus,
1236 1833 1287 1896 illo

82 1941 300 2005 nichilominus
317 1943 429 2005 nostris
445 1942 603 2006 affectibus
625 1943 783 2006 inherente
806 1944 972 2025 proposito,
996 1943 1076 2025 quod
1099 1942 1157 2004 hec
1181 1947 1211 2004 et
1227 1941 1290 2003 alia·

81 2049 184 2111 felicis
220 2051 340 2112 fortune
377 2056 481 2113 nostre
518 2049 653 2130 auspicia
691 2050 857 2112 delectaret
893 2071 948 2113 nos
985 2049 1090 2131 pocius
1130 2048 1287 2112 vobiscum

85 2155 322 2234 presencialiter
353 2175 445 2238 agere
483 2157 572 2238 quam
610 2157 784 2238 interpretis
802 2157 965 2238 scripture
988 2156 1029 2240 a]
1060 2155 1226 2216 ministerio
1249 2155 1289 2239 b)

89 2263 251 2332 nunciare,
268 2267 301 2324 ut
317 2267 348 2324 et
364 2283 419 2326 nos
435 2267 536 2325 vestra
552 2263 691 2325 vicinitas
716 2263 832 2325 diucius
855 2263 994 2326 affectata
1015 2261 1157 2325 reficeret
1184 2267 1214 2324 et
1235 2281 1289 2322 vos

89 2377 198 2434 nostre
214 2370 395 2451 provisionis
411 2370 579 2434 indubitata
599 2371 758 2452 placiditas
779 2373 943 2434 refoveret.
978 2370 1041 2434 Sed
1061 2388 1116 2451 pro
1140 2362 1290 2432 constanti

86 2473 242 2548 tenentes,
267 2477 346 2558 quod
362 2476 393 2539 in
408 2477 506 2550 uobis,
525 2478 614 2541 velud
625 2479 656 2540 in
667 2478 777 2559 populo
789 2476 995 2548 honorificato,
1008 2483 1091 2540 tanta
1104 2477 1143 2540 sit
1154 2477 1290 2539 radicata

16 2649 20 2654 ,
86 2583 228 2656 devocio,
245 2588 278 2646 ut
293 2583 373 2664 apud
388 2603 442 2645 vos
460 2583 597 2646 celebres
615 2589 718 2646 nostre
735 2584 907 2647 serenitatis
925 2588 1050 2647 eventus
1066 2583 1171 2646 localis
1193 2583 1289 2646 inter-

86 2693 206 2774 capedo
229 2712 290 2754 non
311 2691 424 2754 minuat
446 2711 503 2754 neo
525 2691 655 2754 labentis
671 2691 848 2776 ²protractio
877 2692 1021 2774 temporis
1043 2692 1221 2761 intercidat;
1251 2691 1290 2753 ad

88 2800 236 2863 noticiam
253 2799 457 2862 universitatis
480 2807 581 2862 vestre
603 2799 809 2882 producimus,
833 2799 1006 2881 quodlicet
1028 2820 1063 2861 ex
1085 2798 1290 2882 generositate

88 2907 267 2988 sanguinis,
296 2925 353 2988 qua
380 2926 435 2967 nos
458 2927 476 2968 a
497 2887 669 2987 primordiis
698 2912 802 2970 nostre
825 2907 1013 2970 condicionis
1037 2907 1156 2969 domina
1184 2911 1290 2969 natura

88 3013 207 3078 dotavit
223 3019 253 3076 et
269 3013 307 3093 c)
324 3035 360 3076 ex
377 3013 531 3096 dignitatis
549 3013 660 3086 officio,
684 3033 741 3096 qua
763 3033 927 3096 regnorum
949 3034 985 3077 ao
1008 3034 1114 3096 regum
1136 3034 1191 3076 nos
1214 3015 1289 3077 solio

90 3122 197 3205 gracia
210 3123 310 3184 divina
320 3123 459 3202 prefecit,
475 3121 562 3185 nobis
575 3123 711 3186 militaris
724 3123 847 3187 honoris
857 3124 898 3208 d)
914 3123 1037 3204 fastigia
1056 3143 1116 3186 non
1129 3123 1289 3194 deessent3

89 3231 160 3312 quia
172 3234 276 3292 tamen
286 3228 396 3291 milicie
410 3228 574 3310 cingulum,
587 3231 667 3311 quod
679 3231 845 3293 reverenda
856 3231 1108 3311 predecessorum
1121 3234 1289 3292 nostrorum

90 3337 192 3401 sanxit
207 3335 382 3418 antiquitas,
398 3337 545 3398 serenitas
567 3344 672 3400 nostra
688 3356 748 3399 non
764 3342 959 3418 susceperat,
985 3337 1033 3399 die
1056 3337 1108 3400 tali
1127 3337 1289 3417 solempni-

91 3452 156 3508 tate
179 3442 322 3524 tyrocinii
344 3442 422 3505 latus
445 3447 581 3505 nostrum
604 3443 742 3524 eligimus
760 3441 981 3512 decorandum,
1007 3448 1040 3505 ut
1062 3464 1098 3504 ex
1119 3444 1177 3504 hoe
1201 3443 1289 3504 etatis

92 3557 198 3616 nostre
227 3569 376 3632 generosa
403 3548 549 3612 floriditas
578 3550 665 3630 signa
699 3550 820 3613 maioris
852 3549 1039 3613 strenuitatis
1070 3549 1228 3612 induceret
1260 3556 1290 3615 et

93 3657 275 3740 originalem
286 3656 450 3720 nobilitatis
458 3655 962 3737 magnificenciamrenovaretnove
970 3659 1080 3721 milicie
1089 3657 1234 3722 claritudo
1242 3657 1288 3740 e).

188 3852 224 3921 a)
248 3851 343 3920 script.
368 3867 408 3903 am
434 3850 533 3905 Raude.
562 3881 590 3890 —
613 3851 645 3920 d)
672 3853 798 3922 mysterio
829 3853 955 3908 Marione.
983 3883 1016 3894 -
1041 3853 1072 3923 c)
1101 3855 1165 3907 tavit
1195 3858 1222 3906 ct
1246 3852 1292 3904 auf

95 3945 192 3998 Rasur.
212 3974 247 3982 —
267 3944 301 4011 d)
321 3943 429 3997 honoris
455 3961 496 3997 am
522 3943 620 3997 Raude.
651 3973 678 3981 -
706 3943 737 4012 e)
758 3943 803 3997 Bei
824 3945 942 4000 Marteue
966 3945 1037 4014 folgt
1060 3946 1131 3999 noch
1150 3945 1192 3998 eiu
1211 3945 1290 3997 Satn:

100 4051 129 4088 er
149 4034 189 4086 sei
210 4049 244 4084 an
264 4031 419 4086 demselhen
438 4033 514 4102 Tago
534 4034 604 4086 noch
629 4032 678 4085 in’s
697 4032 764 4085 Feld
790 4037 903 4102 gertickt
928 4051 999 4104 „quo
1020 4033 1105 4088 eciam
1126 4063 1155 4073 —
1177 4033 1291 4086 feliciter

97 4123 302 4196 procedamus“.
