3168 5124
76 472 158 538 nobis
173 494 295 541 morum
310 477 454 542 honestas
471 482 502 542 et
516 477 577 543 vite
592 478 750 543 laudabilis
763 477 958 544 conversacio
972 481 1002 542 et
1015 476 1147 542 sciencie
1162 480 1275 560 premi·

74 583 177 648 nencia
191 589 432 662 commendatur,
449 590 628 655 auctoritate
644 590 810 674 apostolica
825 589 1066 673 providemuset
1080 607 1136 672 per
1151 594 1274 672 aposto-

73 693 127 758 lica
142 695 261 779 scripta
278 698 320 784 α)
335 699 527 773 mandamus,
552 705 698 784 quatenus
720 701 819 784 ipsum
840 699 995 783 recipiatis
1020 702 1050 762 et
1064 698 1202 763 habeatis
1218 720 1273 783 pro

72 809 188 886 pastore
205 812 238 870 et
256 808 422 892 episcopo,
446 808 578 874 debitam
595 811 654 894 ipsi
669 810 868 894 inpendentes
887 808 1112 883 obedienciam,
1128 829 1273 875 reveren-

76 912 146 976 ciam
160 933 216 980 seu
232 915 391 981 honorem.
408 919 477 982 Dat.
495 924 554 984 etc.

471 1122 626 1188 tractatus
650 1122 871 1205 petiterlornn.

352 1233 358 1243 '
567 1243 774 1307 ureevneuovvv).

94 1435 98 1444 .
155 1382 311 1449 Dicuntur
327 1388 426 1448 autem
442 1385 583 1468 petitorie
599 1404 617 1449 a
633 1383 782 1468 petendo,
806 1382 875 1468 quia
897 1381 1061 1447 innituntur
1081 1381 1147 1466 plus
1165 1382 1269 1466 gracie
1280 1412 1386 1454 milev.

73 1513 153 1578 qvam
168 1492 238 1558 iuri.
275 1495 316 1558 Et
337 1495 492 1560 sciendum
514 1493 594 1579 quod
616 1495 674 1558 due
697 1497 766 1558 sunt
788 1495 906 1576 species
928 1492 1151 1575 petitoriarum:
1175 1493 1270 1576 prima

72 1611 113 1669 est
142 1606 167 1668 si
200 1604 344 1669 dominus
374 1624 453 1690 papa
484 1605 531 1670 vel
559 1605 634 1670 alius
661 1607 802 1689 princeps
831 1603 1058 1669 ecclesiasticus
1090 1609 1269 1668 structuram

72 1698 188 1778 alicuius
211 1714 392 1778 monasterii
410 1714 449 1802 ο)
473 1713 535 1778 suis
558 1714 655 1778 literis
678 1714 739 1778 vult
766 1719 878 1778 iuvare.
911 1714 944 1776 ln
965 1712 1025 1776 hac
1046 1715 1141 1795 prima
1164 1701 1268 1796 specie

72 1829 112 1888 cst
126 1829 211 1888 recta
229 1826 331 1889 torma
348 1831 379 1888 et
394 1831 478 1889 certa
495 1844 636 1909 expressa
653 1827 683 1888 in
700 1822 828 1888 'concilio
845 1823 990 1906 generali,
1007 1841 1065 1906 que
1081 1824 1123 1888 ita
1144 1824 1268 1907 incipit:

72 1933 228 2016 Quomam,
255 1939 288 1999 ut
304 1935 347 1999 ait
374 1937 544 2018 apostolus,
567 1955 669 1999 omnes
686 1955 741 1999 nos
759 1933 903 1998 stabimus
920 1939 989 1998 ante
1005 1932 1134 1997 tribunal
1149 1935 1192 2023 d)
1208 1940 1266 1999 etc.

72 2061 150 2127 quam
164 2045 299 2109 sormam
324 2044 470 2109 excedere
496 2066 556 2108 non
583 2049 631 2108 est
658 2047 842 2107 consuetum.
871 2041 1059 2125 Approbaoio
1077 2041 1115 2127 e)
1131 2043 1268 2126 predicte

73 2153 158 2217 forme
196 2158 247 2218 est
275 2152 359 2216 facta
396 2159 521 2236 propter
556 2153 732 2218 varietatem
764 2157 795 2214 et
826 2150 1030 2214 diversitatem
1061 2171 1115 2213 seu
1147 2157 1267 2217 contrass

73 2265 205 2328 rietatem
250 2263 432 2346 petitorum,
478 2264 527 2349 qui
566 2264 658 2326 ialsas
699 2262 877 2346 quandoque
915 2261 1019 2324 literas
1060 2261 1266 2336 exbibuerunt,

71 2377 99 2436 ut
118 2378 199 2437 esset
214 2373 316 2436 forma
338 2391 397 2434 una
420 2372 549 2436 omnium
581 2373 684 2436 talium
715 2371 876 2436 literarum.
908 2370 1081 2452 Exemplum
1113 2372 1200 2436 infra.
1221 2411 1265 2422 -

71 2482 204 2547 Secunda
221 2481 346 2564 species
363 2487 419 2554 est,
437 2501 505 2545 cum
522 2483 599 2546 forte
615 2487 703 2547 vacat
718 2481 869 2564 prelatura
881 2483 927 2546 vel
940 2480 1061 2565 aliquod
1074 2481 1265 2566 stipendium,

73 2592 99 2654 et
112 2611 165 2674 per
179 2592 384 2656 interventum
400 2610 479 2674 pape
496 2593 543 2655 vel
560 2589 683 2655 alterius
699 2590 844 2674 principis
865 2589 994 2656 intendit
1016 2591 1123 2676 aliquis
1144 2612 1266 2675 promo·

70 2701 135 2764 veri.
151 2703 191 2766 llt
206 2703 275 2767 fere
291 2720 347 2783 per
363 2701 461 2765 omnia
485 2701 577 2765 debet
591 2701 705 2765 habere
722 2703 848 2766 formam
863 2701 1041 2785 peticionis,
1070 2702 1163 2767 debet
1187 2703 1264 2767 enim

72 2813 216 2876 continere
251 2812 549 2885 commendacionem
579 2833 721 2895 persone,
741 2833 796 2895 pro
828 2833 887 2897 qua
907 2812 1045 2896 petitur,
1083 2833 1264 2897 causamque

71 2927 231 2986 moventem
248 2942 341 3006 quare
357 2922 396 3008 f)
412 2904 467 3005 pro
480 2942 516 2985 ea
527 2927 647 3003 petatur
660 2921 725 2985 sine
740 2921 987 2986 interminacione
1003 2923 1102 3006 aliqua
1116 2923 1163 2987 vel
1179 2943 1263 2988 man-

74 3028 144 3104 dato,
161 3032 243 3115 quia,
269 3031 348 3096 sicut
365 3031 477 3097 dictum
494 3037 551 3105 est,
567 3032 633 3115 plus
656 3032 791 3097 continet
806 3032 910 3114 gracie
932 3052 1021 3117 quam
1037 3032 1120 3098 iuris.
1152 3033 1261 3098 Exem-

72 3139 141 3219 plum
156 3146 189 3206 ut
205 3142 297 3206 infra.

364 3347 535 3430 Exemplum
549 3347 689 3430 petitorio
704 3347 735 3410 ln
751 3347 846 3430 prlna
863 3347 972 3431 specle.

153 3508 188 3572 0.
210 3508 254 3597 a)
277 3508 334 3571 Dei
366 3509 469 3590 gracia
500 3509 568 3573 talis
609 3509 738 3572 ecclesie
776 3507 1022 3592 archiepiscopus
1043 3505 1083 3594 d)
1115 3508 1262 3574 universis

77 3614 176 3682 Christi
211 3618 351 3683 fidelibus
376 3617 410 3708 i)
438 3617 477 3683 ed
507 3639 581 3704 quos
616 3640 742 3702 presens
766 3619 909 3702 scriptum
925 3618 966 3704 lt)
988 3621 1160 3704 pervenerit
1182 3621 1262 3685 salu-

76 3727 136 3790 tem.
169 3715 332 3812 Quoniam,
363 3735 396 3794 ut
422 3730 464 3794 ait
490 3732 662 3814 apostolus,
690 3749 793 3795 omnes
816 3752 872 3795 nos
895 3736 964 3797 ante
992 3730 1121 3795 tribunal
1150 3733 1261 3797 Christi

76 3838 249 3904 manifestari
267 3844 396 3923 oportet,
414 3862 482 3905 cum
506 3841 699 3925 corruptibile
735 3842 866 3907 induerit
896 3842 1157 3928 incorrupcionem
1180 3843 1261 3930 θεῖ

76 3948 188 4011 mortale
215 3949 474 4023 inmortalitatem,
497 3956 529 4015 ut
550 3957 621 4016 tunc
643 3951 766 4017 retieret
787 3953 991 4036 unusquisque
1014 3957 1102 4036 prout
1117 3953 1214 4035 gessit
1228 3953 1259 4017 in

78 4069 208 4137 corpore,
237 4059 301 4121 sive
328 4057 438 4122 bonum
466 4061 556 4124 fuerit
572 4061 618 4148 m)
636 4062 700 4124 sive
722 4063 846 4135 malum,
870 4067 988 4144 oportet
1004 4067 1037 4125 ut
1051 4046 1258 4126 misericordie

80 4166 207 4244 operibus
234 4168 442 4251 preveniamus
477 4171 555 4234 diem
584 4173 743 4237 messionis
773 4178 920 4246 extreme,
949 4172 1027 4236 unde
1043 4173 1084 4261 a)
1100 4173 1150 4257 qui
1166 4193 1257 4257 parce

157 4293 189 4362 a)
203 4294 275 4350 vobis
294 4295 468 4369 precipiendo
486 4297 514 4352 Z.
529 4329 559 4340 —
575 4298 607 4369 b)
625 4299 690 4352 illst.
705 4298 737 4352 Vl
757 4299 825 4353 fehlt
838 4299 868 4354 V.
886 4330 914 4340 -
932 4299 965 4369 c)
980 4300 1021 4354 vel
1038 4298 1128 4373 pontis
1147 4299 1190 4354 vel
1209 4299 1258 4353 ali-

81 4379 144 4438 cuius
166 4385 215 4442 loei
234 4387 354 4460 religiosi
367 4389 394 4444 Z.
410 4419 443 4430 -
457 4389 493 4460 d)
507 4407 597 4446 omnes
613 4424 643 4435 -
660 4393 773 4448 tribunal
791 4393 861 4448 fehlt
880 4393 908 4448 Ζ.
931 4394 964 4464 e)
983 4410 1045 4448 vexo
1062 4393 1090 4448 Z.
1105 4423 1137 4433 -
1149 4391 1181 4465 f)
1206 4409 1256 4466 pro

81 4488 152 4542 quere
165 4477 192 4532 Z.
205 4509 235 4522 ·-
248 4480 283 4554 9)
296 4481 328 4536 u.
346 4482 375 4537 Ζ.
392 4511 421 4521 -
435 4479 471 4552 le)
485 4499 528 4555 ep.
542 4483 570 4539 Z.
589 4513 616 4524 —
632 4483 659 4554 i)
677 4484 703 4538 ia
720 4485 862 4542 Parisienei
875 4484 982 4541 civitate
1001 4484 1152 4540 constitutis
1166 4485 1194 4539 Z.
1224 4515 1252 4526 -

81 4559 109 4631 ἐ)
119 4570 206 4637 begine
223 4573 249 4626 Z.
273 4603 303 4612 -
316 4573 343 4644 l)
357 4573 559 4647 eorrupeionem
572 4575 601 4632 V,
619 4607 648 4618 -
662 4577 706 4647 m)
718 4578 783 4633 illud
796 4578 824 4633 Z.
839 4603 873 4618 ⁴-
885 4578 919 4650 n)
934 4579 1061 4650 quoniam
1074 4579 1102 4632 Z.

993 4667 1037 4722 3*
