<?xml version="1.0" encoding="UTF-8"?>
<!DOCTYPE html PUBLIC "-//W3C//DTD XHTML 1.0 Transitional//EN"
    "http://www.w3.org/TR/xhtml1/DTD/xhtml1-transitional.dtd">
<html xmlns="http://www.w3.org/1999/xhtml" xml:lang="en" lang="en">
 <head>
  <title>
</title>
<meta http-equiv="Content-Type" content="text/html;charset=utf-8" />
  <meta name='ocr-system' content='tesseract 3.04.00' />
  <meta name='ocr-capabilities' content='ocr_page ocr_carea ocr_par ocr_line ocrx_word'/>
</head>
<body>
  <div class='ocr_page' id='page_1' title='image "./fontesrerumaust01kommgoog_0063.png"; bbox 0 0 3168 5124; ppageno 0'>
   <div class='ocr_carea' id='block_1_1' title="bbox 150 327 377 428">
    <p class='ocr_par' dir='ltr' id='par_1_1' title="bbox 150 327 377 428">
     <span class='ocr_line' id='line_1_1' title="bbox 150 327 377 428; baseline 0 -29"><span class='ocrx_word' id='word_1_1' title='bbox 150 327 377 428; x_wconf 50' lang='lat' dir='ltr'>,ao</span> 
     </span>
    </p>
   </div>
   <div class='ocr_carea' id='block_1_2' title="bbox 322 502 1502 920">
    <p class='ocr_par' dir='ltr' id='par_1_2' title="bbox 322 502 1502 920">
     <span class='ocr_line' id='line_1_2' title="bbox 324 502 1501 596; baseline 0.001 -31"><span class='ocrx_word' id='word_1_2' title='bbox 324 502 451 568; x_wconf 80' lang='lat' dir='ltr'>Causam</span> <span class='ocrx_word' id='word_1_3' title='bbox 467 509 566 569; x_wconf 88' lang='lat' dir='ltr'>autam</span> <span class='ocrx_word' id='word_1_4' title='bbox 581 511 749 571; x_wconf 89' lang='lat' dir='ltr'>moventem</span> <span class='ocrx_word' id='word_1_5' title='bbox 756 508 796 596; x_wconf 78' lang='lat' dir='ltr'>a)</span> <span class='ocrx_word' id='word_1_6' title='bbox 813 507 1020 573; x_wconf 80' lang='lat' dir='ltr'>nichilominus</span> <span class='ocrx_word' id='word_1_7' title='bbox 1034 505 1190 590; x_wconf 79' lang='lat' dir='ltr'>allegabis,</span> <span class='ocrx_word' id='word_1_8' title='bbox 1204 525 1262 590; x_wconf 88' lang='lat' dir='ltr'>que</span> <span class='ocrx_word' id='word_1_9' title='bbox 1274 503 1415 568; x_wconf 88' lang='lat' dir='ltr'>videlicet</span> <span class='ocrx_word' id='word_1_10' title='bbox 1426 522 1501 568; x_wconf 82' lang='lat' dir='ltr'>causa</span> 
     </span>
     <span class='ocr_line' id='line_1_3' title="bbox 322 612 1502 704; baseline 0.001 -29"><span class='ocrx_word' id='word_1_11' title='bbox 322 613 448 678; x_wconf 89' lang='lat' dir='ltr'>moverit</span> <span class='ocrx_word' id='word_1_12' title='bbox 474 613 533 679; x_wconf 90' lang='lat' dir='ltr'>tale</span> <span class='ocrx_word' id='word_1_13' title='bbox 560 613 738 680; x_wconf 81' lang='lat' dir='ltr'>beneficium</span> <span class='ocrx_word' id='word_1_14' title='bbox 765 617 816 681; x_wconf 86' lang='lat' dir='ltr'>tali</span> <span class='ocrx_word' id='word_1_15' title='bbox 844 638 974 701; x_wconf 83' lang='lat' dir='ltr'>persone</span> <span class='ocrx_word' id='word_1_16' title='bbox 998 616 1037 704; x_wconf 79' lang='lat' dir='ltr'>d)</span> <span class='ocrx_word' id='word_1_17' title='bbox 1057 615 1287 687; x_wconf 86' lang='lat' dir='ltr'>conferendum,</span> <span class='ocrx_word' id='word_1_18' title='bbox 1317 612 1424 676; x_wconf 91' lang='lat' dir='ltr'>deinde</span> <span class='ocrx_word' id='word_1_19' title='bbox 1449 633 1502 676; x_wconf 90' lang='lat' dir='ltr'>cun</span> 
     </span>
     <span class='ocr_line' id='line_1_4' title="bbox 323 722 1502 812; baseline 0 -26"><span class='ocrx_word' id='word_1_20' title='bbox 323 723 530 788; x_wconf 85' lang='lat' dir='ltr'>admonicione</span> <span class='ocrx_word' id='word_1_21' title='bbox 547 726 669 806; x_wconf 86' lang='lat' dir='ltr'>simplex</span> <span class='ocrx_word' id='word_1_22' title='bbox 684 725 872 802; x_wconf 89' lang='lat' dir='ltr'>mandatum,</span> <span class='ocrx_word' id='word_1_23' title='bbox 901 728 981 812; x_wconf 91' lang='lat' dir='ltr'>quod</span> <span class='ocrx_word' id='word_1_24' title='bbox 996 725 1065 793; x_wconf 88' lang='lat' dir='ltr'>talis</span> <span class='ocrx_word' id='word_1_25' title='bbox 1088 726 1127 791; x_wconf 93' lang='lat' dir='ltr'>ad</span> <span class='ocrx_word' id='word_1_26' title='bbox 1150 726 1210 790; x_wconf 88' lang='lat' dir='ltr'>tale</span> <span class='ocrx_word' id='word_1_27' title='bbox 1232 722 1410 790; x_wconf 86' lang='lat' dir='ltr'>beneficium</span> <span class='ocrx_word' id='word_1_28' title='bbox 1431 743 1502 787; x_wconf 90' lang='lat' dir='ltr'>assu-</span> 
     </span>
     <span class='ocr_line' id='line_1_5' title="bbox 323 836 680 920; baseline 0.003 -21"><span class='ocrx_word' id='word_1_29' title='bbox 323 839 437 910; x_wconf 86' lang='lat' dir='ltr'>matur;</span> <span class='ocrx_word' id='word_1_30' title='bbox 460 836 544 900; x_wconf 86' lang='lat' dir='ltr'>verbi</span> <span class='ocrx_word' id='word_1_31' title='bbox 561 836 680 920; x_wconf 80' lang='lat' dir='ltr'>gracia:</span> 
     </span>
    </p>
   </div>
   <div class='ocr_carea' id='block_1_3' title="bbox 658 1033 1181 1144">
    <p class='ocr_par' dir='ltr' id='par_1_3' title="bbox 658 1033 1181 1144">
     <span class='ocr_line' id='line_1_6' title="bbox 658 1033 1181 1144; baseline 0 -4"><span class='ocrx_word' id='word_1_32' title='bbox 658 1077 762 1141; x_wconf 75' lang='lat' dir='ltr'>lerna</span> <span class='ocrx_word' id='word_1_33' title='bbox 778 1033 935 1143; x_wconf 76' lang='lat' dir='ltr'>donatorlc</span> <span class='ocrx_word' id='word_1_34' title='bbox 952 1077 1181 1144; x_wconf 72' lang='lat' dir='ltr'>condiclonells.</span> 
     </span>
    </p>
   </div>
   <div class='ocr_carea' id='block_1_4' title="bbox 320 1254 1506 2540">
    <p class='ocr_par' dir='ltr' id='par_1_4' title="bbox 320 1254 1506 2540">
     <span class='ocr_line' id='line_1_7' title="bbox 411 1254 1506 1346; baseline 0.001 -27"><span class='ocrx_word' id='word_1_35' title='bbox 411 1255 581 1320; x_wconf 75' lang='lat' dir='ltr'>llridcrious</span> <span class='ocrx_word' id='word_1_36' title='bbox 593 1254 649 1321; x_wconf 89' lang='lat' dir='ltr'>Dei</span> <span class='ocrx_word' id='word_1_37' title='bbox 662 1258 764 1339; x_wconf 86' lang='lat' dir='ltr'>gracia</span> <span class='ocrx_word' id='word_1_38' title='bbox 779 1256 892 1346; x_wconf 75' lang='lat' dir='ltr'>taliae)</span> <span class='ocrx_word' id='word_1_39' title='bbox 910 1257 1040 1323; x_wconf 73' lang='lat' dir='ltr'>ecclesie</span> <span class='ocrx_word' id='word_1_40' title='bbox 1056 1259 1215 1344; x_wconf 88' lang='lat' dir='ltr'>episcopus</span> <span class='ocrx_word' id='word_1_41' title='bbox 1233 1257 1285 1324; x_wconf 86' lang='lat' dir='ltr'>tali</span> <span class='ocrx_word' id='word_1_42' title='bbox 1298 1257 1427 1342; x_wconf 93' lang='lat' dir='ltr'>capitulo</span> <span class='ocrx_word' id='word_1_43' title='bbox 1443 1257 1506 1322; x_wconf 86' lang='lat' dir='ltr'>salu-</span> 
     </span>
     <span class='ocr_line' id='line_1_8' title="bbox 323 1354 1505 1457; baseline -0.004 -21"><span class='ocrx_word' id='word_1_44' title='bbox 323 1376 384 1436; x_wconf 88' lang='lat' dir='ltr'>tcm</span> <span class='ocrx_word' id='word_1_45' title='bbox 395 1368 426 1431; x_wconf 93' lang='lat' dir='ltr'>in</span> <span class='ocrx_word' id='word_1_46' title='bbox 438 1388 509 1432; x_wconf 90' lang='lat' dir='ltr'>vero</span> <span class='ocrx_word' id='word_1_47' title='bbox 522 1368 680 1432; x_wconf 81' lang='lat' dir='ltr'>salvatore.</span> <span class='ocrx_word' id='word_1_48' title='bbox 703 1365 747 1430; x_wconf 83' lang='lat' dir='ltr'>Ex</span> <span class='ocrx_word' id='word_1_49' title='bbox 759 1354 861 1432; x_wconf 87' lang='lat' dir='ltr'>dilecti</span> <span class='ocrx_word' id='word_1_50' title='bbox 873 1368 904 1432; x_wconf 91' lang='lat' dir='ltr'>in</span> <span class='ocrx_word' id='word_1_51' title='bbox 917 1361 1035 1433; x_wconf 83' lang='lat' dir='ltr'>Christo</span> <span class='ocrx_word' id='word_1_52' title='bbox 1050 1369 1160 1434; x_wconf 89' lang='lat' dir='ltr'>domiui</span> <span class='ocrx_word' id='word_1_53' title='bbox 1175 1369 1209 1434; x_wconf 87' lang='lat' dir='ltr'>R.</span> <span class='ocrx_word' id='word_1_54' title='bbox 1219 1369 1259 1457; x_wconf 81' lang='lat' dir='ltr'>d)</span> <span class='ocrx_word' id='word_1_55' title='bbox 1277 1367 1410 1432; x_wconf 85' lang='lat' dir='ltr'>ecclesie</span> <span class='ocrx_word' id='word_1_56' title='bbox 1425 1372 1505 1431; x_wconf 82' lang='lat' dir='ltr'>vestre</span> 
     </span>
     <span class='ocr_line' id='line_1_9' title="bbox 323 1477 1505 1562; baseline -0.006 -16"><span class='ocrx_word' id='word_1_57' title='bbox 323 1477 461 1546; x_wconf 87' lang='lat' dir='ltr'>canonici</span> <span class='ocrx_word' id='word_1_58' title='bbox 487 1478 638 1542; x_wconf 86' lang='lat' dir='ltr'>relacione</span> <span class='ocrx_word' id='word_1_59' title='bbox 666 1477 852 1559; x_wconf 88' lang='lat' dir='ltr'>accepimus,</span> <span class='ocrx_word' id='word_1_60' title='bbox 881 1479 962 1562; x_wconf 91' lang='lat' dir='ltr'>quod</span> <span class='ocrx_word' id='word_1_61' title='bbox 988 1484 1058 1561; x_wconf 90' lang='lat' dir='ltr'>post</span> <span class='ocrx_word' id='word_1_62' title='bbox 1085 1479 1244 1543; x_wconf 88' lang='lat' dir='ltr'>decessum</span> <span class='ocrx_word' id='word_1_63' title='bbox 1267 1478 1349 1542; x_wconf 90' lang='lat' dir='ltr'>bone</span> <span class='ocrx_word' id='word_1_64' title='bbox 1382 1477 1505 1540; x_wconf 87' lang='lat' dir='ltr'>memorie</span> 
     </span>
     <span class='ocr_line' id='line_1_10' title="bbox 321 1585 1505 1676; baseline -0.005 -23"><span class='ocrx_word' id='word_1_65' title='bbox 321 1591 369 1661; x_wconf 66' lang='lat' dir='ltr'>ln,</span> <span class='ocrx_word' id='word_1_66' title='bbox 387 1587 493 1650; x_wconf 89' lang='lat' dir='ltr'>decani</span> <span class='ocrx_word' id='word_1_67' title='bbox 510 1586 644 1650; x_wconf 88' lang='lat' dir='ltr'>eiusdem</span> <span class='ocrx_word' id='word_1_68' title='bbox 660 1585 801 1660; x_wconf 88' lang='lat' dir='ltr'>ecclesie,</span> <span class='ocrx_word' id='word_1_69' title='bbox 815 1586 846 1650; x_wconf 95' lang='lat' dir='ltr'>in</span> <span class='ocrx_word' id='word_1_70' title='bbox 859 1588 1005 1652; x_wconf 84' lang='lat' dir='ltr'>electione</span> <span class='ocrx_word' id='word_1_71' title='bbox 1019 1587 1158 1653; x_wconf 89' lang='lat' dir='ltr'>facienda</span> <span class='ocrx_word' id='word_1_72' title='bbox 1174 1588 1271 1654; x_wconf 91' lang='lat' dir='ltr'>addeo</span> <span class='ocrx_word' id='word_1_73' title='bbox 1290 1587 1327 1676; x_wconf 68' lang='grc' dir='ltr'>θ)</span> <span class='ocrx_word' id='word_1_74' title='bbox 1342 1585 1384 1667; x_wconf 86' lang='lat' dir='ltr'>ab</span> <span class='ocrx_word' id='word_1_75' title='bbox 1398 1587 1505 1649; x_wconf 86' lang='lat' dir='ltr'>invicem</span> 
     </span>
     <span class='ocr_line' id='line_1_11' title="bbox 323 1695 1505 1780; baseline -0.004 -19"><span class='ocrx_word' id='word_1_76' title='bbox 323 1695 419 1762; x_wconf 91' lang='lat' dir='ltr'>divisa</span> <span class='ocrx_word' id='word_1_77' title='bbox 434 1696 544 1760; x_wconf 88' lang='lat' dir='ltr'>fuerint</span> <span class='ocrx_word' id='word_1_78' title='bbox 559 1701 629 1759; x_wconf 88' lang='lat' dir='ltr'>vota</span> <span class='ocrx_word' id='word_1_79' title='bbox 644 1699 755 1768; x_wconf 90' lang='lat' dir='ltr'>vestra,</span> <span class='ocrx_word' id='word_1_80' title='bbox 773 1696 853 1778; x_wconf 92' lang='lat' dir='ltr'>quod</span> <span class='ocrx_word' id='word_1_81' title='bbox 869 1697 946 1761; x_wconf 83' lang='lat' dir='ltr'>infra</span> <span class='ocrx_word' id='word_1_82' title='bbox 962 1697 1097 1780; x_wconf 87' lang='lat' dir='ltr'>spacium</span> <span class='ocrx_word' id='word_1_83' title='bbox 1112 1696 1198 1762; x_wconf 94' lang='lat' dir='ltr'>vobis</span> <span class='ocrx_word' id='word_1_84' title='bbox 1215 1718 1233 1761; x_wconf 91' lang='lat' dir='ltr'>a</span> <span class='ocrx_word' id='word_1_85' title='bbox 1250 1717 1368 1760; x_wconf 90' lang='lat' dir='ltr'>canone</span> <span class='ocrx_word' id='word_1_86' title='bbox 1385 1699 1505 1759; x_wconf 87' lang='lat' dir='ltr'>statutun</span> 
     </span>
     <span class='ocr_line' id='line_1_12' title="bbox 322 1805 1505 1889; baseline -0.001 -20"><span class='ocrx_word' id='word_1_87' title='bbox 322 1806 353 1869; x_wconf 92' lang='lat' dir='ltr'>in</span> <span class='ocrx_word' id='word_1_88' title='bbox 382 1805 496 1869; x_wconf 90' lang='lat' dir='ltr'>decano</span> <span class='ocrx_word' id='word_1_89' title='bbox 521 1805 651 1868; x_wconf 91' lang='lat' dir='ltr'>ecclesie</span> <span class='ocrx_word' id='word_1_90' title='bbox 672 1810 774 1868; x_wconf 87' lang='lat' dir='ltr'>vestre</span> <span class='ocrx_word' id='word_1_91' title='bbox 797 1806 919 1870; x_wconf 88' lang='lat' dir='ltr'>minime</span> <span class='ocrx_word' id='word_1_92' title='bbox 945 1807 984 1871; x_wconf 87' lang='lat' dir='ltr'>sit</span> <span class='ocrx_word' id='word_1_93' title='bbox 1007 1807 1169 1889; x_wconf 87' lang='lat' dir='ltr'>provisum.</span> <span class='ocrx_word' id='word_1_94' title='bbox 1203 1807 1276 1870; x_wconf 83' lang='lat' dir='ltr'>Cum</span> <span class='ocrx_word' id='word_1_95' title='bbox 1300 1806 1412 1888; x_wconf 88' lang='lat' dir='ltr'>igitur,</span> <span class='ocrx_word' id='word_1_96' title='bbox 1433 1805 1505 1870; x_wconf 80' lang='lat' dir='ltr'>alito</span> 
     </span>
     <span class='ocr_line' id='line_1_13' title="bbox 323 1915 1504 1999; baseline -0.005 -17"><span class='ocrx_word' id='word_1_97' title='bbox 323 1923 386 1989; x_wconf 85' lang='lat' dir='ltr'>cat,</span> <span class='ocrx_word' id='word_1_98' title='bbox 410 1920 441 1979; x_wconf 89' lang='lat' dir='ltr'>at</span> <span class='ocrx_word' id='word_1_99' title='bbox 462 1915 488 1979; x_wconf 87' lang='lat' dir='ltr'>si</span> <span class='ocrx_word' id='word_1_100' title='bbox 510 1915 690 1998; x_wconf 88' lang='lat' dir='ltr'>supradictis</span> <span class='ocrx_word' id='word_1_101' title='bbox 715 1915 826 1980; x_wconf 87' lang='lat' dir='ltr'>veritas</span> <span class='ocrx_word' id='word_1_102' title='bbox 852 1915 1048 1999; x_wconf 86' lang='lat' dir='ltr'>suffragatur,</span> <span class='ocrx_word' id='word_1_103' title='bbox 1081 1917 1245 1981; x_wconf 91' lang='lat' dir='ltr'>secundum</span> <span class='ocrx_word' id='word_1_104' title='bbox 1269 1917 1432 1980; x_wconf 86' lang='lat' dir='ltr'>canonicas</span> <span class='ocrx_word' id='word_1_105' title='bbox 1448 1934 1504 1976; x_wconf 91' lang='lat' dir='ltr'>san-</span> 
     </span>
     <span class='ocr_line' id='line_1_14' title="bbox 324 2025 1500 2115; baseline -0.007 -22"><span class='ocrx_word' id='word_1_106' title='bbox 324 2027 439 2093; x_wconf 88' lang='lat' dir='ltr'>ctiones</span> <span class='ocrx_word' id='word_1_107' title='bbox 456 2027 494 2090; x_wconf 92' lang='lat' dir='ltr'>ad</span> <span class='ocrx_word' id='word_1_108' title='bbox 510 2047 564 2090; x_wconf 91' lang='lat' dir='ltr'>uos</span> <span class='ocrx_word' id='word_1_109' title='bbox 581 2027 707 2090; x_wconf 85' lang='lat' dir='ltr'>decania</span> <span class='ocrx_word' id='word_1_110' title='bbox 724 2034 824 2091; x_wconf 89' lang='lat' dir='ltr'>vestre</span> <span class='ocrx_word' id='word_1_111' title='bbox 842 2028 881 2092; x_wconf 86' lang='lat' dir='ltr'>sit</span> <span class='ocrx_word' id='word_1_112' title='bbox 899 2028 937 2115; x_wconf 80' lang='lat' dir='ltr'>f)</span> <span class='ocrx_word' id='word_1_113' title='bbox 955 2028 1082 2093; x_wconf 91' lang='lat' dir='ltr'>donacio</span> <span class='ocrx_word' id='word_1_114' title='bbox 1101 2028 1250 2101; x_wconf 86' lang='lat' dir='ltr'>devoluta,</span> <span class='ocrx_word' id='word_1_115' title='bbox 1266 2031 1368 2111; x_wconf 91' lang='lat' dir='ltr'>ipsam</span> <span class='ocrx_word' id='word_1_116' title='bbox 1383 2025 1500 2110; x_wconf 90' lang='lat' dir='ltr'>predicto</span> 
     </span>
     <span class='ocr_line' id='line_1_15' title="bbox 322 2137 1505 2222; baseline -0.003 -21"><span class='ocrx_word' id='word_1_117' title='bbox 322 2137 492 2222; x_wconf 85' lang='lat' dir='ltr'>presbitero</span> <span class='ocrx_word' id='word_1_118' title='bbox 509 2137 688 2203; x_wconf 88' lang='lat' dir='ltr'>auctoritate</span> <span class='ocrx_word' id='word_1_119' title='bbox 705 2144 808 2202; x_wconf 83' lang='lat' dir='ltr'>nostra</span> <span class='ocrx_word' id='word_1_120' title='bbox 825 2138 960 2202; x_wconf 84' lang='lat' dir='ltr'>duximus</span> <span class='ocrx_word' id='word_1_121' title='bbox 984 2139 1216 2212; x_wconf 79' lang='lat' dir='ltr'>conterendam,</span> <span class='ocrx_word' id='word_1_122' title='bbox 1240 2137 1399 2202; x_wconf 91' lang='lat' dir='ltr'>dilectioni</span> <span class='ocrx_word' id='word_1_123' title='bbox 1420 2141 1505 2200; x_wconf 87' lang='lat' dir='ltr'>vestre</span> 
     </span>
     <span class='ocr_line' id='line_1_16' title="bbox 320 2244 1501 2331; baseline -0.006 -19"><span class='ocrx_word' id='word_1_124' title='bbox 320 2248 508 2330; x_wconf 85' lang='lat' dir='ltr'>mandantes,</span> <span class='ocrx_word' id='word_1_125' title='bbox 518 2251 663 2330; x_wconf 90' lang='lat' dir='ltr'>quatenus</span> <span class='ocrx_word' id='word_1_126' title='bbox 676 2246 784 2330; x_wconf 89' lang='lat' dir='ltr'>ipsum,</span> <span class='ocrx_word' id='word_1_127' title='bbox 798 2247 824 2310; x_wconf 89' lang='lat' dir='ltr'>si</span> <span class='ocrx_word' id='word_1_128' title='bbox 837 2247 910 2310; x_wconf 90' lang='lat' dir='ltr'>alias</span> <span class='ocrx_word' id='word_1_129' title='bbox 926 2252 973 2312; x_wconf 90' lang='lat' dir='ltr'>est</span> <span class='ocrx_word' id='word_1_130' title='bbox 985 2248 1131 2331; x_wconf 83' lang='lat' dir='ltr'>ydoneus,</span> <span class='ocrx_word' id='word_1_131' title='bbox 1145 2252 1195 2311; x_wconf 88' lang='lat' dir='ltr'>aut</span> <span class='ocrx_word' id='word_1_132' title='bbox 1209 2249 1234 2311; x_wconf 93' lang='lat' dir='ltr'>si</span> <span class='ocrx_word' id='word_1_133' title='bbox 1248 2248 1427 2312; x_wconf 85' lang='lat' dir='ltr'>canonicum</span> <span class='ocrx_word' id='word_1_134' title='bbox 1438 2244 1501 2308; x_wconf 86' lang='lat' dir='ltr'>aliud</span> 
     </span>
     <span class='ocr_line' id='line_1_17' title="bbox 322 2355 1498 2438; baseline -0.002 -18"><span class='ocrx_word' id='word_1_135' title='bbox 322 2379 380 2423; x_wconf 92' lang='lat' dir='ltr'>non</span> <span class='ocrx_word' id='word_1_136' title='bbox 397 2356 534 2429; x_wconf 90' lang='lat' dir='ltr'>obsistat,</span> <span class='ocrx_word' id='word_1_137' title='bbox 550 2355 715 2438; x_wconf 90' lang='lat' dir='ltr'>recipiatis,</span> <span class='ocrx_word' id='word_1_138' title='bbox 733 2362 763 2420; x_wconf 89' lang='lat' dir='ltr'>et</span> <span class='ocrx_word' id='word_1_139' title='bbox 780 2359 857 2422; x_wconf 89' lang='lat' dir='ltr'>sicut</span> <span class='ocrx_word' id='word_1_140' title='bbox 874 2357 990 2421; x_wconf 90' lang='lat' dir='ltr'>decano</span> <span class='ocrx_word' id='word_1_141' title='bbox 1016 2357 1148 2421; x_wconf 84' lang='lat' dir='ltr'>debitam</span> <span class='ocrx_word' id='word_1_142' title='bbox 1172 2356 1384 2422; x_wconf 88' lang='lat' dir='ltr'>obedienciam</span> <span class='ocrx_word' id='word_1_143' title='bbox 1401 2355 1498 2418; x_wconf 83' lang='lat' dir='ltr'>tacien-</span> 
     </span>
     <span class='ocr_line' id='line_1_18' title="bbox 322 2464 1498 2540; baseline -0.002 -10"><span class='ocrx_word' id='word_1_144' title='bbox 322 2472 386 2540; x_wconf 90' lang='lat' dir='ltr'>tes,</span> <span class='ocrx_word' id='word_1_145' title='bbox 416 2464 536 2530; x_wconf 84' lang='lat' dir='ltr'>exibere</span> <span class='ocrx_word' id='word_1_146' title='bbox 572 2465 684 2529; x_wconf 85' lang='lat' dir='ltr'>curetis</span> <span class='ocrx_word' id='word_1_147' title='bbox 709 2465 807 2529; x_wconf 92' lang='lat' dir='ltr'>eidem</span> <span class='ocrx_word' id='word_1_148' title='bbox 839 2467 1038 2532; x_wconf 87' lang='lat' dir='ltr'>omnimodam</span> <span class='ocrx_word' id='word_1_149' title='bbox 1061 2465 1268 2532; x_wconf 89' lang='lat' dir='ltr'>reverenciam</span> <span class='ocrx_word' id='word_1_150' title='bbox 1300 2472 1332 2532; x_wconf 89' lang='lat' dir='ltr'>et</span> <span class='ocrx_word' id='word_1_151' title='bbox 1362 2466 1498 2531; x_wconf 87' lang='lat' dir='ltr'>honorem.</span> 
     </span>
    </p>
   </div>
   <div class='ocr_carea' id='block_1_5' title="bbox 729 2705 1109 2773">
    <p class='ocr_par' dir='ltr' id='par_1_5' title="bbox 729 2705 1109 2773">
     <span class='ocr_line' id='line_1_19' title="bbox 729 2705 1109 2773; baseline 0.005 -5"><span class='ocrx_word' id='word_1_152' title='bbox 729 2706 832 2772; x_wconf 72' lang='lat' dir='ltr'>horne</span> <span class='ocrx_word' id='word_1_153' title='bbox 848 2705 1004 2772; x_wconf 68' lang='lat' dir='ltr'>locutoria</span> <span class='ocrx_word' id='word_1_154' title='bbox 1021 2726 1109 2773; x_wconf 87' lang='lat' dir='ltr'>mere.</span> 
     </span>
    </p>
   </div>
   <div class='ocr_carea' id='block_1_6' title="bbox 255 2885 1502 4190">
    <p class='ocr_par' dir='ltr' id='par_1_6' title="bbox 255 2885 1502 4190">
     <span class='ocr_line' id='line_1_20' title="bbox 414 2885 1501 2972; baseline -0.002 -22"><span class='ocrx_word' id='word_1_155' title='bbox 414 2885 577 2969; x_wconf 84' lang='lat' dir='ltr'>Gregorius</span> <span class='ocrx_word' id='word_1_156' title='bbox 595 2885 754 2972; x_wconf 88' lang='lat' dir='ltr'>episcopus</span> <span class='ocrx_word' id='word_1_157' title='bbox 772 2907 877 2951; x_wconf 85' lang='lat' dir='ltr'>servus</span> <span class='ocrx_word' id='word_1_158' title='bbox 894 2907 1047 2951; x_wconf 90' lang='lat' dir='ltr'>servorum</span> <span class='ocrx_word' id='word_1_159' title='bbox 1059 2887 1117 2950; x_wconf 88' lang='lat' dir='ltr'>Dei</span> <span class='ocrx_word' id='word_1_160' title='bbox 1132 2886 1184 2951; x_wconf 94' lang='lat' dir='ltr'>tali</span> <span class='ocrx_word' id='word_1_161' title='bbox 1202 2889 1334 2952; x_wconf 87' lang='lat' dir='ltr'>ecclesie</span> <span class='ocrx_word' id='word_1_162' title='bbox 1349 2890 1501 2953; x_wconf 83' lang='lat' dir='ltr'>salutemet</span> 
     </span>
     <span class='ocr_line' id='line_1_21' title="bbox 322 2995 1499 3081; baseline -0.002 -23"><span class='ocrx_word' id='word_1_163' title='bbox 322 2996 517 3078; x_wconf 86' lang='lat' dir='ltr'>apostolicam</span> <span class='ocrx_word' id='word_1_164' title='bbox 531 2995 781 3060; x_wconf 88' lang='lat' dir='ltr'>benedictionem.</span> <span class='ocrx_word' id='word_1_165' title='bbox 814 2997 1058 3080; x_wconf 71' lang='lat' dir='ltr'>coapostolatus</span> <span class='ocrx_word' id='word_1_166' title='bbox 1080 2997 1175 3061; x_wconf 90' lang='lat' dir='ltr'>nostri</span> <span class='ocrx_word' id='word_1_167' title='bbox 1198 2997 1390 3062; x_wconf 89' lang='lat' dir='ltr'>audienciam</span> <span class='ocrx_word' id='word_1_168' title='bbox 1406 2997 1499 3081; x_wconf 87' lang='lat' dir='ltr'>pluries</span> 
     </span>
     <span class='ocr_line' id='line_1_22' title="bbox 322 3104 1501 3191; baseline -0.001 -22"><span class='ocrx_word' id='word_1_169' title='bbox 322 3107 382 3170; x_wconf 89' lang='lat' dir='ltr'>iam</span> <span class='ocrx_word' id='word_1_170' title='bbox 397 3105 550 3190; x_wconf 90' lang='lat' dir='ltr'>pervenit,</span> <span class='ocrx_word' id='word_1_171' title='bbox 574 3107 703 3188; x_wconf 88' lang='lat' dir='ltr'>qualiter</span> <span class='ocrx_word' id='word_1_172' title='bbox 731 3105 849 3172; x_wconf 87' lang='lat' dir='ltr'>scilicet</span> <span class='ocrx_word' id='word_1_173' title='bbox 871 3114 941 3191; x_wconf 87' lang='lat' dir='ltr'>post</span> <span class='ocrx_word' id='word_1_174' title='bbox 966 3108 1125 3180; x_wconf 89' lang='lat' dir='ltr'>decessum</span> <span class='ocrx_word' id='word_1_175' title='bbox 1146 3105 1225 3172; x_wconf 80' lang='lat' dir='ltr'>bone</span> <span class='ocrx_word' id='word_1_176' title='bbox 1248 3109 1395 3173; x_wconf 91' lang='lat' dir='ltr'>memorie</span> <span class='ocrx_word' id='word_1_177' title='bbox 1412 3104 1501 3172; x_wconf 90' lang='lat' dir='ltr'>donini</span> 
     </span>
     <span class='ocr_line' id='line_1_23' title="bbox 324 3213 1500 3306; baseline 0 -25"><span class='ocrx_word' id='word_1_178' title='bbox 324 3217 360 3281; x_wconf 85' lang='lat' dir='ltr'>G.</span> <span class='ocrx_word' id='word_1_179' title='bbox 375 3217 416 3304; x_wconf 75' lang='lat'>9)</span> <span class='ocrx_word' id='word_1_180' title='bbox 432 3215 613 3280; x_wconf 89' lang='lat' dir='ltr'>venerabilis</span> <span class='ocrx_word' id='word_1_181' title='bbox 636 3216 770 3299; x_wconf 88' lang='lat' dir='ltr'>episcopi</span> <span class='ocrx_word' id='word_1_182' title='bbox 785 3215 844 3305; x_wconf 82' lang='lat' dir='ltr'>d),</span> <span class='ocrx_word' id='word_1_183' title='bbox 868 3218 963 3283; x_wconf 90' lang='lat' dir='ltr'>divisa</span> <span class='ocrx_word' id='word_1_184' title='bbox 976 3219 1036 3281; x_wconf 91' lang='lat' dir='ltr'>sint</span> <span class='ocrx_word' id='word_1_185' title='bbox 1051 3223 1082 3282; x_wconf 90' lang='lat' dir='ltr'>et</span> <span class='ocrx_word' id='word_1_186' title='bbox 1096 3217 1133 3282; x_wconf 88' lang='lat' dir='ltr'>ab</span> <span class='ocrx_word' id='word_1_187' title='bbox 1140 3215 1277 3306; x_wconf 59' lang='lat' dir='ltr'>{invicem</span> <span class='ocrx_word' id='word_1_188' title='bbox 1293 3218 1462 3302; x_wconf 89' lang='lat' dir='ltr'>discrepent</span> <span class='ocrx_word' id='word_1_189' title='bbox 1475 3213 1500 3303; x_wconf 63' lang='grc' dir='ltr'>τ)</span> 
     </span>
     <span class='ocr_line' id='line_1_24' title="bbox 255 3328 1500 3424; baseline -0.002 -33"><span class='ocrx_word' id='word_1_190' title='bbox 255 3368 260 3374; x_wconf 94' lang='grc'>-</span> <span class='ocrx_word' id='word_1_191' title='bbox 322 3333 392 3394; x_wconf 89' lang='lat' dir='ltr'>vota</span> <span class='ocrx_word' id='word_1_192' title='bbox 414 3333 532 3401; x_wconf 89' lang='lat' dir='ltr'>vestra,</span> <span class='ocrx_word' id='word_1_193' title='bbox 559 3329 600 3393; x_wconf 91' lang='lat' dir='ltr'>ita</span> <span class='ocrx_word' id='word_1_194' title='bbox 617 3328 696 3424; x_wconf 79' lang='lat' dir='ltr'>quod</span> <span class='ocrx_word' id='word_1_195' title='bbox 723 3330 753 3392; x_wconf 94' lang='lat' dir='ltr'>in</span> <span class='ocrx_word' id='word_1_196' title='bbox 782 3328 920 3412; x_wconf 90' lang='lat' dir='ltr'>eligendo</span> <span class='ocrx_word' id='word_1_197' title='bbox 936 3334 1088 3412; x_wconf 88' lang='lat' dir='ltr'>pastorem</span> <span class='ocrx_word' id='word_1_198' title='bbox 1110 3334 1261 3414; x_wconf 89' lang='lat' dir='ltr'>nequeant</span> <span class='ocrx_word' id='word_1_199' title='bbox 1284 3330 1425 3402; x_wconf 89' lang='lat' dir='ltr'>counari‚</span> <span class='ocrx_word' id='word_1_200' title='bbox 1445 3329 1500 3390; x_wconf 88' lang='lat' dir='ltr'>licet</span> 
     </span>
     <span class='ocr_line' id='line_1_25' title="bbox 324 3437 1501 3523; baseline -0.003 -19"><span class='ocrx_word' id='word_1_201' title='bbox 324 3439 488 3505; x_wconf 84' lang='lat' dir='ltr'>secundum</span> <span class='ocrx_word' id='word_1_202' title='bbox 509 3443 652 3505; x_wconf 91' lang='lat' dir='ltr'>statutum</span> <span class='ocrx_word' id='word_1_203' title='bbox 675 3439 794 3504; x_wconf 92' lang='lat' dir='ltr'>concilii</span> <span class='ocrx_word' id='word_1_204' title='bbox 817 3441 968 3523; x_wconf 86' lang='lat' dir='ltr'>generalis</span> <span class='ocrx_word' id='word_1_205' title='bbox 990 3440 1022 3504; x_wconf 90' lang='lat' dir='ltr'>id</span> <span class='ocrx_word' id='word_1_206' title='bbox 1046 3440 1193 3505; x_wconf 92' lang='lat' dir='ltr'>nonnullis</span> <span class='ocrx_word' id='word_1_207' title='bbox 1222 3438 1341 3504; x_wconf 92' lang='lat' dir='ltr'>vicibus</span> <span class='ocrx_word' id='word_1_208' title='bbox 1360 3439 1446 3505; x_wconf 84' lang='lat' dir='ltr'>luerit</span> <span class='ocrx_word' id='word_1_209' title='bbox 1459 3437 1501 3502; x_wconf 89' lang='lat' dir='ltr'>ad·</span> 
     </span>
     <span class='ocr_line' id='line_1_26' title="bbox 324 3547 1502 3639; baseline -0.004 -25"><span class='ocrx_word' id='word_1_210' title='bbox 324 3555 509 3634; x_wconf 89' lang='lat' dir='ltr'>temptatum.</span> <span class='ocrx_word' id='word_1_211' title='bbox 528 3551 566 3614; x_wconf 88' lang='lat' dir='ltr'>Et</span> <span class='ocrx_word' id='word_1_212' title='bbox 580 3549 720 3633; x_wconf 87' lang='lat' dir='ltr'>quoniam</span> <span class='ocrx_word' id='word_1_213' title='bbox 732 3549 772 3639; x_wconf 73' lang='lat' dir='ltr'>lc)</span> <span class='ocrx_word' id='word_1_214' title='bbox 785 3556 902 3634; x_wconf 90' lang='lat' dir='ltr'>tempus</span> <span class='ocrx_word' id='word_1_215' title='bbox 916 3556 1058 3616; x_wconf 90' lang='lat' dir='ltr'>statutum</span> <span class='ocrx_word' id='word_1_216' title='bbox 1065 3550 1151 3615; x_wconf 92' lang='lat' dir='ltr'>vobis</span> <span class='ocrx_word' id='word_1_217' title='bbox 1165 3571 1182 3614; x_wconf 94' lang='lat' dir='ltr'>a</span> <span class='ocrx_word' id='word_1_218' title='bbox 1195 3571 1322 3625; x_wconf 88' lang='lat' dir='ltr'>canone,</span> <span class='ocrx_word' id='word_1_219' title='bbox 1335 3556 1423 3635; x_wconf 86' lang='lat' dir='ltr'>prout</span> <span class='ocrx_word' id='word_1_220' title='bbox 1431 3547 1502 3612; x_wconf 86' lang='lat' dir='ltr'>intel-</span> 
     </span>
     <span class='ocr_line' id='line_1_27' title="bbox 323 3655 1500 3745; baseline -0.005 -21"><span class='ocrx_word' id='word_1_221' title='bbox 323 3661 458 3732; x_wconf 74' lang='lat' dir='ltr'>lenimus,</span> <span class='ocrx_word' id='word_1_222' title='bbox 484 3665 531 3724; x_wconf 88' lang='lat' dir='ltr'>est</span> <span class='ocrx_word' id='word_1_223' title='bbox 553 3660 686 3743; x_wconf 89' lang='lat' dir='ltr'>elapsum</span> <span class='ocrx_word' id='word_1_224' title='bbox 714 3665 746 3724; x_wconf 88' lang='lat' dir='ltr'>et</span> <span class='ocrx_word' id='word_1_225' title='bbox 767 3661 806 3724; x_wconf 87' lang='lat' dir='ltr'>ad</span> <span class='ocrx_word' id='word_1_226' title='bbox 828 3682 882 3725; x_wconf 92' lang='lat' dir='ltr'>nos</span> <span class='ocrx_word' id='word_1_227' title='bbox 912 3661 1046 3726; x_wconf 90' lang='lat' dir='ltr'>eiusdem</span> <span class='ocrx_word' id='word_1_228' title='bbox 1081 3661 1212 3726; x_wconf 88' lang='lat' dir='ltr'>ecclesie</span> <span class='ocrx_word' id='word_1_229' title='bbox 1237 3682 1273 3724; x_wconf 85' lang='lat' dir='ltr'>cx</span> <span class='ocrx_word' id='word_1_230' title='bbox 1294 3661 1356 3726; x_wconf 93' lang='lat' dir='ltr'>hoc</span> <span class='ocrx_word' id='word_1_231' title='bbox 1389 3655 1500 3745; x_wconf 91' lang='lat' dir='ltr'>provisio</span> 
     </span>
     <span class='ocr_line' id='line_1_28' title="bbox 326 3763 1502 3857; baseline -0.009 -22"><span class='ocrx_word' id='word_1_232' title='bbox 326 3773 480 3843; x_wconf 87' lang='lat' dir='ltr'>devoluta,</span> <span class='ocrx_word' id='word_1_233' title='bbox 508 3771 643 3835; x_wconf 88' lang='lat' dir='ltr'>volentes</span> <span class='ocrx_word' id='word_1_234' title='bbox 673 3770 761 3854; x_wconf 89' lang='lat' dir='ltr'>gregi</span> <span class='ocrx_word' id='word_1_235' title='bbox 788 3770 937 3836; x_wconf 91' lang='lat' dir='ltr'>dominico</span> <span class='ocrx_word' id='word_1_236' title='bbox 964 3771 1134 3855; x_wconf 88' lang='lat' dir='ltr'>provideri,</span> <span class='ocrx_word' id='word_1_237' title='bbox 1163 3771 1213 3857; x_wconf 91' lang='lat' dir='ltr'>qui</span> <span class='ocrx_word' id='word_1_238' title='bbox 1242 3792 1345 3835; x_wconf 90' lang='lat' dir='ltr'>sumus</span> <span class='ocrx_word' id='word_1_239' title='bbox 1375 3791 1409 3834; x_wconf 82' lang='lat' dir='ltr'>ex</span> <span class='ocrx_word' id='word_1_240' title='bbox 1430 3763 1502 3832; x_wconf 85' lang='lat' dir='ltr'>officii</span> 
     </span>
     <span class='ocr_line' id='line_1_29' title="bbox 323 3873 1502 3966; baseline -0.009 -18"><span class='ocrx_word' id='word_1_241' title='bbox 323 3882 482 3966; x_wconf 88' lang='lat' dir='ltr'>pastoralis</span> <span class='ocrx_word' id='word_1_242' title='bbox 511 3873 614 3945; x_wconf 86' lang='lat' dir='ltr'>debito</span> <span class='ocrx_word' id='word_1_243' title='bbox 642 3881 680 3944; x_wconf 92' lang='lat' dir='ltr'>ad</span> <span class='ocrx_word' id='word_1_244' title='bbox 707 3882 880 3964; x_wconf 89' lang='lat' dir='ltr'>generalem</span> <span class='ocrx_word' id='word_1_245' title='bbox 902 3883 966 3945; x_wconf 87' lang='lat' dir='ltr'>eius</span> <span class='ocrx_word' id='word_1_246' title='bbox 991 3883 1159 3947; x_wconf 90' lang='lat' dir='ltr'>custodiam</span> <span class='ocrx_word' id='word_1_247' title='bbox 1182 3881 1335 3964; x_wconf 88' lang='lat' dir='ltr'>deputati,</span> <span class='ocrx_word' id='word_1_248' title='bbox 1357 3901 1395 3944; x_wconf 91' lang='lat' dir='ltr'>ne</span> <span class='ocrx_word' id='word_1_249' title='bbox 1420 3877 1502 3964; x_wconf 66' lang='lat' dir='ltr'>Osce</span> 
     </span>
     <span class='ocr_line' id='line_1_30' title="bbox 322 3989 1501 4073; baseline -0.008 -17"><span class='ocrx_word' id='word_1_250' title='bbox 322 3991 474 4056; x_wconf 89' lang='lat' dir='ltr'>viduitatis</span> <span class='ocrx_word' id='word_1_251' title='bbox 504 3990 640 4054; x_wconf 84' lang='lat' dir='ltr'>diuturna</span> <span class='ocrx_word' id='word_1_252' title='bbox 665 3991 782 4055; x_wconf 90' lang='lat' dir='ltr'>senciat</span> <span class='ocrx_word' id='word_1_253' title='bbox 810 3991 1005 4064; x_wconf 87' lang='lat' dir='ltr'>detrimenta,</span> <span class='ocrx_word' id='word_1_254' title='bbox 1029 4013 1096 4056; x_wconf 90' lang='lat' dir='ltr'>cum</span> <span class='ocrx_word' id='word_1_255' title='bbox 1122 3995 1296 4073; x_wconf 87' lang='lat' dir='ltr'>protectore</span> <span class='ocrx_word' id='word_1_256' title='bbox 1324 3989 1453 4072; x_wconf 87' lang='lat' dir='ltr'>indigeat</span> <span class='ocrx_word' id='word_1_257' title='bbox 1474 4003 1501 4047; x_wconf 86' lang='lat' dir='ltr'>ac</span> 
     </span>
     <span class='ocr_line' id='line_1_31' title="bbox 322 4094 1496 4190; baseline -0.009 -26"><span class='ocrx_word' id='word_1_258' title='bbox 322 4107 452 4175; x_wconf 84' lang='lat' dir='ltr'>rectore,</span> <span class='ocrx_word' id='word_1_259' title='bbox 469 4100 567 4164; x_wconf 91' lang='lat' dir='ltr'>eidem</span> <span class='ocrx_word' id='word_1_260' title='bbox 582 4100 613 4163; x_wconf 96' lang='lat' dir='ltr'>in</span> <span class='ocrx_word' id='word_1_261' title='bbox 628 4119 760 4184; x_wconf 84' lang='lat' dir='ltr'>persona</span> <span class='ocrx_word' id='word_1_262' title='bbox 776 4099 879 4163; x_wconf 89' lang='lat' dir='ltr'>dilecti</span> <span class='ocrx_word' id='word_1_263' title='bbox 895 4099 946 4162; x_wconf 90' lang='lat' dir='ltr'>tilii</span> <span class='ocrx_word' id='word_1_264' title='bbox 963 4103 1009 4190; x_wconf 82' lang='lat' dir='ltr'>m)</span> <span class='ocrx_word' id='word_1_265' title='bbox 1028 4099 1165 4165; x_wconf 86' lang='lat' dir='ltr'>canonici</span> <span class='ocrx_word' id='word_1_266' title='bbox 1180 4099 1248 4164; x_wconf 91' lang='lat' dir='ltr'>talis</span> <span class='ocrx_word' id='word_1_267' title='bbox 1267 4098 1412 4171; x_wconf 89' lang='lat' dir='ltr'>ecclesie,</span> <span class='ocrx_word' id='word_1_268' title='bbox 1429 4094 1496 4160; x_wconf 89' lang='lat' dir='ltr'>cuius</span> 
     </span>
    </p>
   </div>
   <div class='ocr_carea' id='block_1_7' title="bbox 323 4313 1503 4685">
    <p class='ocr_par' dir='ltr' id='par_1_7' title="bbox 323 4313 1503 4685">
     <span class='ocr_line' id='line_1_32' title="bbox 416 4313 1503 4392; baseline 0.001 -22"><span class='ocrx_word' id='word_1_269' title='bbox 416 4317 450 4382; x_wconf 82' lang='lat' dir='ltr'>a)</span> <span class='ocrx_word' id='word_1_270' title='bbox 465 4319 627 4372; x_wconf 85' lang='lat' dir='ltr'>movencium</span> <span class='ocrx_word' id='word_1_271' title='bbox 641 4320 670 4373; x_wconf 93' lang='lat' dir='ltr'>V.</span> <span class='ocrx_word' id='word_1_272' title='bbox 686 4350 717 4366; x_wconf 82' lang='lat'>·-</span> <span class='ocrx_word' id='word_1_273' title='bbox 733 4317 764 4386; x_wconf 87' lang='lat' dir='ltr'>b)</span> <span class='ocrx_word' id='word_1_274' title='bbox 781 4319 833 4373; x_wconf 84' lang='lat' dir='ltr'>tale</span> <span class='ocrx_word' id='word_1_275' title='bbox 848 4337 963 4392; x_wconf 86' lang='lat' dir='ltr'>persone</span> <span class='ocrx_word' id='word_1_276' title='bbox 976 4337 1092 4392; x_wconf 85' lang='lat' dir='ltr'>persone</span> <span class='ocrx_word' id='word_1_277' title='bbox 1105 4320 1133 4376; x_wconf 84' lang='lat' dir='ltr'>V.</span> <span class='ocrx_word' id='word_1_278' title='bbox 1152 4351 1179 4361; x_wconf 87' lang='lat'>-</span> <span class='ocrx_word' id='word_1_279' title='bbox 1196 4321 1229 4390; x_wconf 87' lang='lat' dir='ltr'>c)</span> <span class='ocrx_word' id='word_1_280' title='bbox 1244 4318 1407 4375; x_wconf 87' lang='lat' dir='ltr'>Pataviansis</span> <span class='ocrx_word' id='word_1_281' title='bbox 1419 4317 1443 4371; x_wconf 82' lang='lat' dir='ltr'>Z.</span> <span class='ocrx_word' id='word_1_282' title='bbox 1463 4313 1503 4385; x_wconf 72' lang='lat' dir='ltr'>(Es</span> 
     </span>
     <span class='ocr_line' id='line_1_33' title="bbox 325 4403 1502 4482; baseline 0.002 -19"><span class='ocrx_word' id='word_1_283' title='bbox 325 4410 382 4482; x_wconf 85' lang='lat' dir='ltr'>gibt</span> <span class='ocrx_word' id='word_1_284' title='bbox 396 4409 497 4481; x_wconf 88' lang='lat' dir='ltr'>jedoch</span> <span class='ocrx_word' id='word_1_285' title='bbox 514 4411 554 4464; x_wconf 86' lang='lat' dir='ltr'>bis</span> <span class='ocrx_word' id='word_1_286' title='bbox 573 4427 630 4466; x_wconf 78' lang='lat' dir='ltr'>aum</span> <span class='ocrx_word' id='word_1_287' title='bbox 650 4411 675 4466; x_wconf 81' lang='lat' dir='ltr'>l.</span> <span class='ocrx_word' id='word_1_288' title='bbox 690 4409 763 4464; x_wconf 73' lang='lat'>1479</span> <span class='ocrx_word' id='word_1_289' title='bbox 779 4411 874 4466; x_wconf 82' lang='lat' dir='ltr'>hainen</span> <span class='ocrx_word' id='word_1_290' title='bbox 892 4414 1025 4468; x_wconf 79' lang='lat' dir='ltr'>Passauer</span> <span class='ocrx_word' id='word_1_291' title='bbox 1044 4413 1155 4468; x_wconf 81' lang='lat' dir='ltr'>Biachof</span> <span class='ocrx_word' id='word_1_292' title='bbox 1170 4413 1285 4468; x_wconf 81' lang='lat' dir='ltr'>Namens</span> <span class='ocrx_word' id='word_1_293' title='bbox 1308 4403 1462 4480; x_wconf 78' lang='lat' dir='ltr'>Friedrich.)</span> <span class='ocrx_word' id='word_1_294' title='bbox 1476 4433 1502 4446; x_wconf 91' lang='lat'>·-</span> 
     </span>
     <span class='ocr_line' id='line_1_34' title="bbox 324 4499 1503 4578; baseline -0.003 -23"><span class='ocrx_word' id='word_1_295' title='bbox 324 4501 359 4571; x_wconf 85' lang='lat' dir='ltr'>d)</span> <span class='ocrx_word' id='word_1_296' title='bbox 372 4502 514 4573; x_wconf 82' lang='lat' dir='ltr'>presbiteri</span> <span class='ocrx_word' id='word_1_297' title='bbox 528 4502 636 4572; x_wconf 87' lang='lat' dir='ltr'>Z.-e)</span> <span class='ocrx_word' id='word_1_298' title='bbox 651 4501 703 4557; x_wconf 88' lang='lat' dir='ltr'>sic!</span> <span class='ocrx_word' id='word_1_299' title='bbox 721 4534 748 4543; x_wconf 94' lang='lat'><em>-</em></span> <span class='ocrx_word' id='word_1_300' title='bbox 757 4502 789 4574; x_wconf 79' lang='lat' dir='ltr'>f)</span> <span class='ocrx_word' id='word_1_301' title='bbox 804 4504 838 4558; x_wconf 84' lang='lat' dir='ltr'>sit</span> <span class='ocrx_word' id='word_1_302' title='bbox 850 4505 918 4558; x_wconf 86' lang='lat' dir='ltr'>fehlt</span> <span class='ocrx_word' id='word_1_303' title='bbox 931 4505 959 4560; x_wconf 88' lang='lat' dir='ltr'>V.</span> <span class='ocrx_word' id='word_1_304' title='bbox 971 4506 1007 4578; x_wconf 78' lang='lat' dir='ltr'>q)</span> <span class='ocrx_word' id='word_1_305' title='bbox 1022 4505 1049 4560; x_wconf 90' lang='lat' dir='ltr'>B.</span> <span class='ocrx_word' id='word_1_306' title='bbox 1059 4506 1084 4560; x_wconf 91' lang='lat' dir='ltr'>Z.</span> <span class='ocrx_word' id='word_1_307' title='bbox 1101 4536 1131 4546; x_wconf 97' lang='lat'><em>-</em></span> <span class='ocrx_word' id='word_1_308' title='bbox 1146 4505 1180 4577; x_wconf 87' lang='lat' dir='ltr'>h)</span> <span class='ocrx_word' id='word_1_309' title='bbox 1194 4499 1273 4562; x_wconf 79' lang='lat' dir='ltr'>vestri</span> <span class='ocrx_word' id='word_1_310' title='bbox 1288 4507 1314 4560; x_wconf 81' lang='grc' dir='ltr'>Ζ.</span> <span class='ocrx_word' id='word_1_311' title='bbox 1325 4504 1391 4574; x_wconf 82' lang='lat' dir='ltr'>-i)</span> <span class='ocrx_word' id='word_1_312' title='bbox 1405 4502 1503 4556; x_wconf 84' lang='lat' dir='ltr'>disere·</span> 
     </span>
     <span class='ocr_line' id='line_1_35' title="bbox 323 4593 1047 4685; baseline 0.004 -37"><span class='ocrx_word' id='word_1_313' title='bbox 323 4593 506 4665; x_wconf 72' lang='lat' dir='ltr'>pantu-v)</span> <span class='ocrx_word' id='word_1_314' title='bbox 520 4595 623 4665; x_wconf 87' lang='lat' dir='ltr'>quando</span> <span class='ocrx_word' id='word_1_315' title='bbox 636 4595 666 4649; x_wconf 85' lang='lat' dir='ltr'>V.</span> <span class='ocrx_word' id='word_1_316' title='bbox 680 4623 716 4634; x_wconf 91' lang='lat'><em>-</em></span> <span class='ocrx_word' id='word_1_317' title='bbox 728 4596 753 4664; x_wconf 87' lang='lat' dir='ltr'>l)</span> <span class='ocrx_word' id='word_1_318' title='bbox 768 4612 816 4650; x_wconf 87' lang='lat' dir='ltr'>nco</span> <span class='ocrx_word' id='word_1_319' title='bbox 828 4596 857 4685; x_wconf 42' lang='lat' dir='ltr'>V..</span> <span class='ocrx_word' id='word_1_320' title='bbox 870 4596 950 4665; x_wconf 88' lang='lat' dir='ltr'>-m)</span> <span class='ocrx_word' id='word_1_321' title='bbox 970 4596 1001 4652; x_wconf 91' lang='lat' dir='ltr'>N.</span> <span class='ocrx_word' id='word_1_322' title='bbox 1016 4598 1047 4652; x_wconf 66' lang='lat' dir='ltr'>z,</span> 
     </span>
    </p>
   </div>
   <div class='ocr_carea' id='block_1_8' title="bbox 0 0 1588 5124">
    <p class='ocr_par' dir='ltr' id='par_1_8' title="bbox 0 0 1588 5124">
     <span class='ocr_line' id='line_1_36' title="bbox 0 0 1588 5124; baseline 0 0"><span class='ocrx_word' id='word_1_323' title='bbox 0 0 1588 5124; x_wconf 95' lang='lat' dir='ltr'> </span> 
     </span>
    </p>
   </div>
  </div>
 </body>
</html>
