3096 5128
243 337 323 409 444
422 315 425 321 ’

239 511 478 595 perquirentem,
500 512 645 580 dilectum
666 513 758 576 lilium
778 514 814 576 N.
832 511 1081 594 penitenciarium
1099 516 1254 580 nostrum,
1278 510 1443 594 pollentem

241 620 381 703 operibus
398 623 578 695 sanctitatis,
602 624 641 687 ad
657 643 711 688 vos
728 622 819 692 misit,
843 621 1083 707 spiritus-,sancti
1100 621 1204 703 gracia
1220 619 1442 690 commitatum,

242 735 275 794 ut
290 731 355 812 ipso
372 731 458 793 vobis
474 751 583 813 panem
600 732 775 815 angelorum
793 730 986 794 laudabiliter
1002 731 1234 812 confringente,
1251 728 1321 791 fidei
1339 731 1443 792 vestre

241 839 354 922 puritas
370 839 448 902 illius
466 847 552 921 pastu
569 840 724 904 salutifero
740 840 879 903 aleretur.
907 841 943 902 ut
962 859 1015 901 vos
1034 839 1154 924 quidem
1171 837 1232 924 a),
1257 841 1289 899 ut
1312 837 1445 900 letantes

242 947 422 1020 audivimus,
442 949 609 1032 predictum
626 951 748 1012 fratrem
765 949 948 1032 recipientes
965 949 997 1010 in
1013 947 1122 1030 spiritu
1139 945 1315 1009 reverencie
1332 943 1445 1013 filialis.

242 1057 385 1121 hltissinri
402 1058 526 1122 verbum
550 1080 585 1122 ex
602 1079 655 1121 ore
672 1079 727 1122 suo
744 1057 861 1122 devotis
879 1057 1031 1121 mentibus
1048 1062 1079 1120 et
1096 1057 1193 1121 avidis
1209 1055 1336 1120 auribus
1356 1053 1447 1118 audi-

243 1165 346 1238 vistis,
363 1167 507 1232 viciorum
524 1169 667 1249 contagia
684 1173 714 1230 et
731 1185 891 1230 usurarum
908 1165 1086 1249 opprobria,
1105 1164 1218 1248 quihus
1240 1169 1323 1227 terra
1343 1167 1446 1224 vestra
1546 1199 1547 1202 =

243 1275 331 1347 olim,
353 1273 425 1339 licet
445 1275 530 1339 vobis
554 1275 741 1347 dolentibus,
764 1274 878 1340 exstitit
907 1275 1066 1345 infamata,
1095 1273 1230 1337 totaliter
1252 1273 1445 1336 abdicantes.
1546 1343 1547 1346 Ἴ

243 1384 339 1458 Unde,
353 1406 527 1471 quesumus,
539 1406 687 1450 memores
705 1386 879 1456 existentes,
895 1385 974 1471 quod
987 1384 1086 1448 omnia
1102 1386 1182 1449 sicut
1198 1383 1305 1448 umbra
1322 1391 1447 1466 preter-

244 1499 316 1558 4444
333 1500 363 1558 44
376 1493 466 1558 nichil
484 1495 514 1556 in
532 1494 644 1558 divitiis
661 1493 809 1558 retinetur
826 1501 929 1576 preter
946 1494 986 1566 id,
1006 1494 1087 1577 quod
1109 1494 1141 1557 in
1164 1493 1294 1557 celestes
1317 1492 1448 1556 thesau-

245 1625 295 1669 ros
312 1624 418 1668 manus
436 1603 584 1669 defferuut
601 1625 783 1687 egenorum,
809 1606 846 1668 de
868 1603 1017 1669 habendis
1040 1603 1146 1667 illicite
1162 1603 1322 1669 fallacibus
1340 1603 1448 1668 mundi
1546 1675 1547 1680 η

245 1711 363 1776 diviciis
381 1713 487 1776 amodo
505 1713 605 1795 decipi
621 1714 859 1796 contempnetis,
883 1734 940 1777 non
958 1711 1172 1796 vosmetipsos
1190 1713 1374 1776 seducentes
1392 1711 1450 1773 lna-

245 1821 373 1892 rissimi‚
397 1822 450 1885 sed
472 1823 578 1906 pocius
602 1822 816 1891 discrecionis,
843 1842 932 1905 quam
957 1822 1101 1885 obtinetis
1119 1842 1136 1884 a
1152 1823 1290 1894 Domino,
1309 1821 1449 1903 graciam

245 1929 407 1995 imitantes.
435 1931 527 1997 Scitis
546 1931 635 2004 enim,
654 1933 733 2017 quod
751 1951 818 1995 cum
836 1931 945 2014 aliquis
963 1953 980 1994 a
998 1929 1133 1995 vivorum
1150 1930 1278 2012 collegio
1290 1927 1451 2012 ¹segrega·

244 2044 304 2112 tur,
317 2038 426 2102 divicie
438 2039 560 2110 mundo,
573 2059 644 2103 earo
659 2039 810 2104 vermibus
825 2044 856 2102 et
869 2039 966 2102 anima
981 2040 1057 2113 Deo,
1071 2039 1097 2102 si
1111 2038 1316 2120 suffragantur
1327 2039 1450 2108 merita,

245 2149 292 2211 vel
309 2149 435 2212 sathane
452 2147 657 2219 committitur,
672 2149 697 2212 si
714 2149 838 2213 obstant
855 2149 981 2212 crimina
998 2154 1029 2212 et
1045 2153 1182 2232 peccata.
1210 2147 1285 2230 Quis
1310 2146 1394 2210 enim
1412 2147 1452 2209 de

246 2277 370 2334 numero
387 2259 567 2341 prudentum
583 2257 682 2342 aliquo
699 2258 832 2321 membro
846 2279 900 2343 pro
917 2257 1093 2321 transitoria
1111 2257 1241 2339 pecunia
1257 2255 1396 2320 truncari
1409 2255 1452 2344 b)

246 2371 421 2450 pateretur?
433 2366 506 2450 Quis
521 2387 575 2451 pro
584 2368 672 2431 feodo
680 2366 797 2432 modico
805 2373 834 2430 et
843 2367 1177 2452 adtemposobtineudo
1191 2371 1448 2435 momentaneum,

246 2476 422 2541 hereditatis
441 2484 587 2560 perpetue
605 2478 772 2542 selenciam
793 2477 1035 2562 inexplicabilem
1055 2477 1311 2541 commutaretur?
1339 2473 1453 2539 Nullus

247 2606 331 2660 sane,
345 2586 695 2670 siveritatissuffragium
704 2587 734 2650 in
743 2587 1075 2672 mediumperducatur.
1095 2585 1169 2668 Quis
1183 2583 1452 2669 igiturhominum,
1542 2577 1544 2579 ’

248 2695 273 2758 si
287 2697 417 2760 racionis
432 2697 562 2760 dominio
577 2718 636 2761 non
650 2703 777 2769 careret,
793 2718 846 2781 pro
855 2698 978 2762 denario
987 2699 1093 2769 Deum,
1107 2717 1161 2782 pro
1175 2699 1256 2760 terra
1263 2695 1373 2764 celum,
1388 2713 1446 2778 pro

248 2811 343 2869 morte
350 2807 441 2870 vitam
449 2806 585 2871 etlueem
592 2826 646 2889 pro
655 2804 789 2870 tenebris
807 2806 992 2891 abnegaret?
1008 2807 1094 2871 hbsit
1110 2806 1167 2871 hoc
1185 2826 1203 2869 a
1219 2802 1452 2888 professoribus

249 2912 317 2978 fidei
331 2915 506 2989 christiane,
521 2918 928 3000 quorumestvitaChristos,
945 2919 1042 2983 celum
1059 2917 1167 3000 patria,
1184 2921 1215 2980 et
1229 2913 1386 2979 hereditas
1403 2915 1452 2977 fe-

248 3023 345 3089 licitas
358 3025 550 3109 sempiterna.
571 3027 677 3090 Nonne
685 3047 759 3090 vana
767 3027 903 3091 suntvite
917 3027 1047 3092 labentis
1061 3026 1246 3096 umbracula,
1256 3045 1346 3111 qnam
1360 3024 1451 3087 labo-

248 3157 313 3200 rum
328 3134 477 3199 instancia
490 3138 679 3200 commitatur
692 3142 723 3200 et
736 3157 835 3221 quam,
851 3139 954 3220 previo
974 3138 1144 3202 morborum
1153 3135 1324 3219 dispendio,
1342 3133 1450 3198 mortis
1544 3120 1545 3123 ¹

248 3265 351 3311 amare
369 3244 544 3309 discrimina
560 3246 804 3330 subsequentur?
827 3247 852 3310 0
870 3246 965 3328 igitur
980 3247 1073 3319 Deus,
1091 3268 1149 3332 que
1166 3245 1261 3310 maior
1278 3245 1452 3318 demencia,

250 3375 340 3440 quam
358 3355 496 3419 eternum
512 3356 641 3438 perdere
656 3376 710 3438 pro
729 3357 866 3421 caduco?
884 3356 949 3438 Que
969 3355 1082 3420 cecitas
1097 3355 1282 3429 evidencior,
1299 3374 1391 3438 quarn
1408 3353 1452 3424 id,

250 3463 332 3548 quod
350 3464 472 3528 dubium
488 3469 535 3528 est
552 3465 642 3528 etiam
658 3464 696 3528 ad
712 3465 816 3529 horam
833 3465 1019 3536 subsistere,
1037 3465 1132 3548 glorie
1149 3484 1317 3548 preponere
1335 3465 1452 3548 sempi-

249 3575 356 3638 terne?
378 3573 403 3636 Ο
421 3574 517 3637 eciam
533 3593 583 3636 res
600 3573 751 3647 miranda,
776 3575 857 3657 quod
880 3575 1008 3658 dampna
1026 3573 1126 3638 carnis
1144 3573 1275 3657 fugimus
1292 3578 1323 3636 et
1349 3572 1450 3636 anime

250 3682 387 3766 pericula
404 3703 464 3744 non
476 3681 614 3754 vitamus,
633 3682 710 3767 quod
724 3683 899 3746 morituram
916 3683 1051 3755 colimus,
1069 3685 1214 3747 victuram
1226 3681 1450 3766 inperpetuum

132 3816 176 3857 rar.
187 3813 240 3854 aaa.
252 3812 312 3855 non
328 3809 474 3863 amamus,
492 3791 572 3877 quod
589 3791 732 3855 ferventis
749 3791 851 3856 balnei
869 3792 1000 3855 calorem
1017 3811 1076 3855 non
1102 3791 1274 3863 metuimus,
1291 3794 1322 3853 et
1338 3790 1451 3853 inferni

252 3898 369 3965 urentis
386 3899 526 3967 incendia
543 3920 602 3964 non
613 3901 770 3966 timemus!
788 3901 861 3983 Quis
879 3901 937 3964 iste
955 3903 1084 3964 sensus?
1101 3900 1167 3984 Qoe
1185 3899 1357 3964 discrecio?
1372 3898 1450 3982 Quis

250 4011 308 4074 bec
326 4009 450 4073 docuit?
473 4009 546 4092 Quis
570 4011 703 4075 invenit?
724 4010 959 4094 Respondebuut
984 4012 1060 4073 forte
1077 4008 1187 4093 aliqui,
1210 4008 1365 4080 dicentes,
1389 4028 1450 4072 uon

251 4124 321 4185 sunt
337 4119 395 4182 ista
412 4139 544 4184 consona
561 4119 698 4191 veritati,
721 4140 757 4184 eo
774 4121 855 4204 quod
871 4119 1087 4183 miseraciones
1101 4103 1223 4184 ¹Domini
1240 4118 1452 4203 superomnia

253 4250 344 4313 opera
365 4229 429 4293 eius
447 4235 477 4292 et
494 4230 562 4314 quia
578 4229 677 4300 Deus,
701 4236 803 4293 noster
825 4229 980 4302 dominus,
1003 4231 1102 4294 salvos
1123 4227 1271 4301 faciendi,
1295 4249 1356 4292 nou
1377 4248 1452 4313 per-

253 4337 343 4403 dendi
363 4338 512 4422 prophete
527 4337 697 4401 testimonio
714 4339 897 4420 predicatur.
922 4339 1077 4422 Quomodo
1094 4357 1167 4421 ergo
1185 4336 1286 4402 suavis
1303 4338 1451 4404 Dominus

253 4449 406 4513 universis
422 4465 561 4511 manuum
579 4468 700 4512 suarum
717 4466 809 4530 opera
826 4448 1082 4531 condempnaret?
1103 4451 1223 4530 Exurge
1245 4454 1282 4512 tu·
1295 4469 1370 4533 ergo
1387 4451 1450 4513 llo-

347 4575 380 4643 α)
397 4574 504 4645 quidam
518 4575 548 4629 V.
565 4603 592 4614 -
609 4573 641 4645 b)
655 4575 771 4629 truncari
784 4591 825 4629 am
838 4575 866 4628 ll.
880 4576 910 4630 V.
