3116 5124
315 303 390 378 142

309 488 413 545 verant
435 483 631 556 manducare,
660 486 706 548 vel
727 505 840 569 ponere
862 487 1062 552 morticinium
1085 508 1173 552 escas
1194 487 1362 552 volatilibus
1383 489 1433 552 ccli
1452 497 1475 554 ct

309 597 390 655 terre
407 591 514 656 bestiis
531 611 638 657 cernes
656 593 730 659 eius.

403 701 556 766 Attendite
572 703 665 785 igitur
681 710 712 767 et
726 704 826 768 uidete
844 705 869 768 si
884 711 931 771 est
947 706 1030 770 dolor
1044 707 1148 770 similis
1161 707 1240 772 sicut
1256 708 1340 772 dolor
1356 708 1478 780 ecclesie,

309 811 393 874 ouius
420 808 514 884 lilios,
542 811 631 875 immo
654 832 780 894 sponsos
808 820 941 880 mactant
968 817 1047 880 sicut
1068 837 1140 880 oues
1163 816 1325 880 occisionis
1347 817 1434 902 iniqui
1452 825 1476 881 et

308 921 394 983 velud
411 921 521 1002 inpune
537 922 702 1004 inpugnant
719 924 894 1005 sanguinem
910 924 1103 1006 prelatorum.
1137 927 1170 990 Si
1188 946 1261 1008 ergo
1279 926 1311 989 in
1332 925 1416 989 viridi
1429 927 1476 990 hcc

307 1035 498 1112 presumunt,
529 1031 559 1094 in
591 1031 674 1094 arido
707 1032 777 1115 quid
809 1033 941 1097 facient?
973 1033 1006 1099 Si
1038 1033 1067 1098 in
1098 1034 1193 1098 uirum
1224 1041 1308 1100 tanta
1341 1035 1476 1099 nobilitate

306 1139 514 1221 conspicuum,
546 1146 627 1204 tanta
657 1139 806 1223 preditum
834 1141 994 1224 dignitate,
1027 1149 1110 1207 tanta
1138 1150 1273 1207 ornatum
1297 1143 1427 1207 sciencia
1453 1151 1477 1209 et

308 1248 462 1330 elegancia
478 1250 693 1332 propellentem
710 1250 809 1312 scelus
831 1256 892 1314 tom
920 1253 1134 1336 nequissimum
1163 1252 1393 1326 commiserunt,
1419 1253 1477 1336 quid

308 1357 469 1422 credentur
493 1358 530 1421 de
554 1364 656 1423 cetero
679 1359 709 1421 in
732 1358 865 1424 minores
887 1361 1019 1442 prelatos
1042 1361 1173 1425 ecclesie
1195 1363 1404 1426 commissuri?
1424 1362 1476 1444 Quo

306 1466 454 1550 potencia,
472 1487 530 1551 que
546 1467 676 1539 iusticia,
694 1487 751 1550 que
769 1469 931 1534 auctoritas
948 1490 964 1533 a
981 1471 1091 1536 talibus
1109 1470 1146 1534 de
1163 1478 1265 1536 cetero
1281 1476 1348 1535 tuta
1365 1471 1436 1536 crit?

394 1577 504 1648 Porro,
533 1578 611 1660 quod
637 1578 769 1641 deterius
793 1584 841 1642 est
857 1584 887 1642 et
904 1599 939 1643 ex
956 1599 991 1643 co
1008 1580 1133 1663 amplius
1150 1581 1386 1651 formidandum,
1412 1581 1476 1662 quod

304 1688 443 1752 videlicet
455 1688 511 1751 iarn
527 1689 642 1752 uicibus
658 1689 795 1773 repetitis
811 1689 1022 1754 ministeriales
1039 1691 1156 1774 imperii
1164 1697 1224 1754 tarn
1240 1691 1361 1754 inmane
1377 1691 1475 1754 facinus

305 1804 525 1881 perpetrarunt,
543 1797 581 1861 ad
598 1800 843 1883 consequentiam
859 1800 987 1864 trahitur
1004 1800 1103 1864 scelus
1120 1801 1192 1864 illud
1209 1807 1239 1864 et
1254 1805 1340 1864 tante
1357 1799 1476 1882 maligni-

306 1907 375 1971 tatis
393 1909 557 1990 exemplum
574 1908 612 1970 ad
634 1909 709 1971 alios
732 1909 885 1973 derivatur
902 1909 950 1993 d).
984 1910 1030 1972 Ne
1055 1915 1153 1974 autem
1176 1909 1330 1992 inpunitas
1347 1911 1476 1973 scelerum

305 2015 451 2100 aliquibus
480 2017 635 2080 audaciam
662 2018 773 2082 tribuat
801 2019 1010 2102 delinquendi,
1039 2039 1074 2082 ex
1095 2026 1181 2101 parte
1206 2020 1417 2102 omnipotentis
1430 2019 1475 2082 Dei

302 2127 583 2192 anathematizamus
599 2127 677 2200 illos,
694 2128 744 2211 qui
759 2126 928 2210 predictum
945 2128 1187 2193 ecclesiasticum
1204 2129 1383 2194 occiderunt
1399 2129 1438 2212 ε).

393 2345 583 2417 Ergitozungen
598 2346 827 2416 ausLappen'berg
837 2346 1060 2415 Hnmburgiscbes
1074 2345 1290 2402 Urlnundenbnclr
1306 2347 1326 2410 1,
1334 2345 1475 2400 ase-aot:

298 2437 465 2490 innocentius
488 2455 529 2507 ep.
542 2453 564 2490 s.
578 2455 598 2491 s.
620 2437 645 2490 d.
668 2455 750 2493 veno..
766 2437 886 2493 fratribb.
905 2437 1040 2492 bremensi
1060 2438 1189 2507 archiep„
1218 2439 1397 2508 suffragancis
1415 2437 1469 2495 eius,

304 2527 410 2582 dilectis
423 2528 486 2584 filiis
499 2529 555 2582 suis
569 2529 719 2590 abbatibus,
733 2528 867 2600 prioribus
882 2535 907 2582 et
921 2529 979 2583 aliis
993 2529 1167 2584 ecclesiarum
1181 2530 1292 2602 prelatis
1313 2531 1340 2584 in
1354 2526 1471 2584 bremensi

303 2619 439 2688 provincia
454 2619 604 2673 constitutis
619 2639 639 2672 s.
655 2624 682 2672 et
696 2638 719 2674 a·
734 2621 758 2672 b.

394 2709 426 2781 α)
438 2711 661 2765 sanctememorie
675 2711 706 2764 Α,
723 2711 876 2765 locediensis
885 2698 1005 2784 episcopi
1015 2710 1251 2778 (AlbreclrtBiscb.
1263 2711 1400 2766 omnuim
1409 2707 1473 2770 1192,

301 2803 572 2874 Nontlermordct).
585 2833 612 2842 -
629 2801 663 2874 β)
671 2805 740 2857 siirN
755 2823 762 2858 z
777 2803 886 2874 C.—p)
908 2804 1324 2874 imperialisaiulecsncellarium.
1335 2801 1400 2868 -dt
1416 2799 1474 2854 Prius

304 2894 372 2948 eninr
396 2897 459 2948 Otto
483 2896 515 2947 de
538 2894 694 2948 barchisten
717 2893 869 2965 predictum
882 2895 1057 2949 Leodienscm
1080 2895 1161 2964 ep.·in
1177 2894 1256 2948 exilio
1271 2894 1388 2964 positum
1407 2893 1472 2945 inter·

300 2987 364 3038 iecit
381 2995 407 3039 et
427 3003 495 3040 nunc
520 3001 653 3055 sequaces
673 2969 880 3054 ipsius'tantum
900 2987 1055 3056 episcopum
1076 2991 1129 3040 tam
1148 2985 1292 3038 enormiter
1314 2984 1472 3040 trucidarunt

303 3077 349 3130 Sic
370 3083 464 3146 mitgen
482 3077 556 3130 nicht
575 3080 631 3132 bles
645 3078 695 3130 den
710 3076 905 3138 Gemordeten‚
930 3079 1046 3132 sondern
1062 3077 1104 3130 ilrr
1118 3077 1225 3146 cigoucs
1240 3077 1378 3131 Gcscbick
1390 3072 1470 3128 benei-

305 3185 363 3222 nen.
391 3171 440 3230 Er,
455 3167 501 3220 der
515 3170 610 3238 Papst,
626 3167 714 3222 werde
728 3169 811 3222 selbst
825 3167 871 3222 mit
885 3169 932 3221 der
947 3167 1048 3222 Gesahr
1067 3169 1155 3220 seinos
1168 3169 1272 3221 Lebens
1292 3162 1470 3248 schonungslos
1539 3183 1540 3188 ¹

302 3273 388 3329 gegen
402 3257 568 3313 dethirder
582 3259 732 3313 versahren.
745 3259 833 3314 Nolite
846 3259 1121 3330 igitur—oporteret.
1138 3259 1265 3330 —aJDas
1275 3258 1405 3312 Anathem
1417 3251 1470 3309 wird

302 3350 369 3403 auch
392 3352 455 3403 iiber
478 3353 528 3404 alle
547 3351 756 3422 lilitsclruldigon
779 3351 1014 3422 ansgesprochen,
1037 3351 1094 3404 ihre
1112 3351 1217 3403 Lander
1239 3351 1351 3404 wcrdcn
1369 3349 1411 3401 rnit
1426 3345 1471 3399 deu

302 3441 430 3494 interdict
442 3443 550 3512 belegt3
573 3443 616 3496 die
630 3441 838 3514 Verlitndigung
862 3441 950 3496 dieses
964 3441 1084 3496 Urtbeils
1102 3440 1167 3496 wind
1186 3440 1328 3502 bctohlen,
1351 3436 1468 3507 strengsle

303 3533 507 3600 Unlersuchung
526 3532 692 3602 angcordnet
711 3540 737 3587 et
755 3549 847 3586 omnes
866 3532 975 3588 illos-
989 3533 1115 3586 mandari.
1134 3532 1193 3586 Dat.
1212 3531 1339 3586 Laterani
1358 3529 1409 3583 lllll
1428 3524 1472 3578 llal.

303 3623 382 3676 reor.
398 3621 570 3692 pontificatus
584 3624 666 3676 nostri
681 3641 748 3676 anno
763 3623 863 3694 quinto.
