3168 5124
1229 335 1252 410 ὅ

55 519 110 578 am
135 514 167 577 in
195 513 280 578 clero
308 533 399 600 pram
426 520 509 580 extra
538 516 668 590 clerum,
696 523 727 581 et
754 517 902 600 quomodo
931 515 1028 580 eidem
1056 513 1094 580 ab
1116 513 1254 581 omnibus

56 623 205 688 scribitur.

140 733 309 799 Sciendum
330 734 439 817 igitur,
458 734 539 818 quod
559 734 698 798 dominus
721 753 798 818 papa
821 736 991 819 cuicunque
1008 735 1121 801 scribat
1146 756 1256 800 nomen

58 863 136 909 suum
151 844 302 927 premittit
316 850 346 908 et
358 844 395 908 ab
409 843 546 908 omnibus
563 842 620 907 sibi
636 843 838 909 scribentibus
854 845 1050 927 premittitur3
1068 846 1118 928 qui
1135 846 1256 929 quidem

60 973 154 1017 omnes
184 954 298 1017 salutat
326 953 380 1017 sed
408 971 425 1016 a
452 952 571 1016 nendnc
598 954 761 1027 salutatur,
789 973 857 1018 cum
885 955 913 1018 ci
935 955 998 1018 sola
1019 954 1189 1019 obedientia
1218 955 1255 1019 ab

58 1063 188 1126 omnibus
213 1061 370 1127 debeatur.
403 1062 575 1126 Notandum
598 1063 705 1135 etiam,
733 1063 813 1146 quod
835 1063 953 1126 nomina
974 1082 1121 1147 paparum
1135 1066 1255 1147 integre

53 1173 143 1237 scribi
165 1171 281 1237 hahent
296 1173 354 1260 a),
372 1173 511 1256 quoniam
531 1174 666 1256 ipsorum
689 1174 865 1257 equivocum
890 1172 1077 1257 significant,
1098 1180 1132 1238 ut
1153 1179 1256 1238 osten·

52 1283 187 1348 daturin
202 1283 339 1355 nomine,
368 1282 464 1365 qualis
487 1303 556 1346 esse
574 1281 685 1346 debeat
700 1284 730 1348 in
747 1283 938 1366 operatione,
961 1289 994 1347 ut
1009 1283 1200 1347 Innocentius
1216 1282 1255 1347 ab

48 1393 238 1466 innocentia,
261 1391 430 1457 Celestinus
458 1413 475 1456 a
504 1393 586 1466 celo,
609 1392 775 1474 Gregorius
802 1412 819 1455 a
841 1411 954 1474 grege,
982 1391 1063 1476 quod
1091 1392 1129 1456 sit
1157 1393 1255 1457 otium
1282 1407 1293 1429 ⁰

50 1510 164 1588 pastor,
182 1503 274 1567 etsie
291 1503 328 1566 de
345 1503 419 1566 aliis.

138 1612 197 1678 Sic
211 1613 332 1679 3313131
345 1613 567 1701 patriarchae.
601 1611 757 1694 Frigenius
774 1616 953 1695 episcopus,
977 1632 1083 1676 servus
1100 1632 1256 1678 servorum

51 1723 114 1796 1131,
126 1742 197 1786 ven.
211 1721 243 1784 in
250 1721 370 1784 Christo
386 1722 483 1794 fratri,
500 1721 749 1786 derosalemitano
766 1719 937 1804 patriarche
951 1723 1077 1786 salutem
1089 1727 1121 1787 et
1132 1727 1256 1803 aposto·

50 1833 140 1896 licam
162 1830 424 1905 benedictionem
449 1833 494 1895 sic
519 1833 629 1896 salutat
645 1851 748 1894 omnes
765 1831 954 1915 patriarchas
972 1831 1179 1916 cuiuscunque
1196 1833 1257 1896 sint

53 1941 139 2007 tituli.

141 2051 239 2117 Sedis
261 2052 439 2138 apostolice
461 2051 657 2140 1393133313
683 2053 824 2117 salutat:
855 2049 1010 2133 Eugenius
1039 2055 1097 2114 etc.
1126 2070 1194 2114 ven.
1223 2053 1254 2115 in
1265 2080 1309 2120 ra.
1322 2081 1363 2121 aa.

53 2159 167 2224 Christo
184 2159 273 2222 fratri
289 2159 441 2222 Hostiensi
458 2161 602 2244 episcopo
619 2166 650 2225 et
671 2160 836 2243 apostolice
853 2160 934 2223 sedis
956 2161 1058 2242 legato
1081 2160 1207 2224 salutern
1224 2165 1255 2225 et

11 2321 14 2332 .
45 2269 245 2354 apostohcam
266 2269 509 2334 benedictionem
517 2290 525 2340 ;
551 2270 595 2332 sic
620 2269 757 2335 scribunt
779 2270 915 2334 omnibus
938 2269 1047 2351 legatis
1064 2269 1253 2334 venientibus

44 2380 177 2444 alatere
195 2379 280 2444 curie
296 2380 438 2442 Romane.
533 2444 536 2449 ,

136 2490 196 2555 Sic
211 2491 336 2556 salutat
346 2490 525 2576 primates:
541 2489 714 2571 Eugenius,
730 2496 764 2554 ut
780 2508 889 2572 supra,
905 2507 972 2552 ren.
989 2489 1021 2551 in
1037 2487 1157 2553 Christo
1174 2487 1252 2552 Gra·

44 2598 133 2662 densi
148 2599 271 2681 primati
289 2600 415 2662 salutern
431 2605 465 2663 ut
481 2619 581 2681 supra.

138 2709 341 2775 Prcabiteros
357 2712 543 2776 cardinales
559 2711 713 2775 babentes
729 2711 843 2776 litator
863 2711 912 2776 sic
932 2712 1063 2778 salutat.
1096 2709 1252 2793 Eugenius

41 2825 206 2901 utsupra.
237 2838 303 2881 ren.
332 2818 364 2881 in
391 2817 510 2882 Christo
538 2819 625 2883 fratri
651 2818 834 2884 Viterbiensi
862 2821 1023 2902 episcopo,
1050 2820 1127 2884 tituh
1156 2820 1253 2883 sancti

41 2930 224 3000 Clementis,
240 2927 410 3011 presbitero
428 2928 571 2991 cardinali
588 2929 641 2991 sal.
661 2934 691 2992 et
712 2947 759 3009 ap.
777 2928 886 2992 bened.
896 2949 906 3001 ;
931 2930 975 2993 sic
993 2929 1098 2993 scribit
1114 2929 1253 2994 cardina-

39 3040 120 3104 libus
137 3037 330 3123 presbiteris,
347 3036 527 3102 habentibus
543 3039 660 3102 titulum
677 3039 734 3109 sui,
751 3037 814 3101 sive
831 3039 890 3102 sint
906 3040 1041 3123 episcopi
1058 3039 1121 3102 sive
1138 3059 1207 3103 non.

134 3151 302 3217 Habentes
328 3150 456 3216 titnlarn
483 3152 606 3216 nattam
634 3149 682 3214 sia
714 3150 853 3215 salutat:
883 3150 1038 3231 Eugenius
1061 3156 1119 3214 etc.
1145 3150 1254 3214 dilecto

45 3261 73 3322 in
106 3258 235 3322 Christo
261 3257 337 3331 lilio,
364 3258 432 3322 talis
459 3259 519 3320 loci
548 3258 691 3340 episcopo
720 3264 750 3322 et
777 3264 882 3322 sancte
919 3258 1049 3324 ecclesie
1084 3258 1254 3342 presbitero

44 3371 183 3434 salutern
203 3372 262 3431 etc.

139 3479 223 3542 Nota
249 3477 358 3559 igitur,
386 3477 467 3562 quod
491 3478 627 3541 dominus
656 3497 733 3560 papa
750 3478 862 3543 nullum
890 3478 1020 3560 appellat
1042 3481 1170 3543 tratrem
1199 3480 1256 3543 nisi

39 3589 253 3674 patriarchas,
269 3589 424 3669 primates,
442 3586 622 3660 cardinales,
638 3588 896 3671 archiepiscopos,
913 3588 1074 3670 episcopos
1091 3594 1121 3652 et
1137 3590 1256 3672 regales

39 3700 196 3769 abbates;
215 3717 317 3760 omnes
330 3697 403 3760 alios
420 3697 628 3780 cuiuscunque
645 3698 824 3761 conditionis
841 3720 896 3762 seu
914 3699 1079 3781 dignitatis,
1097 3679 1256 3762 dummodo

42 3811 105 3873 sint
123 3809 166 3871 de
182 3825 308 3870 numero
324 3806 580 3878 Christianorum,
603 3807 660 3868 nisi
682 3807 774 3870 fuerit
789 3807 968 3871 interdictus
986 3814 1038 3872 aut
1053 3809 1257 3872 excommuni·
1384 3879 1387 3884 ,

42 3927 150 3991 catus,
165 3915 297 4000 appellat
310 3916 435 3979 dilectos
447 3916 478 3978 in
486 3915 605 4009 Christo
618 3913 705 3988 tilios,
721 3921 751 3980 31
766 3916 824 3979 hoc
840 3917 871 3979 in
887 3917 968 3979 clero
986 3923 1017 3980 et
1033 3922 1114 3980 extra
1132 3917 1255 3981 clerum.

38 4069 87 4080 -
103 4029 192 4092 Nota
215 4027 321 4099 311333,
349 4025 430 4110 quod
458 4024 639 4110 quandoque
661 4045 741 4109 papa
764 4026 869 4091 scribit
892 4026 1009 4091 duabus
1038 4026 1257 4090 ecclesiasticis

38 4138 190 4223 personis
206 4137 237 4199 in
254 4135 399 4218 dignitate
418 4141 448 4199 et
471 4133 571 4198 3111313
588 4135 804 4210 consimilibus,
828 4157 936 4200 nomen
961 4137 1037 4209 eius,
1062 4136 1113 4221 qui
1135 4137 1257 4201 maioris

42 4256 91 4312 est
120 4247 338 4331 prerogativa,
378 4247 554 4328 preponitur
582 4252 613 4308 et
639 4245 697 4307 hoc
726 4247 889 4311 observant
916 4267 1019 4310 omnes
1047 4247 1256 4311 ecclesiastice

39 4379 199 4454 persone,
229 4377 288 4441 que
317 4356 453 4421 scribunt
480 4357 542 4421 suis
571 4356 762 4420 interioribus
790 4357 924 4439 pluribus
957 4374 1099 4429 numero,
1122 4355 1257 4419 eiusdem

39 4470 207 4556 dignitatis
222 4470 272 4534 vel
297 4466 404 4544 officii,
428 4474 599 4552 proponunt
621 4470 843 4552 prerogativam
866 4470 987 4534 honoris
1005 4465 1180 4548 digniorem.

144 4600 180 4670 a)
201 4597 258 4654 siet
