3112 5118
293 277 369 347 lto

286 451 332 512 cie
366 446 503 510 laudibus
543 443 716 506 illustratur.
768 439 892 502 Duobus
927 439 1037 521 quippe
1079 437 1238 520 syderibus
1278 434 1477 499 mediantibus

292 557 390 619 celum
411 553 526 636 pingit,
554 569 623 613 cum
646 546 762 611 duobus
785 545 925 609 videlicet
947 543 1159 613 luminaribus,
1186 543 1399 608 misericordia
1422 544 1479 606 sire

292 661 473 728 clemencia,
500 657 641 722 mundum
670 651 815 716 clarificat
842 651 1023 715 universum.
1057 649 1203 714 Nimirum
1225 651 1284 716 hec
1308 651 1427 714 taciens
1448 649 1482 714 ah

293 771 358 834 eius
381 766 522 851 operibus
550 763 636 846 quasi
662 766 744 824 terso
773 758 896 840 speculo
924 758 1050 821 resultat
1077 777 1203 840 ymago,
1231 778 1291 841 que
1315 764 1485 822 ceterorum

290 882 416 961 pectora
447 874 504 938 sibi
535 869 728 938 reconciliat,
758 865 883 929 letificat
914 871 945 929 et
974 871 1112 937 serenat,
1142 867 1315 930 retribuens
1349 866 1484 930 omuibus

292 984 433 1049 fiduciam
445 982 524 1045 boue
541 979 615 1061 spei.
641 978 693 1042 Sic
710 979 811 1038 autem
827 993 969 1036 exercere
984 975 1015 1039 in
1031 976 1089 1038 hiis
1107 996 1140 1038 se
1157 981 1208 1040 tua
1224 981 1313 1040 curet
1327 976 1488 1046 industria,

295 1093 375 1176 quod
396 1092 476 1153 iuxta
502 1093 603 1150 votum
635 1087 773 1165 petentes
808 1080 1050 1165 redempciooem
1084 1089 1308 1168 consequantur
1343 1085 1487 1154 carceris,

295 1206 325 1264 et
342 1197 442 1280 adepti
459 1195 593 1278 graciam
613 1191 735 1255 laudent
750 1189 857 1260 Deum,
874 1208 909 1251 ac
925 1190 1056 1253 Romana
1080 1191 1210 1255 ecclesia
1232 1212 1287 1255 suo
1304 1192 1486 1274 intempore

295 1326 362 1370 aum
384 1305 555 1388 graciarum
577 1295 745 1364 actionibus
768 1294 902 1358 antidota
924 1302 1010 1377 grata
1032 1318 1142 1380 gerens
1164 1299 1219 1362 tibi
1242 1299 1281 1361 ad
1305 1299 1487 1380 condignam

294 1391 533 1477 vicissitudinem
549 1412 696 1474 teneatur.

388 1573 546 1641 Ergtmung
559 1587 606 1626 aus
620 1569 893 1625 Huillard=ssndbolles
912 1569 953 1631 Vl,
975 1567 1084 1622 til-63
1102 1568 1229 1637 Magistro
1250 1567 1276 1620 P.
1300 1567 1442 1621 devincis
1459 1596 1486 1606 -

299 1660 333 1733 a)
347 1667 375 1717 at
393 1663 459 1716 alios
480 1661 596 1716 clericos
615 1664 642 1715 at
659 1660 780 1732 prelatos
798 1660 902 1715 interim
922 1660 1032 1714 tractari
1049 1658 1203 1729 precipiens
1223 1657 1380 1710 humaniter
1400 1664 1427 1712 et
1444 1657 1492 1709 ho-

299 1756 383 1814 nesta,
397 1752 515 1806 dominos
527 1751 624 1807 fratres
638 1753 744 1806 nocuos
757 1749 882 1819 dignetur
894 1749 1018 1819 protinus
1027 1749 1153 1810 liberare,
1169 1761 1235 1816 quoa
1250 1745 1332 1800 faciat
1346 1746 1406 1800 sine
1420 1762 1493 1802 mora

300 1859 385 1912 usque
398 1841 432 1895 ad
445 1859 493 1895 nos
512 1856 606 1894 secure
626 1840 748 1894 conduci.
774 1841 840 1894 Nam
859 1838 892 1896 ad
910 1840 1089 1910 provisionem
1102 1836 1218 1891 ecclesia
1232 1834 1391 1890 faciendam
1410 1842 1492 1890 matu·
1511 1827 1513 1834 ’

298 1931 369 1994 rius,
395 1931 428 1988 ad
454 1929 528 2000 quod
553 1932 656 1985 duobus
682 1947 714 1984 ex
735 1931 812 1983 nohis
836 1928 1010 1984 existentibus
1033 1930 1108 1982 extra
1129 1927 1221 1981 urbam
1242 1924 1346 1980 dudum
1372 1924 1488 1996 dignatio

300 2019 409 2076 cesaris
431 2038 481 2092 per
501 2037 564 2075 suos
588 2021 679 2091 apices
699 2020 797 2074 obtulit
816 2020 876 2073 illos
895 2019 978 2082 duos,
1002 2035 1053 2074 nec
1075 2035 1126 2073 nou
1146 2021 1173 2074 et
1190 2016 1223 2070 ad
1246 2015 1324 2088 pacis
1349 2017 1491 2069 tractatum

298 2110 376 2166 valde
389 2110 469 2167 utiles
484 2127 543 2165 essa
555 2116 666 2182 possunt
679 2110 701 2166 ai
714 2127 766 2165 non
779 2108 963 2180 permittat
978 2111 1030 2162 etc.

858 2389 921 2460 39.

712 2563 791 2645 Papa
805 2563 1000 2626 homanorum
1016 2563 1087 2644 regl.

802 2719 880 2777 1252.
894 2719 998 2774 Assisii.

305 2881 434 2935 inuocem
452 2882 500 2934 IV.
523 2880 595 2935 litto
616 2882 668 2934 den
689 2878 839 2934 rb'ma'ecben
862 2879 950 2950 Kdna'p
977 2877 1096 2933 Wilbelm
1118 2896 1162 2932 urle
1184 2865 1229 2934 die
1250 2879 1434 2952 Frea'lucauny
1454 2881 1499 2935 der

655 2970 824 3041 qefanpenen
840 2968 944 3040 Grafen
956 2987 1006 3023 von
1019 2969 1139 3022 Hellond.

396 3134 464 3197 Non
479 3153 615 3216 operum,
632 3153 691 3197 non
706 3153 865 3198 munerum
882 3134 987 3216 queris
1003 3134 1127 3215 profusa
1143 3134 1269 3216 largicio
1286 3139 1406 3198 tantum
1422 3140 1500 3198 tuam

309 3240 421 3326 poterit
449 3238 608 3305 sublimare
636 3261 807 3324 personam,
836 3261 925 3325 quam
952 3242 1107 3308 fructuosa
1141 3240 1302 3323 plurimum
1334 3240 1500 3325 acquisicic

311 3348 486 3420 amicorum,
510 3367 568 3430 que
590 3348 678 3412 velud
701 3347 895 3412 inexhaustus
913 3348 1073 3412 thesaurus
1089 3368 1146 3412 usu
1162 3368 1221 3412 non
1244 3349 1436 3412 consumitur
1450 3347 1503 3410 sed

309 3461 446 3537 augetur.
481 3453 568 3537 Quod
595 3457 780 3519 coacervatis
811 3457 998 3539 quantumvis
1025 3457 1240 3538 peccuniarurn
1268 3455 1422 3520 thesauris
1446 3474 1504 3518 non

309 3563 432 3635 accidit,
449 3563 500 3646 qui
517 3582 572 3644 per
597 3582 758 3645 expensam
782 3565 953 3627 continuam
975 3564 1111 3648 protinus
1134 3563 1314 3629 dilabuntur.
1346 3564 1444 3646 igitur
1466 3560 1505 3624 lili

308 3670 477 3742 karissime,
499 3671 683 3752 peculiarem
705 3671 761 3740 tibi
790 3672 965 3735 thesaurum
993 3673 1158 3736 amicorum
1186 3691 1351 3754 quesumus
1381 3671 1503 3736 studeas

308 3797 483 3866 procurare,
501 3797 628 3860 quorum
644 3777 798 3859 oportunis
814 3779 956 3859 irrigatus
974 3778 1125 3860 suffragiis
1142 3779 1180 3841 ad
1197 3779 1330 3842 votivum
1344 3779 1504 3860 pervenias

311 3886 537 3949 incrementum.
571 3884 716 3947 Elabores
733 3886 835 3970 itaque
850 3885 1003 3948 hominurn
1020 3886 1113 3949 corda
1130 3885 1299 3949 dilectionis
1317 3885 1375 3950 tibi
1390 3885 1506 3948 vinculo

314 3993 462 4064 federari,
496 3997 564 4056 cum
596 3991 635 4055 nil
667 3992 767 4057 utilius
800 3992 950 4076 nichilque
979 3993 1127 4056 salubrius
1155 3992 1261 4056 haberi
1290 3993 1449 4074 contingat
1477 3992 1508 4054 iu

312 4100 448 4172 homine,
478 4119 565 4183 quam
589 4100 653 4162 sine
676 4099 797 4164 fictione
819 4101 913 4182 ipsius
931 4101 973 4187 a)
990 4102 1118 4163 animum
1141 4101 1309 4183 possidere.
1343 4101 1408 4164 Hae
1432 4099 1509 4163 euim

314 4207 416 4271 habita
433 4207 597 4290 prudencia
614 4208 701 4288 regni
718 4206 762 4270 tui
779 4208 963 4272 incrementa
980 4208 1080 4271 felicia
1096 4209 1210 4290 poteris
1226 4208 1389 4274 iocundius
1402 4209 1508 4274 intueri

407 4421 440 4490 a)
454 4422 536 4492 ipsius
551 4422 596 4474 auf
606 4422 699 4474 Rusur.
