3108 5118
318 269 394 340 2118

316 441 354 504 ab
372 440 482 510 ellectu
499 441 685 522 cognominis
702 461 761 503 non
778 441 943 512 discordat,
959 441 997 506 ad
1014 440 1183 504 sanctitatis
1199 443 1299 504 vestre
1323 437 1506 522 presenciam

314 547 494 616 fiducialiter
516 547 652 618 duximus
683 547 893 618 destinandum
926 569 980 616 seu
1003 548 1098 614 eciam
1119 545 1371 628 promittendum,
1400 543 1506 612 luml-

314 656 384 721 lima
406 675 530 738 precum
552 655 701 721 instancia
717 656 929 740 deposcentes,
954 662 1100 739 quatenus
1117 673 1210 738 super
1231 653 1307 726 biis„
1327 672 1389 741 qne
1402 650 1505 722 reseis

314 761 437 832 auribus
467 761 585 829 duxerit
613 746 810 836 inculcanda,
847 764 976 832 libenter
1008 763 1114 835 eadem
1144 763 1248 832 audire
1281 761 1444 850 dignemini
1475 767 1502 830 el

315 869 509 940 exauditione
526 871 659 950 gratuita
674 871 882 940 favorabiliter
896 872 1066 952 prevenire.

886 1111 947 1181 53.

662 1287 723 1354 lter
738 1287 932 1351 romanorun
949 1285 980 1351 l.
998 1288 1155 1350 ludlclbns.

313 1442 400 1514 It‘dnt'p
424 1445 530 1518 liudolf
549 1444 657 1515 foedent
681 1445 762 1500 eitteu
785 1447 875 1502 eomer
899 1447 1029 1502 Getrcucn
1054 1445 1113 1515 auf,
1139 1446 1215 1502 elren
1240 1446 1425 1516 elucentem,
1448 1463 1502 1502 aar

313 1532 517 1592 breedert'arlten
533 1535 820 1592 ctormtmeermooco
831 1535 965 1608 pefoopea
977 1555 1009 1590 eu
1022 1535 1146 1600 oetaeo,
1165 1535 1248 1594 drmit
1266 1554 1296 1593 er
1310 1535 1357 1594 dte
1369 1535 1502 1596 ruditu&

765 1625 856 1695 Strafc
869 1627 955 1679 dauon
968 1634 1052 1698 tropo.

403 1768 543 1830 uernam,
557 1786 583 1838 p.
600 1767 660 1824 ltu.

402 1911 478 1992 Quia
505 1913 742 1975 facinorosorum
769 1914 920 1995 inpunitas
943 1914 1020 1976 viam
1042 1915 1218 1998 frequenter
1240 1915 1339 1997 aperit
1362 1913 1498 1997 reprobis

308 2018 457 2082 deteriora
471 2019 622 2102 prioribus
639 2021 859 2086 committendi:
888 2042 961 2093 nos,
978 2022 1086 2104 quibus
1109 2042 1127 2085 a
1148 2022 1213 2085 Deo
1236 2021 1356 2104 gladius
1379 2027 1496 2103 tempo·

313 2127 385 2190 ralis
414 2132 461 2190 est
488 2128 621 2191 creditus
650 2128 689 2191 ad
716 2128 835 2192 laudern
861 2129 1008 2193 bonorum
1036 2136 1068 2193 et
1098 2131 1261 2194 vindictam
1288 2130 1497 2212 reproborum,

308 2236 443 2297 volentes
466 2255 501 2296 ex
523 2233 621 2296 cilicio
644 2234 800 2316 dignitatis
829 2243 981 2321 assumpte
1004 2239 1220 2301 sceleratorum
1242 2237 1395 2300 maliciam
1417 2238 1498 2301 cohi·

311 2342 400 2406 here:
428 2341 562 2406 fidelitati
585 2348 685 2405 vestre
706 2344 826 2425 precise
848 2344 1033 2417 mandamus,
1057 2352 1203 2428 quatenus
1227 2345 1264 2408 ad
1289 2346 1498 2409 detencionent

313 2456 344 2513 et
366 2452 541 2534 capcionem
557 2451 613 2520 N..
641 2451 690 2534 qui
718 2451 755 2513 de
785 2451 888 2514 ordine
913 2451 1167 2534 cysterciensium
1184 2453 1224 2537 a]
1251 2454 1341 2516 velud
1369 2459 1504 2535 apostata

242 2615 246 2622 ,
313 2559 422 2622 dicitur
450 2559 557 2623 exiisse
586 2567 616 2623 et
643 2581 698 2643 per
726 2559 950 2641 ingratitudinis
979 2561 1158 2626 detestabile
1188 2561 1298 2624 vicium
1321 2563 1352 2624 in
1377 2564 1501 2626 eundem

313 2666 466 2738 ordinem,
498 2667 583 2730 cuius
605 2667 748 2732 uberibus
774 2667 920 2731 deliciose
954 2668 1050 2732 extitit
1077 2670 1241 2743 educatus,
1274 2670 1427 2734 hostiliter
1442 2677 1499 2734 tam

213 2849 219 2858 ι
312 2774 459 2838 incendiis
489 2795 576 2858 quarn
602 2777 717 2858 rapinis
752 2776 915 2839 crudeliter
951 2776 1151 2850 debachatur,
1186 2779 1365 2841 omnimodis
1399 2777 1500 2841 studiis

311 2888 342 2945 et
369 2883 450 2945 curis
479 2883 645 2947 efficaciter
671 2884 852 2954 intendatis,
881 2887 1029 2948 servaturi
1055 2887 1171 2970 ipsum,
1198 2893 1232 2951 ut
1258 2889 1341 2952 iuxta
1370 2888 1499 2950 multitu·

315 2991 413 3053 dinem
429 2998 623 3073 peccatorum
641 2992 822 3073 condignam
840 2999 870 3056 et
887 2993 1019 3056 debitam
1035 3014 1143 3077 penam
1159 2997 1258 3058 valeat
1274 3003 1441 3078 reportare.

868 3198 930 3271 tlt.

678 3375 740 3437 lter
755 3374 951 3439 ilementum
968 3375 999 3439 N.
1016 3379 1129 3458 regine.

860 3531 940 3586 1276.

307 3657 398 3727 Konip
409 3657 515 3727 iludoll
531 3657 648 3712 schreibt
669 3659 717 3711 der
741 3658 832 3713 Witmc
850 3660 898 3712 dea
910 3657 1011 3730 Koniqa
1026 3659 1140 3730 Stephon
1161 3678 1211 3715 oon
1229 3663 1354 3732 Unpam,
1378 3681 1409 3717 er
1428 3662 1497 3716 orode

310 3761 401 3814 coepero
419 3747 469 3799 der
492 3764 541 3800 von
560 3745 605 3800 e'br
624 3745 806 3802 mmunerbren
825 3746 959 3801 ebeliaben
981 3747 1146 3819 Verbindunp
1166 3748 1240 3804 three
1258 3750 1497 3806 minorantem

303 3831 349 3886 mit
370 3832 459 3888 aeiner
480 3835 590 3890 Tocbter
613 3835 754 3890 Clementia
772 3835 821 3889 nsit
839 3835 931 3890 eduen
954 3837 1069 3891 Faraten
1088 3837 1147 3892 atel
1159 3838 1295 3906 berutden,
1310 3859 1356 3895 um
1370 3843 1440 3895 detta
1453 3840 1496 3894 tte

513 3925 566 3980 ilar
579 3945 610 3980 eo
624 3926 786 3982 erwdnecbte
801 3926 889 3980 Scede
901 3945 958 3980 eam
968 3926 1113 3983 abactam
1125 3948 1156 3984 zu
1170 3929 1289 4001 bra’npea.

400 4070 526 4142 Palaciy,
540 4071 757 4134 Formelbrieber,
771 4088 797 4140 p.
811 4069 873 4145 tlt,
887 4089 912 4124 n.
928 4069 987 4124 114.
1002 4069 1148 4135 Bodmaun,
1160 4091 1187 4144 p.
1202 4074 1246 4128 oo.

395 4216 672 4299 Congratulacionis
686 4217 783 4279 amice
794 4217 953 4300 placiditas
966 4219 1060 4282 literis
1072 4218 1192 4291 vestris,
1210 4240 1285 4303 quas
1299 4242 1399 4303 nuper
1409 4222 1490 4286 ualde

304 4332 460 4412 gratanter
479 4326 662 4407 accepimus,
683 4337 773 4408 super
790 4327 948 4388 fortunatis
968 4331 997 4388 et
1009 4328 1162 4409 prosperis
1176 4335 1279 4392 nostre
1298 4331 1338 4414 b)
1354 4333 1493 4396 sublima-

396 4453 430 4520 a)
445 4454 518 4508 suu
531 4451 760 4523 cystercienaium,
773 4453 885 4512 fratrum
897 4455 927 4510 rt
941 4453 1083 4512 bodenenc.
1100 4488 1130 4500 -
1146 4454 1177 4525 l)
1192 4461 1282 4514 rastra
1295 4459 1325 4514 V.
