<?xml version="1.0" encoding="UTF-8"?>
<!DOCTYPE html PUBLIC "-//W3C//DTD XHTML 1.0 Transitional//EN"
    "http://www.w3.org/TR/xhtml1/DTD/xhtml1-transitional.dtd">
<html xmlns="http://www.w3.org/1999/xhtml" xml:lang="en" lang="en">
 <head>
  <title>
</title>
<meta http-equiv="Content-Type" content="text/html;charset=utf-8" />
  <meta name='ocr-system' content='tesseract 3.04.00' />
  <meta name='ocr-capabilities' content='ocr_page ocr_carea ocr_par ocr_line ocrx_word'/>
</head>
<body>
  <div class='ocr_page' id='page_1' title='image "./fontesrerumaust01kommgoog_0242.png"; bbox 0 0 3112 5118; ppageno 0'>
   <div class='ocr_carea' id='block_1_1' title="bbox 1143 380 1219 449">
    <p class='ocr_par' dir='ltr' id='par_1_1' title="bbox 1143 380 1219 449">
     <span class='ocr_line' id='line_1_1' title="bbox 1143 380 1219 449; baseline 0 0"><span class='ocrx_word' id='word_1_1' title='bbox 1143 380 1219 449; x_wconf 83' lang='lat'><strong>213</strong></span> 
     </span>
    </p>
   </div>
   <div class='ocr_carea' id='block_1_2' title="bbox 46 550 1222 722">
    <p class='ocr_par' dir='ltr' id='par_1_2' title="bbox 46 550 1222 722">
     <span class='ocr_line' id='line_1_2' title="bbox 46 550 1222 637; baseline 0.002 -27"><span class='ocrx_word' id='word_1_2' title='bbox 46 569 89 612; x_wconf 78' lang='lat' dir='ltr'><strong>ros</strong></span> <span class='ocrx_word' id='word_1_3' title='bbox 104 550 243 620; x_wconf 76' lang='lat' dir='ltr'><strong>recolitis,</strong></span> <span class='ocrx_word' id='word_1_4' title='bbox 259 551 455 630; x_wconf 82' lang='lat' dir='ltr'><strong>pinguiorem</strong></span> <span class='ocrx_word' id='word_1_5' title='bbox 473 571 545 632; x_wconf 88' lang='lat' dir='ltr'><strong>erga</strong></span> <span class='ocrx_word' id='word_1_6' title='bbox 563 573 616 616; x_wconf 85' lang='lat' dir='ltr'><strong>nos</strong></span> <span class='ocrx_word' id='word_1_7' title='bbox 630 552 667 637; x_wconf 85' lang='grc' dir='ltr'><strong>η)</strong></span> <span class='ocrx_word' id='word_1_8' title='bbox 681 571 800 633; x_wconf 78' lang='lat' dir='ltr'><strong>semper</strong></span> <span class='ocrx_word' id='word_1_9' title='bbox 811 554 842 615; x_wconf 90' lang='lat' dir='ltr'><strong>in</strong></span> <span class='ocrx_word' id='word_1_10' title='bbox 858 553 962 616; x_wconf 88' lang='lat' dir='ltr'><strong>melius</strong></span> <span class='ocrx_word' id='word_1_11' title='bbox 979 550 1222 634; x_wconf 80' lang='lat' dir='ltr'><strong>munificenciam</strong></span> 
     </span>
     <span class='ocr_line' id='line_1_3' title="bbox 47 657 522 722; baseline 0.013 -6"><span class='ocrx_word' id='word_1_12' title='bbox 47 657 164 718; x_wconf 86' lang='lat' dir='ltr'><strong>invenire</strong></span> <span class='ocrx_word' id='word_1_13' title='bbox 181 657 218 719; x_wconf 88' lang='lat' dir='ltr'><strong>de</strong></span> <span class='ocrx_word' id='word_1_14' title='bbox 236 664 340 720; x_wconf 88' lang='lat' dir='ltr'><strong>cetero</strong></span> <span class='ocrx_word' id='word_1_15' title='bbox 356 658 522 722; x_wconf 85' lang='lat' dir='ltr'><strong>confidatis.</strong></span> 
     </span>
    </p>
   </div>
   <div class='ocr_carea' id='block_1_3' title="bbox 43 808 1221 1334">
    <p class='ocr_par' dir='ltr' id='par_1_3' title="bbox 43 808 1221 1334">
     <span class='ocr_line' id='line_1_4' title="bbox 124 808 1218 884; baseline 0 -15"><span class='ocrx_word' id='word_1_16' title='bbox 124 816 318 884; x_wconf 83' lang='lat' dir='ltr'><strong>Vergleiclrung</strong></span> <span class='ocrx_word' id='word_1_17' title='bbox 333 819 397 870; x_wconf 82' lang='lat' dir='ltr'><strong>mit:</strong></span> <span class='ocrx_word' id='word_1_18' title='bbox 417 819 488 872; x_wconf 83' lang='lat' dir='ltr'><strong>Patr.</strong></span> <span class='ocrx_word' id='word_1_19' title='bbox 507 819 541 871; x_wconf 89' lang='lat' dir='ltr'><strong>de</strong></span> <span class='ocrx_word' id='word_1_20' title='bbox 559 819 616 872; x_wconf 90' lang='lat' dir='ltr'><strong>Vin.</strong></span> <span class='ocrx_word' id='word_1_21' title='bbox 637 818 662 882; x_wconf 78' lang='grc'><strong>3,</strong></span> <span class='ocrx_word' id='word_1_22' title='bbox 682 819 716 871; x_wconf 75' lang='lat'><strong>25</strong></span> <span class='ocrx_word' id='word_1_23' title='bbox 736 819 782 872; x_wconf 86' lang='lat' dir='ltr'><strong>mit</strong></span> <span class='ocrx_word' id='word_1_24' title='bbox 803 818 851 872; x_wconf 90' lang='lat' dir='ltr'><strong>der</strong></span> <span class='ocrx_word' id='word_1_25' title='bbox 864 808 1031 873; x_wconf 77' lang='lat' dir='ltr'><strong>Uberscbrift</strong></span> <span class='ocrx_word' id='word_1_26' title='bbox 1045 817 1148 872; x_wconf 83' lang='lat' dir='ltr'><strong>Pisanis</strong></span> <span class='ocrx_word' id='word_1_27' title='bbox 1161 824 1218 872; x_wconf 89' lang='lat' dir='ltr'><strong>ete.</strong></span> 
     </span>
     <span class='ocr_line' id='line_1_5' title="bbox 44 902 1221 976; baseline 0.005 -22"><span class='ocrx_word' id='word_1_28' title='bbox 44 902 86 954; x_wconf 87' lang='lat' dir='ltr'><strong>nod</strong></span> <span class='ocrx_word' id='word_1_29' title='bbox 108 906 220 958; x_wconf 79' lang='lat' dir='ltr'><strong>Martene</strong></span> <span class='ocrx_word' id='word_1_30' title='bbox 247 905 377 960; x_wconf 76' lang='lat' dir='ltr'>collectio</span> <span class='ocrx_word' id='word_1_31' title='bbox 402 907 428 967; x_wconf 79' lang='grc'><strong>2,</strong></span> <span class='ocrx_word' id='word_1_32' title='bbox 452 905 522 960; x_wconf 80' lang='lat'>1207</span> <span class='ocrx_word' id='word_1_33' title='bbox 547 907 684 961; x_wconf 83' lang='lat' dir='ltr'><strong>Corradus</strong></span> <span class='ocrx_word' id='word_1_34' title='bbox 696 913 749 962; x_wconf 86' lang='lat' dir='ltr'><strong>etc.</strong></span> <span class='ocrx_word' id='word_1_35' title='bbox 764 908 873 976; x_wconf 79' lang='lat' dir='ltr'><strong>bajulis,</strong></span> <span class='ocrx_word' id='word_1_36' title='bbox 900 908 1046 969; x_wconf 88' lang='lat' dir='ltr'><strong>iudicibus,</strong></span> <span class='ocrx_word' id='word_1_37' title='bbox 1073 907 1221 960; x_wconf 81' lang='lat' dir='ltr'><strong>bominibus</strong></span> 
     </span>
     <span class='ocr_line' id='line_1_6' title="bbox 44 993 1221 1067; baseline 0.003 -23"><span class='ocrx_word' id='word_1_38' title='bbox 44 993 186 1047; x_wconf 81' lang='lat' dir='ltr'><strong>Panormi.</strong></span> <span class='ocrx_word' id='word_1_39' title='bbox 207 1023 244 1033; x_wconf 89' lang='lat'>-</span> <span class='ocrx_word' id='word_1_40' title='bbox 263 996 293 1060; x_wconf 89' lang='grc' dir='ltr'><strong>α)</strong></span> <span class='ocrx_word' id='word_1_41' title='bbox 312 996 431 1062; x_wconf 77' lang='lat' dir='ltr'>magistri</span> <span class='ocrx_word' id='word_1_42' title='bbox 453 1001 505 1049; x_wconf 91' lang='lat' dir='ltr'><strong>etc.</strong></span> <span class='ocrx_word' id='word_1_43' title='bbox 520 996 566 1067; x_wconf 80' lang='lat' dir='ltr'><strong>(C.</strong></span> <span class='ocrx_word' id='word_1_44' title='bbox 580 997 716 1067; x_wconf 77' lang='lat' dir='ltr'><strong>blatteus)</strong></span> <span class='ocrx_word' id='word_1_45' title='bbox 731 999 870 1051; x_wconf 74' lang='lat' dir='ltr'><strong>secretarii</strong></span> <span class='ocrx_word' id='word_1_46' title='bbox 885 997 968 1051; x_wconf 87' lang='lat' dir='ltr'><strong>nostrl</strong></span> <span class='ocrx_word' id='word_1_47' title='bbox 983 996 1173 1051; x_wconf 66' lang='lat' dir='ltr'><strong>SiciliaePetr.</strong></span> <span class='ocrx_word' id='word_1_48' title='bbox 1188 995 1221 1048; x_wconf 88' lang='lat' dir='ltr'><strong>de</strong></span> 
     </span>
     <span class='ocr_line' id='line_1_7' title="bbox 43 1081 1220 1156; baseline 0.003 -22"><span class='ocrx_word' id='word_1_49' title='bbox 43 1081 90 1134; x_wconf 86' lang='lat' dir='ltr'><strong>llin.</strong></span> <span class='ocrx_word' id='word_1_50' title='bbox 106 1084 228 1136; x_wconf 77' lang='lat' dir='ltr'><strong>Mariana.</strong></span> <span class='ocrx_word' id='word_1_51' title='bbox 243 1114 275 1123; x_wconf 88' lang='lat'>-</span> <span class='ocrx_word' id='word_1_52' title='bbox 289 1084 321 1150; x_wconf 80' lang='grc' dir='ltr'><strong>β)</strong></span> <span class='ocrx_word' id='word_1_53' title='bbox 340 1084 450 1139; x_wconf 87' lang='lat' dir='ltr'><strong>inertiae</strong></span> <span class='ocrx_word' id='word_1_54' title='bbox 469 1086 545 1139; x_wconf 86' lang='lat' dir='ltr'><strong>Mart.</strong></span> <span class='ocrx_word' id='word_1_55' title='bbox 564 1116 592 1124; x_wconf 86' lang='lat'><em>-</em></span> <span class='ocrx_word' id='word_1_56' title='bbox 607 1085 640 1156; x_wconf 70' lang='lat' dir='ltr'><strong>a)</strong></span> <span class='ocrx_word' id='word_1_57' title='bbox 660 1087 735 1140; x_wconf 86' lang='lat' dir='ltr'><strong>nobis</strong></span> <span class='ocrx_word' id='word_1_58' title='bbox 755 1087 827 1139; x_wconf 79' lang='lat' dir='ltr'><strong>Pete.</strong></span> <span class='ocrx_word' id='word_1_59' title='bbox 846 1086 872 1138; x_wconf 87' lang='lat' dir='ltr'><strong>d.</strong></span> <span class='ocrx_word' id='word_1_60' title='bbox 894 1086 923 1139; x_wconf 87' lang='lat' dir='ltr'><strong>V.</strong></span> <span class='ocrx_word' id='word_1_61' title='bbox 941 1116 971 1127; x_wconf 94' lang='lat'>—</span> <span class='ocrx_word' id='word_1_62' title='bbox 986 1084 1017 1156; x_wconf 82' lang='grc' dir='ltr'><strong>δ)</strong></span> <span class='ocrx_word' id='word_1_63' title='bbox 1039 1085 1128 1138; x_wconf 89' lang='lat' dir='ltr'><strong>nubila</strong></span> <span class='ocrx_word' id='word_1_64' title='bbox 1147 1087 1220 1137; x_wconf 86' lang='lat' dir='ltr'><strong>Petr.</strong></span> 
     </span>
     <span class='ocr_line' id='line_1_8' title="bbox 43 1169 1220 1243; baseline 0.005 -23"><span class='ocrx_word' id='word_1_65' title='bbox 43 1197 72 1208; x_wconf 92' lang='grc'><strong>-</strong></span> <span class='ocrx_word' id='word_1_66' title='bbox 87 1169 111 1238; x_wconf 88' lang='grc' dir='ltr'><strong>ε)</strong></span> <span class='ocrx_word' id='word_1_67' title='bbox 128 1174 291 1242; x_wconf 85' lang='lat' dir='ltr'><strong>complacuit</strong></span> <span class='ocrx_word' id='word_1_68' title='bbox 307 1175 377 1225; x_wconf 90' lang='lat' dir='ltr'><strong>Petr.</strong></span> <span class='ocrx_word' id='word_1_69' title='bbox 396 1175 472 1226; x_wconf 88' lang='lat' dir='ltr'><strong>lllart.</strong></span> <span class='ocrx_word' id='word_1_70' title='bbox 497 1203 525 1213; x_wconf 93' lang='lat'><em>-</em></span> <span class='ocrx_word' id='word_1_71' title='bbox 546 1175 574 1239; x_wconf 79' lang='grc' dir='ltr'><strong>ζ)</strong></span> <span class='ocrx_word' id='word_1_72' title='bbox 591 1175 649 1228; x_wconf 84' lang='lat' dir='ltr'><strong>Von</strong></span> <span class='ocrx_word' id='word_1_73' title='bbox 667 1177 701 1227; x_wconf 81' lang='lat' dir='ltr'><strong>ut</strong></span> <span class='ocrx_word' id='word_1_74' title='bbox 719 1174 842 1243; x_wconf 87' lang='lat' dir='ltr'><strong>quoniam</strong></span> <span class='ocrx_word' id='word_1_75' title='bbox 864 1206 898 1214; x_wconf 95' lang='lat'>—</span> <span class='ocrx_word' id='word_1_76' title='bbox 918 1176 1049 1243; x_wconf 87' lang='lat' dir='ltr'><strong>majestas</strong></span> <span class='ocrx_word' id='word_1_77' title='bbox 1070 1174 1143 1226; x_wconf 87' lang='lat' dir='ltr'><strong>Petr.</strong></span> <span class='ocrx_word' id='word_1_78' title='bbox 1167 1173 1220 1226; x_wconf 87' lang='lat' dir='ltr'><strong>und</strong></span> 
     </span>
     <span class='ocr_line' id='line_1_9' title="bbox 44 1259 1124 1334; baseline 0.004 -24"><span class='ocrx_word' id='word_1_79' title='bbox 44 1259 147 1313; x_wconf 86' lang='lat' dir='ltr'><strong>llartene</strong></span> <span class='ocrx_word' id='word_1_80' title='bbox 159 1262 256 1314; x_wconf 85' lang='lat' dir='ltr'><strong>andere</strong></span> <span class='ocrx_word' id='word_1_81' title='bbox 271 1262 400 1330; x_wconf 76' lang='lat' dir='ltr'><strong>Fassung.</strong></span> <span class='ocrx_word' id='word_1_82' title='bbox 413 1291 448 1300; x_wconf 95' lang='lat'>—</span> <span class='ocrx_word' id='word_1_83' title='bbox 461 1261 494 1332; x_wconf 84' lang='grc' dir='ltr'><strong>η)</strong></span> <span class='ocrx_word' id='word_1_84' title='bbox 508 1262 629 1332; x_wconf 82' lang='lat' dir='ltr'><strong>ldrerga</strong></span> <span class='ocrx_word' id='word_1_85' title='bbox 642 1281 688 1316; x_wconf 88' lang='lat' dir='ltr'><strong>nos</strong></span> <span class='ocrx_word' id='word_1_86' title='bbox 702 1264 772 1334; x_wconf 91' lang='lat' dir='ltr'><strong>apud</strong></span> <span class='ocrx_word' id='word_1_87' title='bbox 786 1281 834 1316; x_wconf 84' lang='lat' dir='ltr'><strong>nos</strong></span> <span class='ocrx_word' id='word_1_88' title='bbox 847 1265 917 1316; x_wconf 88' lang='lat' dir='ltr'><strong>Pctr.</strong></span> <span class='ocrx_word' id='word_1_89' title='bbox 931 1264 985 1317; x_wconf 89' lang='lat' dir='ltr'><strong>und</strong></span> <span class='ocrx_word' id='word_1_90' title='bbox 1000 1264 1124 1317; x_wconf 79' lang='lat' dir='ltr'><strong>Murteae.</strong></span> 
     </span>
    </p>
   </div>
   <div class='ocr_carea' id='block_1_4' title="bbox 613 1558 649 1624">
    <p class='ocr_par' dir='ltr' id='par_1_4' title="bbox 613 1558 649 1624">
     <span class='ocr_line' id='line_1_10' title="bbox 613 1558 649 1624; baseline -0.056 0"><span class='ocrx_word' id='word_1_91' title='bbox 613 1558 649 1624; x_wconf 84' lang='lat'><strong>9.</strong></span> 
     </span>
    </p>
   </div>
   <div class='ocr_carea' id='block_1_5' title="bbox 421 1731 827 1810">
    <p class='ocr_par' dir='ltr' id='par_1_5' title="bbox 421 1731 827 1810">
     <span class='ocr_line' id='line_1_11' title="bbox 421 1731 827 1810; baseline -0.005 -16"><span class='ocrx_word' id='word_1_92' title='bbox 421 1732 588 1810; x_wconf 72' lang='lat' dir='ltr'><strong>temperator</strong></span> <span class='ocrx_word' id='word_1_93' title='bbox 610 1731 674 1808; x_wconf 78' lang='lat' dir='ltr'><strong>regi</strong></span> <span class='ocrx_word' id='word_1_94' title='bbox 697 1731 827 1793; x_wconf 72' lang='lat' dir='ltr'><strong>treacle.</strong></span> 
     </span>
    </p>
   </div>
   <div class='ocr_carea' id='block_1_6' title="bbox 40 1881 1222 2028">
    <p class='ocr_par' dir='ltr' id='par_1_6' title="bbox 40 1881 1222 2028">
     <span class='ocr_line' id='line_1_12' title="bbox 40 1881 1222 1956; baseline 0.007 -24"><span class='ocrx_word' id='word_1_95' title='bbox 40 1881 169 1938; x_wconf 77' lang='lat' dir='ltr'><strong>Friedrich</strong></span> <span class='ocrx_word' id='word_1_96' title='bbox 180 1885 215 1938; x_wconf 85' lang='grc' dir='ltr'><strong>Η.</strong></span> <span class='ocrx_word' id='word_1_97' title='bbox 231 1884 339 1955; x_wconf 80' lang='lat' dir='ltr'><strong>fordert</strong></span> <span class='ocrx_word' id='word_1_98' title='bbox 358 1886 409 1941; x_wconf 83' lang='lat' dir='ltr'><strong>deu</strong></span> <span class='ocrx_word' id='word_1_99' title='bbox 422 1884 509 1956; x_wconf 76' lang='lat' dir='ltr'><strong>Konip</strong></span> <span class='ocrx_word' id='word_1_100' title='bbox 527 1903 578 1941; x_wconf 85' lang='lat' dir='ltr'><strong>oon</strong></span> <span class='ocrx_word' id='word_1_101' title='bbox 589 1885 755 1943; x_wconf 65' lang='lat' dir='ltr'><strong>maerech</strong></span> <span class='ocrx_word' id='word_1_102' title='bbox 773 1884 839 1956; x_wconf 74' lang='lat' dir='ltr'><strong>aas,</strong></span> <span class='ocrx_word' id='word_1_103' title='bbox 861 1886 912 1948; x_wconf 79' lang='lat' dir='ltr'><strong>dere</strong></span> <span class='ocrx_word' id='word_1_104' title='bbox 925 1885 1156 1944; x_wconf 77' lang='lat' dir='ltr'><strong>Handelsoerlrebr</strong></span> <span class='ocrx_word' id='word_1_105' title='bbox 1174 1886 1222 1941; x_wconf 79' lang='lat' dir='ltr'><strong>mit</strong></span> 
     </span>
     <span class='ocr_line' id='line_1_13' title="bbox 327 1973 915 2028; baseline 0.002 -2"><span class='ocrx_word' id='word_1_106' title='bbox 327 1975 379 2026; x_wconf 84' lang='lat' dir='ltr'><strong>dea</strong></span> <span class='ocrx_word' id='word_1_107' title='bbox 390 1973 562 2028; x_wconf 78' lang='lat' dir='ltr'><strong>rebelliacbcn</strong></span> <span class='ocrx_word' id='word_1_108' title='bbox 574 1975 716 2028; x_wconf 61' lang='lat' dir='ltr'><strong>manaem</strong></span> <span class='ocrx_word' id='word_1_109' title='bbox 728 1973 915 2028; x_wconf 63' lang='lat' dir='ltr'><strong>chabrecbe&#39;n.</strong></span> 
     </span>
    </p>
   </div>
   <div class='ocr_carea' id='block_1_7' title="bbox 121 2114 846 2185">
    <p class='ocr_par' dir='ltr' id='par_1_7' title="bbox 121 2114 846 2185">
     <span class='ocr_line' id='line_1_14' title="bbox 121 2114 846 2185; baseline 0.007 -19"><span class='ocrx_word' id='word_1_110' title='bbox 121 2115 191 2171; x_wconf 76' lang='lat' dir='ltr'><strong>Patr.</strong></span> <span class='ocrx_word' id='word_1_111' title='bbox 206 2115 241 2166; x_wconf 81' lang='lat' dir='ltr'><strong>tle</strong></span> <span class='ocrx_word' id='word_1_112' title='bbox 255 2114 311 2167; x_wconf 88' lang='lat' dir='ltr'><strong>Vin.</strong></span> <span class='ocrx_word' id='word_1_113' title='bbox 325 2116 350 2177; x_wconf 78' lang='lat'><strong>2,</strong></span> <span class='ocrx_word' id='word_1_114' title='bbox 366 2115 400 2169; x_wconf 87' lang='grc'><strong>13</strong></span> <span class='ocrx_word' id='word_1_115' title='bbox 414 2115 613 2185; x_wconf 84' lang='lat' dir='ltr'><strong>gleicblautend</strong></span> <span class='ocrx_word' id='word_1_116' title='bbox 627 2133 659 2171; x_wconf 89' lang='lat' dir='ltr'><strong>an</strong></span> <span class='ocrx_word' id='word_1_117' title='bbox 673 2117 716 2171; x_wconf 88' lang='lat' dir='ltr'><strong>die</strong></span> <span class='ocrx_word' id='word_1_118' title='bbox 728 2117 846 2171; x_wconf 86' lang='lat' dir='ltr'><strong>Pisaner.</strong></span> 
     </span>
    </p>
   </div>
   <div class='ocr_carea' id='block_1_8' title="bbox 31 2257 1332 4481">
    <p class='ocr_par' dir='ltr' id='par_1_8' title="bbox 31 2257 1332 4481">
     <span class='ocr_line' id='line_1_15' title="bbox 114 2257 1219 2343; baseline 0.005 -24"><span class='ocrx_word' id='word_1_119' title='bbox 114 2257 272 2321; x_wconf 76' lang='lat' dir='ltr'><strong>Furiosarn</strong></span> <span class='ocrx_word' id='word_1_120' title='bbox 303 2259 475 2340; x_wconf 82' lang='lat' dir='ltr'><strong>superbiam</strong></span> <span class='ocrx_word' id='word_1_121' title='bbox 507 2265 538 2322; x_wconf 88' lang='lat' dir='ltr'><strong>et</strong></span> <span class='ocrx_word' id='word_1_122' title='bbox 569 2259 730 2342; x_wconf 81' lang='lat' dir='ltr'><strong>superbam</strong></span> <span class='ocrx_word' id='word_1_123' title='bbox 766 2261 875 2323; x_wconf 83' lang='lat' dir='ltr'><strong>furiam</strong></span> <span class='ocrx_word' id='word_1_124' title='bbox 905 2263 1115 2332; x_wconf 81' lang='lat' dir='ltr'><strong>Lucanorum,</strong></span> <span class='ocrx_word' id='word_1_125' title='bbox 1160 2279 1219 2343; x_wconf 87' lang='lat' dir='ltr'><strong>qua</strong></span> 
     </span>
     <span class='ocr_line' id='line_1_16' title="bbox 38 2355 1271 2449; baseline 0.008 -26"><span class='ocrx_word' id='word_1_126' title='bbox 38 2365 174 2436; x_wconf 90' lang='lat' dir='ltr'><strong>succensi,</strong></span> <span class='ocrx_word' id='word_1_127' title='bbox 191 2368 358 2428; x_wconf 87' lang='lat' dir='ltr'><strong>frementes</strong></span> <span class='ocrx_word' id='word_1_128' title='bbox 376 2387 409 2428; x_wconf 91' lang='lat' dir='ltr'><strong>se</strong></span> <span class='ocrx_word' id='word_1_129' title='bbox 427 2371 531 2430; x_wconf 88' lang='lat' dir='ltr'><strong>contra</strong></span> <span class='ocrx_word' id='word_1_130' title='bbox 546 2368 643 2430; x_wconf 90' lang='lat' dir='ltr'><strong>Deum</strong></span> <span class='ocrx_word' id='word_1_131' title='bbox 665 2371 696 2429; x_wconf 92' lang='lat' dir='ltr'><strong>et</strong></span> <span class='ocrx_word' id='word_1_132' title='bbox 707 2368 870 2430; x_wconf 87' lang='lat' dir='ltr'><strong>Romanum</strong></span> <span class='ocrx_word' id='word_1_133' title='bbox 883 2368 1040 2449; x_wconf 88' lang='lat' dir='ltr'><strong>imperium</strong></span> <span class='ocrx_word' id='word_1_134' title='bbox 1052 2373 1220 2439; x_wconf 82' lang='lat' dir='ltr'><strong>erexerunt,</strong></span> <span class='ocrx_word' id='word_1_135' title='bbox 1269 2355 1271 2365; x_wconf 15' lang='grc' dir='ltr'>ι</span> 
     </span>
     <span class='ocr_line' id='line_1_17' title="bbox 38 2471 1221 2557; baseline 0.008 -27"><span class='ocrx_word' id='word_1_136' title='bbox 38 2473 206 2550; x_wconf 86' lang='lat' dir='ltr'><strong>superfluum</strong></span> <span class='ocrx_word' id='word_1_137' title='bbox 231 2480 313 2537; x_wconf 88' lang='lat' dir='ltr'><strong>esset</strong></span> <span class='ocrx_word' id='word_1_138' title='bbox 336 2471 496 2536; x_wconf 87' lang='lat' dir='ltr'><strong>devocioni</strong></span> <span class='ocrx_word' id='word_1_139' title='bbox 512 2479 614 2538; x_wconf 80' lang='lat' dir='ltr'><strong>vestre</strong></span> <span class='ocrx_word' id='word_1_140' title='bbox 629 2493 684 2556; x_wconf 90' lang='lat' dir='ltr'><strong>per</strong></span> <span class='ocrx_word' id='word_1_141' title='bbox 700 2474 820 2555; x_wconf 86' lang='lat' dir='ltr'><strong>singula</strong></span> <span class='ocrx_word' id='word_1_142' title='bbox 835 2475 930 2538; x_wconf 88' lang='lat' dir='ltr'><strong>literis</strong></span> <span class='ocrx_word' id='word_1_143' title='bbox 948 2475 1113 2547; x_wconf 86' lang='lat' dir='ltr'><strong>recenseri,</strong></span> <span class='ocrx_word' id='word_1_144' title='bbox 1131 2493 1221 2557; x_wconf 86' lang='lat' dir='ltr'><strong>quam</strong></span> 
     </span>
     <span class='ocr_line' id='line_1_18' title="bbox 34 2576 1221 2664; baseline 0.008 -30"><span class='ocrx_word' id='word_1_145' title='bbox 34 2576 84 2640; x_wconf 88' lang='lat' dir='ltr'><strong>iam</strong></span> <span class='ocrx_word' id='word_1_146' title='bbox 103 2579 196 2643; x_wconf 90' lang='lat' dir='ltr'><strong>lacius</strong></span> <span class='ocrx_word' id='word_1_147' title='bbox 228 2579 410 2661; x_wconf 88' lang='lat' dir='ltr'><strong>divulgatam</strong></span> <span class='ocrx_word' id='word_1_148' title='bbox 437 2600 491 2643; x_wconf 88' lang='lat' dir='ltr'><strong>vos</strong></span> <span class='ocrx_word' id='word_1_149' title='bbox 517 2582 668 2644; x_wconf 88' lang='lat' dir='ltr'><strong>credimus</strong></span> <span class='ocrx_word' id='word_1_150' title='bbox 691 2602 751 2645; x_wconf 91' lang='lat' dir='ltr'><strong>uon</strong></span> <span class='ocrx_word' id='word_1_151' title='bbox 773 2582 878 2644; x_wconf 89' lang='lat' dir='ltr'><strong>latere.</strong></span> <span class='ocrx_word' id='word_1_152' title='bbox 914 2583 977 2646; x_wconf 85' lang='lat' dir='ltr'><strong>Sed</strong></span> <span class='ocrx_word' id='word_1_153' title='bbox 1000 2602 1057 2644; x_wconf 92' lang='lat' dir='ltr'><strong>nec</strong></span> <span class='ocrx_word' id='word_1_154' title='bbox 1074 2581 1221 2664; x_wconf 89' lang='lat' dir='ltr'><strong>quosdam</strong></span> 
     </span>
     <span class='ocr_line' id='line_1_19' title="bbox 36 2687 1221 2770; baseline 0.005 -26"><span class='ocrx_word' id='word_1_155' title='bbox 36 2702 164 2747; x_wconf 85' lang='lat' dir='ltr'><strong>excessus</strong></span> <span class='ocrx_word' id='word_1_156' title='bbox 194 2687 361 2749; x_wconf 90' lang='lat' dir='ltr'><strong>eorundem</strong></span> <span class='ocrx_word' id='word_1_157' title='bbox 376 2688 513 2753; x_wconf 90' lang='lat' dir='ltr'><strong>volumus</strong></span> <span class='ocrx_word' id='word_1_158' title='bbox 530 2687 586 2751; x_wconf 90' lang='lat' dir='ltr'><strong>sub</strong></span> <span class='ocrx_word' id='word_1_159' title='bbox 604 2687 730 2750; x_wconf 88' lang='lat' dir='ltr'><strong>silencio</strong></span> <span class='ocrx_word' id='word_1_160' title='bbox 755 2688 922 2770; x_wconf 90' lang='lat' dir='ltr'><strong>preterire,</strong></span> <span class='ocrx_word' id='word_1_161' title='bbox 950 2694 984 2752; x_wconf 89' lang='lat' dir='ltr'><strong>ut</strong></span> <span class='ocrx_word' id='word_1_162' title='bbox 1005 2709 1071 2761; x_wconf 82' lang='lat' dir='ltr'><strong>vos,</strong></span> <span class='ocrx_word' id='word_1_163' title='bbox 1096 2689 1221 2752; x_wconf 87' lang='lat' dir='ltr'><strong>celsitu-</strong></span> 
     </span>
     <span class='ocr_line' id='line_1_20' title="bbox 38 2790 1219 2879; baseline 0.007 -28"><span class='ocrx_word' id='word_1_164' title='bbox 38 2790 105 2853; x_wconf 88' lang='lat' dir='ltr'><strong>dinis</strong></span> <span class='ocrx_word' id='word_1_165' title='bbox 121 2799 227 2856; x_wconf 89' lang='lat' dir='ltr'><strong>nostre</strong></span> <span class='ocrx_word' id='word_1_166' title='bbox 243 2794 331 2856; x_wconf 86' lang='lat' dir='ltr'><strong>zelati</strong></span> <span class='ocrx_word' id='word_1_167' title='bbox 348 2795 495 2858; x_wconf 90' lang='lat' dir='ltr'><strong>honorem</strong></span> <span class='ocrx_word' id='word_1_168' title='bbox 512 2800 542 2858; x_wconf 92' lang='lat' dir='ltr'><strong>et</strong></span> <span class='ocrx_word' id='word_1_169' title='bbox 558 2794 741 2858; x_wconf 84' lang='lat' dir='ltr'><strong>abhominati</strong></span> <span class='ocrx_word' id='word_1_170' title='bbox 756 2795 857 2858; x_wconf 90' lang='lat' dir='ltr'><strong>verius</strong></span> <span class='ocrx_word' id='word_1_171' title='bbox 874 2796 1063 2879; x_wconf 88' lang='lat' dir='ltr'><strong>iniquitatem</strong></span> <span class='ocrx_word' id='word_1_172' title='bbox 1074 2797 1219 2877; x_wconf 90' lang='lat' dir='ltr'><strong>ipsorum,</strong></span> 
     </span>
     <span class='ocr_line' id='line_1_21' title="bbox 35 2898 1221 2981; baseline 0.004 -22"><span class='ocrx_word' id='word_1_173' title='bbox 35 2898 67 2960; x_wconf 88' lang='lat' dir='ltr'><strong>ad</strong></span> <span class='ocrx_word' id='word_1_174' title='bbox 85 2907 216 2966; x_wconf 78' lang='lat' dir='ltr'><strong>noscam</strong></span> <span class='ocrx_word' id='word_1_175' title='bbox 240 2907 271 2962; x_wconf 88' lang='lat' dir='ltr'><strong>et</strong></span> <span class='ocrx_word' id='word_1_176' title='bbox 292 2900 410 2981; x_wconf 88' lang='lat' dir='ltr'><strong>imperii</strong></span> <span class='ocrx_word' id='word_1_177' title='bbox 432 2901 643 2964; x_wconf 82' lang='lat' dir='ltr'><strong>vindicandam</strong></span> <span class='ocrx_word' id='word_1_178' title='bbox 665 2901 805 2965; x_wconf 89' lang='lat' dir='ltr'><strong>iniuriam</strong></span> <span class='ocrx_word' id='word_1_179' title='bbox 827 2909 858 2966; x_wconf 91' lang='lat' dir='ltr'><strong>et</strong></span> <span class='ocrx_word' id='word_1_180' title='bbox 879 2903 996 2966; x_wconf 90' lang='lat' dir='ltr'><strong>illorum</strong></span> <span class='ocrx_word' id='word_1_181' title='bbox 1024 2902 1221 2966; x_wconf 82' lang='lat' dir='ltr'><strong>insolenciam</strong></span> 
     </span>
     <span class='ocr_line' id='line_1_22' title="bbox 35 3005 1220 3093; baseline 0.004 -28"><span class='ocrx_word' id='word_1_182' title='bbox 35 3005 224 3070; x_wconf 81' lang='lat' dir='ltr'><strong>edomandam</strong></span> <span class='ocrx_word' id='word_1_183' title='bbox 241 3009 394 3088; x_wconf 89' lang='lat' dir='ltr'><strong>exurgatis</strong></span> <span class='ocrx_word' id='word_1_184' title='bbox 409 3016 550 3090; x_wconf 88' lang='lat' dir='ltr'><strong>potenter</strong></span> <span class='ocrx_word' id='word_1_185' title='bbox 563 3010 678 3090; x_wconf 87' lang='lat' dir='ltr'><strong>pariter</strong></span> <span class='ocrx_word' id='word_1_186' title='bbox 700 3015 730 3072; x_wconf 92' lang='lat' dir='ltr'><strong>et</strong></span> <span class='ocrx_word' id='word_1_187' title='bbox 750 3016 897 3093; x_wconf 88' lang='lat' dir='ltr'><strong>patenter.</strong></span> <span class='ocrx_word' id='word_1_188' title='bbox 930 3010 1007 3074; x_wconf 82' lang='lat' dir='ltr'><strong>Cum</strong></span> <span class='ocrx_word' id='word_1_189' title='bbox 1029 3009 1107 3072; x_wconf 82' lang='lat' dir='ltr'><strong>emm</strong></span> <span class='ocrx_word' id='word_1_190' title='bbox 1128 3009 1220 3071; x_wconf 90' lang='lat' dir='ltr'><strong>iidem</strong></span> 
     </span>
     <span class='ocr_line' id='line_1_23' title="bbox 33 3112 1220 3201; baseline 0.005 -28"><span class='ocrx_word' id='word_1_191' title='bbox 33 3112 105 3177; x_wconf 88' lang='lat' dir='ltr'><strong>eires</strong></span> <span class='ocrx_word' id='word_1_192' title='bbox 119 3116 158 3178; x_wconf 94' lang='lat' dir='ltr'><strong>ad</strong></span> <span class='ocrx_word' id='word_1_193' title='bbox 174 3115 385 3196; x_wconf 82' lang='lat' dir='ltr'><strong>occupandam</strong></span> <span class='ocrx_word' id='word_1_194' title='bbox 400 3123 513 3180; x_wconf 88' lang='lat' dir='ltr'><strong>terram</strong></span> <span class='ocrx_word' id='word_1_195' title='bbox 533 3118 652 3199; x_wconf 89' lang='lat' dir='ltr'><strong>imperii</strong></span> <span class='ocrx_word' id='word_1_196' title='bbox 668 3119 813 3201; x_wconf 91' lang='lat' dir='ltr'><strong>nequiter</strong></span> <span class='ocrx_word' id='word_1_197' title='bbox 835 3119 1001 3189; x_wconf 85' lang='lat' dir='ltr'><strong>inhiarent,</strong></span> <span class='ocrx_word' id='word_1_198' title='bbox 1030 3137 1082 3181; x_wconf 85' lang='lat' dir='ltr'><strong>eos</strong></span> <span class='ocrx_word' id='word_1_199' title='bbox 1104 3118 1220 3199; x_wconf 83' lang='lat' dir='ltr'><strong>pluries</strong></span> 
     </span>
     <span class='ocr_line' id='line_1_24' title="bbox 33 3223 1220 3304; baseline 0.006 -23"><span class='ocrx_word' id='word_1_200' title='bbox 33 3223 189 3286; x_wconf 88' lang='lat' dir='ltr'><strong>monuimus</strong></span> <span class='ocrx_word' id='word_1_201' title='bbox 207 3225 241 3285; x_wconf 90' lang='lat' dir='ltr'><strong>in</strong></span> <span class='ocrx_word' id='word_1_202' title='bbox 258 3224 365 3304; x_wconf 89' lang='lat' dir='ltr'><strong>spiritu</strong></span> <span class='ocrx_word' id='word_1_203' title='bbox 381 3225 526 3296; x_wconf 90' lang='lat' dir='ltr'><strong>leuitatis,</strong></span> <span class='ocrx_word' id='word_1_204' title='bbox 542 3246 581 3287; x_wconf 90' lang='lat' dir='ltr'><strong>ne</strong></span> <span class='ocrx_word' id='word_1_205' title='bbox 597 3230 711 3288; x_wconf 91' lang='lat' dir='ltr'><strong>tautam</strong></span> <span class='ocrx_word' id='word_1_206' title='bbox 726 3226 813 3288; x_wconf 89' lang='lat' dir='ltr'><strong>nobis</strong></span> <span class='ocrx_word' id='word_1_207' title='bbox 830 3227 1006 3290; x_wconf 88' lang='lat' dir='ltr'><strong>molirentur</strong></span> <span class='ocrx_word' id='word_1_208' title='bbox 1019 3225 1220 3290; x_wconf 83' lang='lat' dir='ltr'><strong>iniuriamseu</strong></span> 
     </span>
     <span class='ocr_line' id='line_1_25' title="bbox 33 3327 1254 3413; baseline 0.005 -25"><span class='ocrx_word' id='word_1_209' title='bbox 33 3327 176 3393; x_wconf 90' lang='lat' dir='ltr'><strong>iacturam.</strong></span> <span class='ocrx_word' id='word_1_210' title='bbox 214 3330 279 3394; x_wconf 88' lang='lat' dir='ltr'><strong>Sed</strong></span> <span class='ocrx_word' id='word_1_211' title='bbox 294 3330 352 3401; x_wconf 91' lang='lat' dir='ltr'><strong>illi,</strong></span> <span class='ocrx_word' id='word_1_212' title='bbox 381 3330 499 3393; x_wconf 88' lang='lat' dir='ltr'><strong>blandis</strong></span> <span class='ocrx_word' id='word_1_213' title='bbox 515 3332 627 3394; x_wconf 89' lang='lat' dir='ltr'><strong>nostris</strong></span> <span class='ocrx_word' id='word_1_214' title='bbox 652 3332 832 3413; x_wconf 90' lang='lat' dir='ltr'><strong>contemptis</strong></span> <span class='ocrx_word' id='word_1_215' title='bbox 855 3333 992 3405; x_wconf 87' lang='lat' dir='ltr'><strong>monitis,</strong></span> <span class='ocrx_word' id='word_1_216' title='bbox 1019 3331 1218 3413; x_wconf 88' lang='lat' dir='ltr'><strong>iniquitatem,</strong></span> <span class='ocrx_word' id='word_1_217' title='bbox 1246 3327 1254 3339; x_wconf 81' lang='lat'>&#39;</span> 
     </span>
     <span class='ocr_line' id='line_1_26' title="bbox 35 3423 1218 3520; baseline 0.002 -24"><span class='ocrx_word' id='word_1_218' title='bbox 35 3423 111 3516; x_wconf 78' lang='lat' dir='ltr'><strong>quarn</strong></span> <span class='ocrx_word' id='word_1_219' title='bbox 127 3440 345 3518; x_wconf 78' lang='lat' dir='ltr'><strong>conceperant,</strong></span> <span class='ocrx_word' id='word_1_220' title='bbox 367 3438 520 3518; x_wconf 89' lang='lat' dir='ltr'><strong>parientes</strong></span> <span class='ocrx_word' id='word_1_221' title='bbox 538 3438 589 3520; x_wconf 79' lang='lat' dir='ltr'><strong>a),</strong></span> <span class='ocrx_word' id='word_1_222' title='bbox 605 3438 773 3519; x_wconf 90' lang='lat' dir='ltr'><strong>predictam</strong></span> <span class='ocrx_word' id='word_1_223' title='bbox 795 3444 906 3502; x_wconf 89' lang='lat' dir='ltr'><strong>terram</strong></span> <span class='ocrx_word' id='word_1_224' title='bbox 928 3437 1077 3502; x_wconf 89' lang='lat' dir='ltr'><strong>hostiliter</strong></span> <span class='ocrx_word' id='word_1_225' title='bbox 1097 3437 1218 3510; x_wconf 87' lang='lat' dir='ltr'><strong>invase-</strong></span> 
     </span>
     <span class='ocr_line' id='line_1_27' title="bbox 34 3545 1218 3619; baseline 0.004 -14"><span class='ocrx_word' id='word_1_226' title='bbox 34 3550 108 3617; x_wconf 90' lang='lat' dir='ltr'><strong>runt,</strong></span> <span class='ocrx_word' id='word_1_227' title='bbox 123 3547 155 3609; x_wconf 91' lang='lat' dir='ltr'><strong>in</strong></span> <span class='ocrx_word' id='word_1_228' title='bbox 173 3567 211 3610; x_wconf 92' lang='lat' dir='ltr'><strong>ea</strong></span> <span class='ocrx_word' id='word_1_229' title='bbox 236 3547 329 3609; x_wconf 89' lang='lat' dir='ltr'><strong>multa</strong></span> <span class='ocrx_word' id='word_1_230' title='bbox 351 3546 484 3608; x_wconf 90' lang='lat' dir='ltr'><strong>enormia</strong></span> <span class='ocrx_word' id='word_1_231' title='bbox 502 3546 732 3609; x_wconf 83' lang='lat' dir='ltr'><strong>committentes.</strong></span> <span class='ocrx_word' id='word_1_232' title='bbox 765 3547 867 3619; x_wconf 89' lang='lat' dir='ltr'><strong>Unde,</strong></span> <span class='ocrx_word' id='word_1_233' title='bbox 896 3567 933 3609; x_wconf 90' lang='lat' dir='ltr'><strong>ue</strong></span> <span class='ocrx_word' id='word_1_234' title='bbox 949 3551 1063 3611; x_wconf 87' lang='lat' dir='ltr'><strong>tautam</strong></span> <span class='ocrx_word' id='word_1_235' title='bbox 1078 3545 1218 3610; x_wconf 89' lang='lat' dir='ltr'><strong>iniuriam</strong></span> 
     </span>
     <span class='ocr_line' id='line_1_28' title="bbox 33 3653 1217 3736; baseline 0.003 -24"><span class='ocrx_word' id='word_1_236' title='bbox 33 3653 108 3715; x_wconf 87' lang='lat' dir='ltr'><strong>noxie</strong></span> <span class='ocrx_word' id='word_1_237' title='bbox 124 3655 285 3736; x_wconf 86' lang='lat' dir='ltr'><strong>negligere</strong></span> <span class='ocrx_word' id='word_1_238' title='bbox 301 3654 482 3726; x_wconf 83' lang='lat' dir='ltr'><strong>videremur,</strong></span> <span class='ocrx_word' id='word_1_239' title='bbox 495 3655 682 3718; x_wconf 87' lang='lat' dir='ltr'><strong>materialem</strong></span> <span class='ocrx_word' id='word_1_240' title='bbox 694 3654 827 3735; x_wconf 86' lang='lat' dir='ltr'><strong>gladium</strong></span> <span class='ocrx_word' id='word_1_241' title='bbox 839 3655 1027 3718; x_wconf 84' lang='lat' dir='ltr'><strong>exercuimus</strong></span> <span class='ocrx_word' id='word_1_242' title='bbox 1039 3653 1071 3716; x_wconf 90' lang='lat' dir='ltr'><strong>in</strong></span> <span class='ocrx_word' id='word_1_243' title='bbox 1084 3654 1217 3726; x_wconf 89' lang='lat' dir='ltr'><strong>eosdem,</strong></span> 
     </span>
     <span class='ocr_line' id='line_1_29' title="bbox 32 3758 1218 3844; baseline 0.006 -27"><span class='ocrx_word' id='word_1_244' title='bbox 32 3758 104 3839; x_wconf 86' lang='lat' dir='ltr'><strong>ipsos</strong></span> <span class='ocrx_word' id='word_1_245' title='bbox 131 3763 233 3825; x_wconf 42' lang='lat' dir='ltr'><strong>velud*</strong></span> <span class='ocrx_word' id='word_1_246' title='bbox 252 3762 389 3824; x_wconf 90' lang='lat' dir='ltr'><strong>inimicos</strong></span> <span class='ocrx_word' id='word_1_247' title='bbox 417 3761 538 3844; x_wconf 91' lang='lat' dir='ltr'><strong>imperii</strong></span> <span class='ocrx_word' id='word_1_248' title='bbox 564 3762 801 3844; x_wconf 88' lang='lat' dir='ltr'><strong>proscribendo,</strong></span> <span class='ocrx_word' id='word_1_249' title='bbox 830 3770 861 3825; x_wconf 92' lang='lat' dir='ltr'><strong>et</strong></span> <span class='ocrx_word' id='word_1_250' title='bbox 885 3763 1053 3826; x_wconf 88' lang='lat' dir='ltr'><strong>mandando</strong></span> <span class='ocrx_word' id='word_1_251' title='bbox 1076 3781 1129 3824; x_wconf 90' lang='lat' dir='ltr'><strong>eos</strong></span> <span class='ocrx_word' id='word_1_252' title='bbox 1145 3781 1218 3844; x_wconf 90' lang='lat' dir='ltr'><strong>pro·</strong></span> 
     </span>
     <span class='ocr_line' id='line_1_30' title="bbox 35 3867 1218 3950; baseline 0.003 -24"><span class='ocrx_word' id='word_1_253' title='bbox 35 3868 155 3949; x_wconf 89' lang='lat' dir='ltr'><strong>scriptos</strong></span> <span class='ocrx_word' id='word_1_254' title='bbox 172 3869 213 3930; x_wconf 92' lang='lat' dir='ltr'><strong>ab</strong></span> <span class='ocrx_word' id='word_1_255' title='bbox 231 3867 369 3931; x_wconf 91' lang='lat' dir='ltr'><strong>omnibus</strong></span> <span class='ocrx_word' id='word_1_256' title='bbox 386 3869 487 3930; x_wconf 86' lang='lat' dir='ltr'><strong>arcius</strong></span> <span class='ocrx_word' id='word_1_257' title='bbox 505 3867 626 3938; x_wconf 84' lang='lat' dir='ltr'><strong>evitari,</strong></span> <span class='ocrx_word' id='word_1_258' title='bbox 656 3873 814 3949; x_wconf 88' lang='lat' dir='ltr'><strong>sperantes</strong></span> <span class='ocrx_word' id='word_1_259' title='bbox 832 3867 911 3950; x_wconf 92' lang='lat' dir='ltr'><strong>quod</strong></span> <span class='ocrx_word' id='word_1_260' title='bbox 926 3867 1066 3949; x_wconf 88' lang='lat' dir='ltr'><strong>percussi</strong></span> <span class='ocrx_word' id='word_1_261' title='bbox 1083 3868 1218 3931; x_wconf 89' lang='lat' dir='ltr'><strong>dolerent</strong></span> 
     </span>
     <span class='ocr_line' id='line_1_31' title="bbox 35 3974 1217 4055; baseline 0.002 -21"><span class='ocrx_word' id='word_1_262' title='bbox 35 3979 60 4034; x_wconf 91' lang='lat' dir='ltr'><strong>et</strong></span> <span class='ocrx_word' id='word_1_263' title='bbox 78 3975 170 4038; x_wconf 90' lang='lat' dir='ltr'><strong>attriti</strong></span> <span class='ocrx_word' id='word_1_264' title='bbox 193 3979 329 4036; x_wconf 90' lang='lat' dir='ltr'><strong>nostram</strong></span> <span class='ocrx_word' id='word_1_265' title='bbox 351 3975 587 4036; x_wconf 89' lang='lat' dir='ltr'><strong>misericordiam</strong></span> <span class='ocrx_word' id='word_1_266' title='bbox 605 3975 807 4055; x_wconf 87' lang='lat' dir='ltr'><strong>implorarent.</strong></span> <span class='ocrx_word' id='word_1_267' title='bbox 840 3977 878 4038; x_wconf 76' lang='lat' dir='ltr'><strong>At</strong></span> <span class='ocrx_word' id='word_1_268' title='bbox 898 3974 941 4036; x_wconf 90' lang='lat' dir='ltr'><strong>illi</strong></span> <span class='ocrx_word' id='word_1_269' title='bbox 961 3975 1101 4038; x_wconf 90' lang='lat' dir='ltr'><strong>malleum</strong></span> <span class='ocrx_word' id='word_1_270' title='bbox 1127 3974 1217 4037; x_wconf 80' lang='lat' dir='ltr'><strong>velud</strong></span> 
     </span>
     <span class='ocr_line' id='line_1_32' title="bbox 33 4080 1332 4162; baseline 0.003 -23"><span class='ocrx_word' id='word_1_271' title='bbox 33 4081 161 4161; x_wconf 88' lang='lat' dir='ltr'><strong>stipulam</strong></span> <span class='ocrx_word' id='word_1_272' title='bbox 178 4085 369 4161; x_wconf 89' lang='lat' dir='ltr'><strong>reputantes,</strong></span> <span class='ocrx_word' id='word_1_273' title='bbox 386 4080 424 4143; x_wconf 94' lang='lat' dir='ltr'><strong>ad</strong></span> <span class='ocrx_word' id='word_1_274' title='bbox 440 4080 668 4162; x_wconf 88' lang='lat' dir='ltr'><strong>percucientem</strong></span> <span class='ocrx_word' id='word_1_275' title='bbox 684 4082 807 4144; x_wconf 90' lang='lat' dir='ltr'><strong>noluere</strong></span> <span class='ocrx_word' id='word_1_276' title='bbox 824 4081 945 4151; x_wconf 86' lang='lat' dir='ltr'><strong>reverti,</strong></span> <span class='ocrx_word' id='word_1_277' title='bbox 968 4081 1023 4142; x_wconf 92' lang='lat' dir='ltr'><strong>sed</strong></span> <span class='ocrx_word' id='word_1_278' title='bbox 1044 4080 1217 4143; x_wconf 91' lang='lat' dir='ltr'><strong>indomabili</strong></span> <span class='ocrx_word' id='word_1_279' title='bbox 1226 4117 1302 4157; x_wconf 58' lang='lat' dir='ltr'><strong>mg</strong></span> <span class='ocrx_word' id='word_1_280' title='bbox 1312 4131 1332 4158; x_wconf 64' lang='grc'><strong>,,</strong></span> 
     </span>
     <span class='ocr_line' id='line_1_33' title="bbox 35 4181 1217 4269; baseline 0.005 -24"><span class='ocrx_word' id='word_1_281' title='bbox 35 4187 117 4248; x_wconf 90' lang='lat' dir='ltr'><strong>corde</strong></span> <span class='ocrx_word' id='word_1_282' title='bbox 130 4181 296 4256; x_wconf 82' lang='lat' dir='ltr'><strong>tumentes,</strong></span> <span class='ocrx_word' id='word_1_283' title='bbox 310 4204 453 4249; x_wconf 89' lang='lat' dir='ltr'><strong>excessus</strong></span> <span class='ocrx_word' id='word_1_284' title='bbox 467 4186 641 4249; x_wconf 86' lang='lat' dir='ltr'><strong>excessibus</strong></span> <span class='ocrx_word' id='word_1_285' title='bbox 655 4186 853 4258; x_wconf 89' lang='lat' dir='ltr'><strong>cumularunt,</strong></span> <span class='ocrx_word' id='word_1_286' title='bbox 869 4207 923 4268; x_wconf 92' lang='lat' dir='ltr'><strong>pro</strong></span> <span class='ocrx_word' id='word_1_287' title='bbox 935 4187 1035 4249; x_wconf 80' lang='lat' dir='ltr'><strong>verbis</strong></span> <span class='ocrx_word' id='word_1_288' title='bbox 1046 4187 1217 4269; x_wconf 89' lang='lat' dir='ltr'><strong>penitencie</strong></span> 
     </span>
     <span class='ocr_line' id='line_1_34' title="bbox 31 4291 1218 4376; baseline 0.003 -23"><span class='ocrx_word' id='word_1_289' title='bbox 31 4292 122 4356; x_wconf 75' lang='lat' dir='ltr'><strong>uerbis</strong></span> <span class='ocrx_word' id='word_1_290' title='bbox 143 4292 291 4375; x_wconf 87' lang='lat' dir='ltr'><strong>superbie</strong></span> <span class='ocrx_word' id='word_1_291' title='bbox 315 4291 561 4373; x_wconf 90' lang='lat' dir='ltr'><strong>blasphemando.</strong></span> <span class='ocrx_word' id='word_1_292' title='bbox 594 4292 671 4373; x_wconf 80' lang='lat' dir='ltr'><strong>Quia</strong></span> <span class='ocrx_word' id='word_1_293' title='bbox 694 4294 787 4373; x_wconf 91' lang='lat' dir='ltr'><strong>igitur</strong></span> <span class='ocrx_word' id='word_1_294' title='bbox 810 4313 914 4356; x_wconf 89' lang='lat' dir='ltr'><strong>eorum</strong></span> <span class='ocrx_word' id='word_1_295' title='bbox 931 4292 1073 4374; x_wconf 91' lang='lat' dir='ltr'><strong>soperbia</strong></span> <span class='ocrx_word' id='word_1_296' title='bbox 1097 4312 1218 4376; x_wconf 89' lang='lat' dir='ltr'><strong>semper</strong></span> 
     </span>
     <span class='ocr_line' id='line_1_35' title="bbox 32 4399 1217 4481; baseline 0.002 -21"><span class='ocrx_word' id='word_1_297' title='bbox 32 4401 169 4472; x_wconf 88' lang='lat' dir='ltr'><strong>ascendit,</strong></span> <span class='ocrx_word' id='word_1_298' title='bbox 184 4402 282 4464; x_wconf 89' lang='lat' dir='ltr'><strong>donec</strong></span> <span class='ocrx_word' id='word_1_299' title='bbox 296 4418 362 4462; x_wconf 90' lang='lat' dir='ltr'><strong>eam</strong></span> <span class='ocrx_word' id='word_1_300' title='bbox 375 4419 524 4480; x_wconf 81' lang='lat' dir='ltr'><strong>exurgens</strong></span> <span class='ocrx_word' id='word_1_301' title='bbox 537 4399 656 4462; x_wconf 88' lang='lat' dir='ltr'><strong>iusticia</strong></span> <span class='ocrx_word' id='word_1_302' title='bbox 668 4401 824 4481; x_wconf 84' lang='lat' dir='ltr'><strong>preveniat</strong></span> <span class='ocrx_word' id='word_1_303' title='bbox 837 4406 867 4463; x_wconf 93' lang='lat' dir='ltr'><strong>et</strong></span> <span class='ocrx_word' id='word_1_304' title='bbox 880 4400 1045 4473; x_wconf 85' lang='lat' dir='ltr'><strong>subvertat,</strong></span> <span class='ocrx_word' id='word_1_305' title='bbox 1057 4405 1091 4464; x_wconf 93' lang='lat' dir='ltr'><strong>ut</strong></span> <span class='ocrx_word' id='word_1_306' title='bbox 1103 4401 1217 4464; x_wconf 89' lang='lat' dir='ltr'><strong>contri-</strong></span> 
     </span>
    </p>
   </div>
   <div class='ocr_carea' id='block_1_9' title="bbox 117 4545 501 4616">
    <p class='ocr_par' dir='ltr' id='par_1_9' title="bbox 117 4545 501 4616">
     <span class='ocr_line' id='line_1_36' title="bbox 117 4545 501 4616; baseline -0.003 -18"><span class='ocrx_word' id='word_1_307' title='bbox 117 4548 150 4614; x_wconf 88' lang='lat' dir='ltr'><strong>a)</strong></span> <span class='ocrx_word' id='word_1_308' title='bbox 166 4546 302 4616; x_wconf 86' lang='lat' dir='ltr'><strong>parientes</strong></span> <span class='ocrx_word' id='word_1_309' title='bbox 316 4547 364 4596; x_wconf 75' lang='lat' dir='ltr'><strong>aad</strong></span> <span class='ocrx_word' id='word_1_310' title='bbox 373 4545 459 4597; x_wconf 83' lang='lat' dir='ltr'><strong>Rasur</strong></span> <span class='ocrx_word' id='word_1_311' title='bbox 471 4545 501 4597; x_wconf 87' lang='lat' dir='ltr'><strong>V.</strong></span> 
     </span>
    </p>
   </div>
   <div class='ocr_carea' id='block_1_10' title="bbox 0 0 1560 5118">
    <p class='ocr_par' dir='ltr' id='par_1_10' title="bbox 0 0 1560 5118">
     <span class='ocr_line' id='line_1_37' title="bbox 0 0 1560 5118; baseline 0 3"><span class='ocrx_word' id='word_1_312' title='bbox 0 0 1560 5118; x_wconf 95' lang='lat' dir='ltr'><strong> </strong></span> 
     </span>
    </p>
   </div>
  </div>
 </body>
</html>
