<?xml version="1.0" encoding="UTF-8"?>
<!DOCTYPE html PUBLIC "-//W3C//DTD XHTML 1.0 Transitional//EN"
    "http://www.w3.org/TR/xhtml1/DTD/xhtml1-transitional.dtd">
<html xmlns="http://www.w3.org/1999/xhtml" xml:lang="en" lang="en">
 <head>
  <title>
</title>
<meta http-equiv="Content-Type" content="text/html;charset=utf-8" />
  <meta name='ocr-system' content='tesseract 3.04.00' />
  <meta name='ocr-capabilities' content='ocr_page ocr_carea ocr_par ocr_line ocrx_word'/>
</head>
<body>
  <div class='ocr_page' id='page_1' title='image "./fontesrerumaust01kommgoog_0054.png"; bbox 0 0 3168 5124; ppageno 0'>
   <div class='ocr_carea' id='block_1_1' title="bbox 1201 331 1252 404">
    <p class='ocr_par' dir='ltr' id='par_1_1' title="bbox 1201 331 1252 404">
     <span class='ocr_line' id='line_1_1' title="bbox 1201 331 1252 404; baseline 0 0"><span class='ocrx_word' id='word_1_1' title='bbox 1201 331 1252 404; x_wconf 76' lang='lat'><strong>25</strong></span> 
     </span>
    </p>
   </div>
   <div class='ocr_carea' id='block_1_2' title="bbox 57 506 1372 1357">
    <p class='ocr_par' dir='ltr' id='par_1_2' title="bbox 60 506 1254 811">
     <span class='ocr_line' id='line_1_2' title="bbox 61 506 1253 594; baseline -0.002 -22"><span class='ocrx_word' id='word_1_2' title='bbox 61 508 181 594; x_wconf 76' lang='lat' dir='ltr'><strong>depende</strong></span> <span class='ocrx_word' id='word_1_3' title='bbox 197 508 339 573; x_wconf 91' lang='lat' dir='ltr'><strong>dicuntur</strong></span> <span class='ocrx_word' id='word_1_4' title='bbox 356 532 390 575; x_wconf 92' lang='lat' dir='ltr'><strong>eo</strong></span> <span class='ocrx_word' id='word_1_5' title='bbox 408 511 488 594; x_wconf 89' lang='lat' dir='ltr'><strong>quod</strong></span> <span class='ocrx_word' id='word_1_6' title='bbox 505 515 644 592; x_wconf 81' lang='lat' dir='ltr'>oporteat</span> <span class='ocrx_word' id='word_1_7' title='bbox 660 531 711 574; x_wconf 90' lang='lat' dir='ltr'><strong>eas</strong></span> <span class='ocrx_word' id='word_1_8' title='bbox 728 508 790 591; x_wconf 91' lang='lat' dir='ltr'><strong>legi</strong></span> <span class='ocrx_word' id='word_1_9' title='bbox 807 506 927 572; x_wconf 89' lang='lat' dir='ltr'><strong>domino</strong></span> <span class='ocrx_word' id='word_1_10' title='bbox 944 525 1031 588; x_wconf 91' lang='lat' dir='ltr'><strong>pape.</strong></span> <span class='ocrx_word' id='word_1_11' title='bbox 1056 506 1102 569; x_wconf 89' lang='lat' dir='ltr'><strong>De</strong></span> <span class='ocrx_word' id='word_1_12' title='bbox 1119 526 1253 570; x_wconf 90' lang='lat' dir='ltr'><strong>commu-</strong></span> 
     </span>
     <span class='ocr_line' id='line_1_3' title="bbox 60 613 1254 702; baseline 0.003 -25"><span class='ocrx_word' id='word_1_13' title='bbox 60 615 182 679; x_wconf 83' lang='lat' dir='ltr'><strong>nibus-et</strong></span> <span class='ocrx_word' id='word_1_14' title='bbox 197 618 384 700; x_wconf 83' lang='lat' dir='ltr'><strong>simplicibus</strong></span> <span class='ocrx_word' id='word_1_15' title='bbox 401 620 530 683; x_wconf 90' lang='lat' dir='ltr'><strong>hahetur</strong></span> <span class='ocrx_word' id='word_1_16' title='bbox 549 619 653 702; x_wconf 88' lang='lat' dir='ltr'><strong>regula</strong></span> <span class='ocrx_word' id='word_1_17' title='bbox 671 617 833 700; x_wconf 87' lang='lat' dir='ltr'><strong>generalis,</strong></span> <span class='ocrx_word' id='word_1_18' title='bbox 851 615 931 699; x_wconf 89' lang='lat' dir='ltr'><strong>quod</strong></span> <span class='ocrx_word' id='word_1_19' title='bbox 948 613 1013 677; x_wconf 92' lang='lat' dir='ltr'><strong>dari</strong></span> <span class='ocrx_word' id='word_1_20' title='bbox 1029 621 1157 696; x_wconf 85' lang='lat' dir='ltr'>possunt</span> <span class='ocrx_word' id='word_1_21' title='bbox 1172 617 1219 679; x_wconf 84' lang='lat' dir='ltr'><strong>rel</strong></span> <span class='ocrx_word' id='word_1_22' title='bbox 1236 637 1254 681; x_wconf 90' lang='lat' dir='ltr'><strong>a</strong></span> 
     </span>
     <span class='ocr_line' id='line_1_4' title="bbox 61 723 1251 811; baseline 0.003 -25"><span class='ocrx_word' id='word_1_23' title='bbox 61 724 166 788; x_wconf 89' lang='lat' dir='ltr'><strong>notario</strong></span> <span class='ocrx_word' id='word_1_24' title='bbox 182 725 229 788; x_wconf 84' lang='lat' dir='ltr'><strong>vel</strong></span> <span class='ocrx_word' id='word_1_25' title='bbox 245 747 264 789; x_wconf 91' lang='lat' dir='ltr'><strong>a</strong></span> <span class='ocrx_word' id='word_1_26' title='bbox 281 725 321 811; x_wconf 84' lang='lat' dir='ltr'><strong>a)</strong></span> <span class='ocrx_word' id='word_1_27' title='bbox 338 727 531 800; x_wconf 90' lang='lat' dir='ltr'><strong>cancellario,</strong></span> <span class='ocrx_word' id='word_1_28' title='bbox 548 749 585 790; x_wconf 95' lang='lat' dir='ltr'><strong>eo</strong></span> <span class='ocrx_word' id='word_1_29' title='bbox 602 726 682 811; x_wconf 90' lang='lat' dir='ltr'><strong>quod</strong></span> <span class='ocrx_word' id='word_1_30' title='bbox 699 731 815 790; x_wconf 89' lang='lat' dir='ltr'><strong>tantum</strong></span> <span class='ocrx_word' id='word_1_31' title='bbox 831 725 1004 788; x_wconf 80' lang='lat' dir='ltr'><strong>contineant</strong></span> <span class='ocrx_word' id='word_1_32' title='bbox 1019 723 1065 785; x_wconf 90' lang='lat' dir='ltr'><strong>ius</strong></span> <span class='ocrx_word' id='word_1_33' title='bbox 1083 744 1251 790; x_wconf 91' lang='lat' dir='ltr'><strong>commune.</strong></span> 
     </span>
    </p>

    <p class='ocr_par' dir='ltr' id='par_1_3' title="bbox 59 830 1372 1135">
     <span class='ocr_line' id='line_1_5' title="bbox 59 830 1372 918; baseline 0.002 -25"><span class='ocrx_word' id='word_1_34' title='bbox 59 832 88 894; x_wconf 93' lang='lat' dir='ltr'><strong>ln</strong></span> <span class='ocrx_word' id='word_1_35' title='bbox 101 833 154 895; x_wconf 86' lang='lat' dir='ltr'><strong>hiis</strong></span> <span class='ocrx_word' id='word_1_36' title='bbox 170 834 351 918; x_wconf 80' lang='lat' dir='ltr'><strong>relinquitur</strong></span> <span class='ocrx_word' id='word_1_37' title='bbox 370 835 481 898; x_wconf 89' lang='lat' dir='ltr'><strong>iudicis</strong></span> <span class='ocrx_word' id='word_1_38' title='bbox 500 836 625 900; x_wconf 87' lang='lat' dir='ltr'><strong>discreti</strong></span> <span class='ocrx_word' id='word_1_39' title='bbox 642 834 779 906; x_wconf 89' lang='lat' dir='ltr'><strong>arbitrio,</strong></span> <span class='ocrx_word' id='word_1_40' title='bbox 801 853 890 916; x_wconf 90' lang='lat' dir='ltr'><strong>quam</strong></span> <span class='ocrx_word' id='word_1_41' title='bbox 905 851 1014 914; x_wconf 89' lang='lat' dir='ltr'><strong>penam</strong></span> <span class='ocrx_word' id='word_1_42' title='bbox 1029 830 1102 896; x_wconf 86' lang='lat' dir='ltr'><strong>velit</strong></span> <span class='ocrx_word' id='word_1_43' title='bbox 1117 832 1255 916; x_wconf 87' lang='lat' dir='ltr'><strong>infligere</strong></span> <span class='ocrx_word' id='word_1_44' title='bbox 1267 856 1310 896; x_wconf 68' lang='lat' dir='ltr'><strong>ror.</strong></span> <span class='ocrx_word' id='word_1_45' title='bbox 1321 857 1372 896; x_wconf 59' lang='grc' dir='ltr'><strong>ηρ.</strong></span> 
     </span>
     <span class='ocr_line' id='line_1_6' title="bbox 62 940 1254 1022; baseline 0.003 -19"><span class='ocrx_word' id='word_1_46' title='bbox 62 943 229 1016; x_wconf 80' lang='lat' dir='ltr'><strong>contumaci,</strong></span> <span class='ocrx_word' id='word_1_47' title='bbox 247 963 338 1007; x_wconf 92' lang='lat' dir='ltr'><strong>unam</strong></span> <span class='ocrx_word' id='word_1_48' title='bbox 353 944 496 1009; x_wconf 87' lang='lat' dir='ltr'><strong>videlicet</strong></span> <span class='ocrx_word' id='word_1_49' title='bbox 512 965 548 1006; x_wconf 87' lang='lat' dir='ltr'><strong>ex</strong></span> <span class='ocrx_word' id='word_1_50' title='bbox 564 944 678 1016; x_wconf 91' lang='lat' dir='ltr'><strong>tribus,</strong></span> <span class='ocrx_word' id='word_1_51' title='bbox 703 943 772 1006; x_wconf 91' lang='lat' dir='ltr'><strong>dum</strong></span> <span class='ocrx_word' id='word_1_52' title='bbox 796 942 875 1005; x_wconf 91' lang='lat' dir='ltr'><strong>enim</strong></span> <span class='ocrx_word' id='word_1_53' title='bbox 898 940 1009 1004; x_wconf 90' lang='lat' dir='ltr'><strong>dicitur</strong></span> <span class='ocrx_word' id='word_1_54' title='bbox 1024 959 1080 1022; x_wconf 90' lang='lat' dir='ltr'><strong>per</strong></span> <span class='ocrx_word' id='word_1_55' title='bbox 1096 960 1254 1006; x_wconf 82' lang='lat' dir='ltr'><strong>censuram</strong></span> 
     </span>
     <span class='ocr_line' id='line_1_7' title="bbox 60 1049 1249 1135; baseline 0.003 -22"><span class='ocrx_word' id='word_1_56' title='bbox 60 1052 291 1116; x_wconf 88' lang='lat' dir='ltr'><strong>ecelesiasticam</strong></span> <span class='ocrx_word' id='word_1_57' title='bbox 306 1053 484 1135; x_wconf 84' lang='lat' dir='ltr'><strong>intelligitur</strong></span> <span class='ocrx_word' id='word_1_58' title='bbox 504 1053 708 1126; x_wconf 89' lang='lat' dir='ltr'><strong>interdictum,</strong></span> <span class='ocrx_word' id='word_1_59' title='bbox 733 1049 1007 1116; x_wconf 85' lang='lat' dir='ltr'><strong>excommunicacio</strong></span> <span class='ocrx_word' id='word_1_60' title='bbox 1026 1054 1056 1111; x_wconf 89' lang='lat' dir='ltr'><strong>et</strong></span> <span class='ocrx_word' id='word_1_61' title='bbox 1079 1053 1249 1132; x_wconf 91' lang='lat' dir='ltr'><strong>suspensio.</strong></span> 
     </span>
    </p>

    <p class='ocr_par' dir='ltr' id='par_1_4' title="bbox 62 1157 1251 1245">
     <span class='ocr_line' id='line_1_8' title="bbox 62 1157 1251 1245; baseline 0.003 -21"><span class='ocrx_word' id='word_1_62' title='bbox 62 1162 116 1225; x_wconf 86' lang='lat' dir='ltr'><strong>Sed</strong></span> <span class='ocrx_word' id='word_1_63' title='bbox 131 1182 196 1226; x_wconf 92' lang='lat' dir='ltr'><strong>cum</strong></span> <span class='ocrx_word' id='word_1_64' title='bbox 212 1162 342 1226; x_wconf 91' lang='lat' dir='ltr'><strong>arduum</strong></span> <span class='ocrx_word' id='word_1_65' title='bbox 358 1167 406 1226; x_wconf 90' lang='lat' dir='ltr'><strong>est</strong></span> <span class='ocrx_word' id='word_1_66' title='bbox 421 1165 593 1245; x_wconf 84' lang='lat' dir='ltr'><strong>negocium,</strong></span> <span class='ocrx_word' id='word_1_67' title='bbox 610 1162 739 1244; x_wconf 89' lang='lat' dir='ltr'><strong>legende</strong></span> <span class='ocrx_word' id='word_1_68' title='bbox 753 1167 823 1224; x_wconf 90' lang='lat' dir='ltr'><strong>sunt</strong></span> <span class='ocrx_word' id='word_1_69' title='bbox 836 1159 956 1224; x_wconf 89' lang='lat' dir='ltr'><strong>domino</strong></span> <span class='ocrx_word' id='word_1_70' title='bbox 968 1177 1045 1240; x_wconf 91' lang='lat' dir='ltr'><strong>pape</strong></span> <span class='ocrx_word' id='word_1_71' title='bbox 1058 1157 1155 1233; x_wconf 83' lang='lat' dir='ltr'><strong>litere,</strong></span> <span class='ocrx_word' id='word_1_72' title='bbox 1173 1168 1204 1226; x_wconf 92' lang='lat' dir='ltr'><strong>et</strong></span> <span class='ocrx_word' id='word_1_73' title='bbox 1225 1165 1251 1226; x_wconf 91' lang='lat' dir='ltr'><strong>si</strong></span> 
     </span>
    </p>

    <p class='ocr_par' dir='ltr' id='par_1_5' title="bbox 57 1265 1196 1357">
     <span class='ocr_line' id='line_1_9' title="bbox 57 1265 1196 1357; baseline -0.003 -23"><span class='ocrx_word' id='word_1_74' title='bbox 57 1292 108 1334; x_wconf 93' lang='lat' dir='ltr'><strong>non</strong></span> <span class='ocrx_word' id='word_1_75' title='bbox 121 1270 261 1353; x_wconf 89' lang='lat' dir='ltr'><strong>leguntur</strong></span> <span class='ocrx_word' id='word_1_76' title='bbox 277 1271 317 1343; x_wconf 89' lang='lat' dir='ltr'><strong>ei,</strong></span> <span class='ocrx_word' id='word_1_77' title='bbox 335 1271 420 1354; x_wconf 86' lang='lat' dir='ltr'><strong>quasi</strong></span> <span class='ocrx_word' id='word_1_78' title='bbox 436 1291 491 1353; x_wconf 92' lang='lat' dir='ltr'><strong>per</strong></span> <span class='ocrx_word' id='word_1_79' title='bbox 507 1271 732 1353; x_wconf 91' lang='lat' dir='ltr'><strong>surrepcionem</strong></span> <span class='ocrx_word' id='word_1_80' title='bbox 749 1270 872 1334; x_wconf 89' lang='lat' dir='ltr'><strong>obtente</strong></span> <span class='ocrx_word' id='word_1_81' title='bbox 889 1288 948 1332; x_wconf 93' lang='lat' dir='ltr'><strong>non</strong></span> <span class='ocrx_word' id='word_1_82' title='bbox 965 1265 1106 1331; x_wconf 86' lang='lat' dir='ltr'><strong>valebunt</strong></span> <span class='ocrx_word' id='word_1_83' title='bbox 1120 1267 1170 1357; x_wconf 77' lang='lat' dir='ltr'><strong>d).</strong></span> <span class='ocrx_word' id='word_1_84' title='bbox 1192 1335 1196 1344; x_wconf 64' lang='grc'><strong>,</strong></span> 
     </span>
    </p>
   </div>
   <div class='ocr_carea' id='block_1_3' title="bbox 134 1562 1161 1648">
    <p class='ocr_par' dir='ltr' id='par_1_6' title="bbox 134 1562 1161 1648">
     <span class='ocr_line' id='line_1_10' title="bbox 134 1562 1161 1648; baseline -0.001 -22"><span class='ocrx_word' id='word_1_85' title='bbox 134 1564 310 1648; x_wconf 76' lang='lat' dir='ltr'><strong>Exemplum</strong></span> <span class='ocrx_word' id='word_1_86' title='bbox 327 1563 445 1647; x_wconf 76' lang='lat' dir='ltr'><strong>populls</strong></span> <span class='ocrx_word' id='word_1_87' title='bbox 463 1563 679 1627; x_wconf 76' lang='lat' dir='ltr'><strong>commisslonls</strong></span> <span class='ocrx_word' id='word_1_88' title='bbox 702 1563 733 1626; x_wconf 89' lang='lat' dir='ltr'><strong>ln</strong></span> <span class='ocrx_word' id='word_1_89' title='bbox 750 1583 843 1627; x_wconf 76' lang='lat' dir='ltr'><strong>causa</strong></span> <span class='ocrx_word' id='word_1_90' title='bbox 858 1565 1010 1646; x_wconf 81' lang='lat' dir='ltr'><strong>aplrltuell</strong></span> <span class='ocrx_word' id='word_1_91' title='bbox 1027 1562 1161 1643; x_wconf 78' lang='lat' dir='ltr'><strong>legende.</strong></span> 
     </span>
    </p>
   </div>
   <div class='ocr_carea' id='block_1_4' title="bbox 16 1758 1291 4235">
    <p class='ocr_par' dir='ltr' id='par_1_7' title="bbox 56 1758 1251 2061">
     <span class='ocr_line' id='line_1_11' title="bbox 134 1758 1245 1843; baseline -0.002 -21"><span class='ocrx_word' id='word_1_92' title='bbox 134 1759 303 1841; x_wconf 82' lang='lat' dir='ltr'><strong>Gregorius</strong></span> <span class='ocrx_word' id='word_1_93' title='bbox 321 1759 482 1843; x_wconf 90' lang='lat' dir='ltr'><strong>episcopus</strong></span> <span class='ocrx_word' id='word_1_94' title='bbox 500 1760 538 1843; x_wconf 72' lang='grc' dir='ltr'><strong>ο)</strong></span> <span class='ocrx_word' id='word_1_95' title='bbox 555 1780 661 1821; x_wconf 87' lang='lat' dir='ltr'><strong>servus</strong></span> <span class='ocrx_word' id='word_1_96' title='bbox 684 1779 838 1822; x_wconf 83' lang='lat' dir='ltr'><strong>serrorum</strong></span> <span class='ocrx_word' id='word_1_97' title='bbox 854 1760 911 1822; x_wconf 88' lang='lat' dir='ltr'><strong>Dei</strong></span> <span class='ocrx_word' id='word_1_98' title='bbox 934 1759 1054 1823; x_wconf 89' lang='lat' dir='ltr'><strong>dilectis</strong></span> <span class='ocrx_word' id='word_1_99' title='bbox 1076 1759 1108 1820; x_wconf 91' lang='lat' dir='ltr'><strong>in</strong></span> <span class='ocrx_word' id='word_1_100' title='bbox 1124 1758 1245 1821; x_wconf 82' lang='lat' dir='ltr'><strong>Christo</strong></span> 
     </span>
     <span class='ocr_line' id='line_1_12' title="bbox 57 1867 1250 1952; baseline -0.003 -21"><span class='ocrx_word' id='word_1_101' title='bbox 57 1868 187 1932; x_wconf 82' lang='lat' dir='ltr'><strong>fratribus</strong></span> <span class='ocrx_word' id='word_1_102' title='bbox 204 1869 464 1952; x_wconf 82' lang='lat' dir='ltr'><strong>Magdehurgensi</strong></span> <span class='ocrx_word' id='word_1_103' title='bbox 488 1875 518 1933; x_wconf 92' lang='lat' dir='ltr'><strong>et</strong></span> <span class='ocrx_word' id='word_1_104' title='bbox 534 1869 706 1933; x_wconf 83' lang='lat' dir='ltr'><strong>Coloniensi</strong></span> <span class='ocrx_word' id='word_1_105' title='bbox 723 1869 971 1951; x_wconf 86' lang='lat' dir='ltr'><strong>archiepiscopis,</strong></span> <span class='ocrx_word' id='word_1_106' title='bbox 985 1867 1134 1931; x_wconf 91' lang='lat' dir='ltr'><strong>iudicibus</strong></span> <span class='ocrx_word' id='word_1_107' title='bbox 1147 1889 1164 1931; x_wconf 92' lang='lat' dir='ltr'><strong>a</strong></span> <span class='ocrx_word' id='word_1_108' title='bbox 1178 1867 1250 1930; x_wconf 89' lang='lat' dir='ltr'><strong>sede</strong></span> 
     </span>
     <span class='ocr_line' id='line_1_13' title="bbox 56 1976 1251 2061; baseline 0.001 -23"><span class='ocrx_word' id='word_1_109' title='bbox 56 1977 207 2059; x_wconf 88' lang='lat' dir='ltr'><strong>apostolica</strong></span> <span class='ocrx_word' id='word_1_110' title='bbox 231 1977 399 2060; x_wconf 87' lang='lat' dir='ltr'><strong>delegatis,</strong></span> <span class='ocrx_word' id='word_1_111' title='bbox 427 1978 553 2042; x_wconf 88' lang='lat' dir='ltr'><strong>salutem</strong></span> <span class='ocrx_word' id='word_1_112' title='bbox 585 1984 616 2041; x_wconf 88' lang='lat' dir='ltr'><strong>et</strong></span> <span class='ocrx_word' id='word_1_113' title='bbox 652 1978 847 2061; x_wconf 88' lang='lat' dir='ltr'><strong>apostolicam</strong></span> <span class='ocrx_word' id='word_1_114' title='bbox 872 1976 1128 2041; x_wconf 90' lang='lat' dir='ltr'><strong>benedictionem.</strong></span> <span class='ocrx_word' id='word_1_115' title='bbox 1168 1978 1251 2040; x_wconf 91' lang='lat' dir='ltr'><strong>Bone</strong></span> 
     </span>
    </p>

    <p class='ocr_par' dir='ltr' id='par_1_8' title="bbox 17 2087 1251 2386">
     <span class='ocr_line' id='line_1_14' title="bbox 17 2087 1250 2171; baseline 0.002 -23"><span class='ocrx_word' id='word_1_116' title='bbox 17 2113 19 2126; x_wconf 45' lang='grc' dir='ltr'><em>ν</em></span> <span class='ocrx_word' id='word_1_117' title='bbox 56 2089 187 2152; x_wconf 88' lang='lat' dir='ltr'><strong>memorie</strong></span> <span class='ocrx_word' id='word_1_118' title='bbox 210 2087 249 2150; x_wconf 92' lang='lat' dir='ltr'><strong>N.</strong></span> <span class='ocrx_word' id='word_1_119' title='bbox 269 2088 380 2152; x_wconf 91' lang='lat' dir='ltr'><strong>dilecto</strong></span> <span class='ocrx_word' id='word_1_120' title='bbox 397 2089 551 2171; x_wconf 80' lang='lat' dir='ltr'><strong>Mysnensi</strong></span> <span class='ocrx_word' id='word_1_121' title='bbox 568 2087 711 2169; x_wconf 88' lang='lat' dir='ltr'><strong>episcopo</strong></span> <span class='ocrx_word' id='word_1_122' title='bbox 727 2088 804 2151; x_wconf 87' lang='lat' dir='ltr'><strong>viam</strong></span> <span class='ocrx_word' id='word_1_123' title='bbox 822 2088 960 2151; x_wconf 87' lang='lat' dir='ltr'><strong>universe</strong></span> <span class='ocrx_word' id='word_1_124' title='bbox 977 2087 1076 2150; x_wconf 89' lang='lat' dir='ltr'><strong>carnis</strong></span> <span class='ocrx_word' id='word_1_125' title='bbox 1100 2089 1250 2169; x_wconf 85' lang='lat' dir='ltr'><strong>ingresso,</strong></span> 
     </span>
     <span class='ocr_line' id='line_1_15' title="bbox 56 2195 1251 2279; baseline 0.002 -23"><span class='ocrx_word' id='word_1_126' title='bbox 56 2195 145 2259; x_wconf 88' lang='lat' dir='ltr'><strong>ddecti</strong></span> <span class='ocrx_word' id='word_1_127' title='bbox 172 2195 245 2269; x_wconf 85' lang='lat' dir='ltr'><strong>lilii,</strong></span> <span class='ocrx_word' id='word_1_128' title='bbox 268 2198 439 2279; x_wconf 83' lang='lat' dir='ltr'><strong>Mysnensis</strong></span> <span class='ocrx_word' id='word_1_129' title='bbox 463 2197 594 2259; x_wconf 88' lang='lat' dir='ltr'><strong>ecclesie</strong></span> <span class='ocrx_word' id='word_1_130' title='bbox 618 2197 766 2268; x_wconf 91' lang='lat' dir='ltr'><strong>canonici,</strong></span> <span class='ocrx_word' id='word_1_131' title='bbox 795 2195 874 2260; x_wconf 92' lang='lat' dir='ltr'><strong>sicut</strong></span> <span class='ocrx_word' id='word_1_132' title='bbox 889 2197 1090 2278; x_wconf 88' lang='lat' dir='ltr'><strong>percepimus,</strong></span> <span class='ocrx_word' id='word_1_133' title='bbox 1114 2197 1251 2258; x_wconf 91' lang='lat' dir='ltr'><strong>inunum</strong></span> 
     </span>
     <span class='ocr_line' id='line_1_16' title="bbox 57 2304 1250 2386; baseline 0.003 -21"><span class='ocrx_word' id='word_1_134' title='bbox 57 2306 263 2369; x_wconf 81' lang='lat' dir='ltr'><strong>convenientes</strong></span> <span class='ocrx_word' id='word_1_135' title='bbox 297 2305 335 2367; x_wconf 92' lang='lat' dir='ltr'><strong>de</strong></span> <span class='ocrx_word' id='word_1_136' title='bbox 372 2305 464 2368; x_wconf 87' lang='lat' dir='ltr'><strong>futuri</strong></span> <span class='ocrx_word' id='word_1_137' title='bbox 501 2304 653 2386; x_wconf 88' lang='lat' dir='ltr'><strong>pontificis</strong></span> <span class='ocrx_word' id='word_1_138' title='bbox 692 2305 841 2368; x_wconf 87' lang='lat' dir='ltr'><strong>electione</strong></span> <span class='ocrx_word' id='word_1_139' title='bbox 879 2306 1052 2378; x_wconf 84' lang='lat' dir='ltr'><strong>tractaturi,</strong></span> <span class='ocrx_word' id='word_1_140' title='bbox 1092 2304 1250 2386; x_wconf 87' lang='lat' dir='ltr'><strong>prehabito</strong></span> 
     </span>
    </p>

    <p class='ocr_par' dir='ltr' id='par_1_9' title="bbox 17 2414 1249 2497">
     <span class='ocr_line' id='line_1_17' title="bbox 17 2414 1249 2497; baseline 0.002 -21"><span class='ocrx_word' id='word_1_141' title='bbox 17 2475 18 2482; x_wconf 68' lang='grc'>,</span> <span class='ocrx_word' id='word_1_142' title='bbox 56 2414 182 2497; x_wconf 82' lang='lat' dir='ltr'><strong>diligenti</strong></span> <span class='ocrx_word' id='word_1_143' title='bbox 211 2415 341 2480; x_wconf 90' lang='lat' dir='ltr'><strong>consilio</strong></span> <span class='ocrx_word' id='word_1_144' title='bbox 359 2421 400 2487; x_wconf 89' lang='lat' dir='ltr'><strong>et,</strong></span> <span class='ocrx_word' id='word_1_145' title='bbox 417 2415 497 2477; x_wconf 91' lang='lat' dir='ltr'><strong>sicut</strong></span> <span class='ocrx_word' id='word_1_146' title='bbox 523 2415 615 2478; x_wconf 91' lang='lat' dir='ltr'><strong>moris</strong></span> <span class='ocrx_word' id='word_1_147' title='bbox 639 2420 695 2487; x_wconf 90' lang='lat' dir='ltr'><strong>est,</strong></span> <span class='ocrx_word' id='word_1_148' title='bbox 718 2415 842 2497; x_wconf 91' lang='lat' dir='ltr'><strong>spiritus</strong></span> <span class='ocrx_word' id='word_1_149' title='bbox 860 2415 957 2478; x_wconf 90' lang='lat' dir='ltr'><strong>sancti</strong></span> <span class='ocrx_word' id='word_1_150' title='bbox 980 2415 1084 2495; x_wconf 86' lang='lat' dir='ltr'><strong>gracia</strong></span> <span class='ocrx_word' id='word_1_151' title='bbox 1100 2415 1249 2487; x_wconf 89' lang='lat' dir='ltr'><strong>invocata,</strong></span> 
     </span>
    </p>

    <p class='ocr_par' dir='ltr' id='par_1_10' title="bbox 16 2514 1253 2718">
     <span class='ocr_line' id='line_1_18' title="bbox 16 2514 1252 2608; baseline 0.002 -23"><span class='ocrx_word' id='word_1_152' title='bbox 16 2514 18 2596; x_wconf 67' lang='grc' dir='ltr'><strong><em>ῗ</em></strong></span> <span class='ocrx_word' id='word_1_153' title='bbox 57 2523 186 2589; x_wconf 89' lang='lat' dir='ltr'><strong>dilectum</strong></span> <span class='ocrx_word' id='word_1_154' title='bbox 209 2523 304 2587; x_wconf 83' lang='lat' dir='ltr'><strong>filium</strong></span> <span class='ocrx_word' id='word_1_155' title='bbox 327 2528 461 2586; x_wconf 88' lang='lat' dir='ltr'><strong>nostrum</strong></span> <span class='ocrx_word' id='word_1_156' title='bbox 477 2523 527 2595; x_wconf 92' lang='grc' dir='ltr'><strong>Ν.,</strong></span> <span class='ocrx_word' id='word_1_157' title='bbox 551 2528 705 2598; x_wconf 84' lang='lat' dir='ltr'><strong>cantorem</strong></span> <span class='ocrx_word' id='word_1_158' title='bbox 721 2522 762 2608; x_wconf 81' lang='lat' dir='ltr'><strong>d)</strong></span> <span class='ocrx_word' id='word_1_159' title='bbox 785 2523 907 2586; x_wconf 90' lang='lat' dir='ltr'><strong>maioris</strong></span> <span class='ocrx_word' id='word_1_160' title='bbox 931 2522 1061 2586; x_wconf 88' lang='lat' dir='ltr'><strong>ecclesie</strong></span> <span class='ocrx_word' id='word_1_161' title='bbox 1078 2523 1109 2585; x_wconf 90' lang='lat' dir='ltr'><strong>in</strong></span> <span class='ocrx_word' id='word_1_162' title='bbox 1125 2523 1252 2604; x_wconf 78' lang='lat' dir='ltr'><strong>Magdo-</strong></span> 
     </span>
     <span class='ocr_line' id='line_1_19' title="bbox 56 2631 1253 2718; baseline 0 -23"><span class='ocrx_word' id='word_1_163' title='bbox 56 2631 152 2706; x_wconf 91' lang='lat' dir='ltr'><strong>burch,</strong></span> <span class='ocrx_word' id='word_1_164' title='bbox 181 2635 280 2697; x_wconf 87' lang='lat' dir='ltr'><strong>virum</strong></span> <span class='ocrx_word' id='word_1_165' title='bbox 298 2633 412 2716; x_wconf 88' lang='lat' dir='ltr'><strong>utique,</strong></span> <span class='ocrx_word' id='word_1_166' title='bbox 435 2632 514 2695; x_wconf 90' lang='lat' dir='ltr'><strong>sicut</strong></span> <span class='ocrx_word' id='word_1_167' title='bbox 530 2637 679 2704; x_wconf 89' lang='lat' dir='ltr'><strong>asserunt,</strong></span> <span class='ocrx_word' id='word_1_168' title='bbox 695 2633 853 2714; x_wconf 90' lang='lat' dir='ltr'><strong>providum</strong></span> <span class='ocrx_word' id='word_1_169' title='bbox 870 2639 900 2696; x_wconf 93' lang='lat' dir='ltr'><strong>et</strong></span> <span class='ocrx_word' id='word_1_170' title='bbox 924 2632 1087 2697; x_wconf 91' lang='lat' dir='ltr'><strong>discretum</strong></span> <span class='ocrx_word' id='word_1_171' title='bbox 1110 2640 1200 2718; x_wconf 90' lang='lat' dir='ltr'><strong>atque</strong></span> <span class='ocrx_word' id='word_1_172' title='bbox 1222 2634 1253 2696; x_wconf 94' lang='lat' dir='ltr'><strong>in</strong></span> 
     </span>
    </p>

    <p class='ocr_par' dir='ltr' id='par_1_11' title="bbox 16 2737 1291 3263">
     <span class='ocr_line' id='line_1_20' title="bbox 16 2737 1252 2825; baseline 0.002 -21"><span class='ocrx_word' id='word_1_173' title='bbox 16 2737 17 2770; x_wconf 73' lang='lat'>³</span> <span class='ocrx_word' id='word_1_174' title='bbox 55 2743 260 2825; x_wconf 88' lang='lat' dir='ltr'><strong>temporalibus</strong></span> <span class='ocrx_word' id='word_1_175' title='bbox 288 2747 319 2804; x_wconf 91' lang='lat' dir='ltr'><strong>et</strong></span> <span class='ocrx_word' id='word_1_176' title='bbox 342 2739 545 2822; x_wconf 90' lang='lat' dir='ltr'><strong>spiritualibus</strong></span> <span class='ocrx_word' id='word_1_177' title='bbox 563 2740 826 2823; x_wconf 86' lang='lat' dir='ltr'><strong>circumspectum,</strong></span> <span class='ocrx_word' id='word_1_178' title='bbox 844 2743 1037 2806; x_wconf 90' lang='lat' dir='ltr'><strong>concorditer</strong></span> <span class='ocrx_word' id='word_1_179' title='bbox 1061 2749 1091 2807; x_wconf 90' lang='lat' dir='ltr'><strong>et</strong></span> <span class='ocrx_word' id='word_1_180' title='bbox 1107 2744 1252 2807; x_wconf 92' lang='lat' dir='ltr'><strong>canonice</strong></span> 
     </span>
     <span class='ocr_line' id='line_1_21' title="bbox 57 2847 1252 2934; baseline 0.002 -20"><span class='ocrx_word' id='word_1_181' title='bbox 57 2851 84 2915; x_wconf 95' lang='lat' dir='ltr'><strong>in</strong></span> <span class='ocrx_word' id='word_1_182' title='bbox 106 2847 260 2934; x_wconf 80' lang='lat' dir='ltr'><strong>pa&#39;storem</strong></span> <span class='ocrx_word' id='word_1_183' title='bbox 289 2850 348 2913; x_wconf 91' lang='lat' dir='ltr'><strong>sibi</strong></span> <span class='ocrx_word' id='word_1_184' title='bbox 376 2855 407 2913; x_wconf 90' lang='lat' dir='ltr'><strong>et</strong></span> <span class='ocrx_word' id='word_1_185' title='bbox 430 2850 605 2932; x_wconf 88' lang='lat' dir='ltr'><strong>episcopum</strong></span> <span class='ocrx_word' id='word_1_186' title='bbox 629 2850 801 2931; x_wconf 85' lang='lat' dir='ltr'><strong>elegerunt,</strong></span> <span class='ocrx_word' id='word_1_187' title='bbox 825 2851 912 2915; x_wconf 91' lang='lat' dir='ltr'><strong>nohis</strong></span> <span class='ocrx_word' id='word_1_188' title='bbox 935 2871 990 2933; x_wconf 90' lang='lat' dir='ltr'><strong>per</strong></span> <span class='ocrx_word' id='word_1_189' title='bbox 1005 2853 1146 2916; x_wconf 90' lang='lat' dir='ltr'><strong>dilectum</strong></span> <span class='ocrx_word' id='word_1_190' title='bbox 1161 2853 1252 2934; x_wconf 84' lang='lat' dir='ltr'><strong>filium</strong></span> 
     </span>
     <span class='ocr_line' id='line_1_22' title="bbox 54 2957 1250 3046; baseline 0.001 -23"><span class='ocrx_word' id='word_1_191' title='bbox 54 2962 221 3043; x_wconf 87' lang='lat' dir='ltr'><strong>magistrum</strong></span> <span class='ocrx_word' id='word_1_192' title='bbox 254 2959 309 3022; x_wconf 82' lang='lat' dir='ltr'><strong>Ch.</strong></span> <span class='ocrx_word' id='word_1_193' title='bbox 328 3006 336 3022; x_wconf 89' lang='lat'><strong>.</strong></span> <span class='ocrx_word' id='word_1_194' title='bbox 355 3007 362 3022; x_wconf 87' lang='lat'><strong>.</strong></span> <span class='ocrx_word' id='word_1_195' title='bbox 381 3007 388 3021; x_wconf 92' lang='lat'><strong>.</strong></span> <span class='ocrx_word' id='word_1_196' title='bbox 409 2959 447 3046; x_wconf 82' lang='lat' dir='ltr'><strong>e]</strong></span> <span class='ocrx_word' id='word_1_197' title='bbox 480 2957 658 3021; x_wconf 88' lang='lat' dir='ltr'><strong>canonicum</strong></span> <span class='ocrx_word' id='word_1_198' title='bbox 698 2958 951 3040; x_wconf 90' lang='lat' dir='ltr'><strong>Madburgensem</strong></span> <span class='ocrx_word' id='word_1_199' title='bbox 990 2967 1020 3024; x_wconf 91' lang='lat' dir='ltr'><strong>et</strong></span> <span class='ocrx_word' id='word_1_200' title='bbox 1055 2962 1150 3025; x_wconf 89' lang='lat' dir='ltr'><strong>literis</strong></span> <span class='ocrx_word' id='word_1_201' title='bbox 1188 2963 1250 3024; x_wconf 90' lang='lat' dir='ltr'><strong>suis</strong></span> 
     </span>
     <span class='ocr_line' id='line_1_23' title="bbox 54 3047 1291 3160; baseline 0.001 -26"><span class='ocrx_word' id='word_1_202' title='bbox 54 3071 195 3136; x_wconf 89' lang='lat' dir='ltr'><strong>humiliter</strong></span> <span class='ocrx_word' id='word_1_203' title='bbox 211 3070 431 3154; x_wconf 88' lang='lat' dir='ltr'><strong>supplicantes,</strong></span> <span class='ocrx_word' id='word_1_204' title='bbox 460 3074 492 3132; x_wconf 93' lang='lat' dir='ltr'><strong>ut</strong></span> <span class='ocrx_word' id='word_1_205' title='bbox 518 3067 690 3131; x_wconf 88' lang='lat' dir='ltr'><strong>huiusmodi</strong></span> <span class='ocrx_word' id='word_1_206' title='bbox 707 3068 886 3160; x_wconf 85' lang='lat' dir='ltr'><strong>electionem</strong></span> <span class='ocrx_word' id='word_1_207' title='bbox 903 3069 1079 3133; x_wconf 86' lang='lat' dir='ltr'><strong>confirmare</strong></span> <span class='ocrx_word' id='word_1_208' title='bbox 1102 3071 1139 3134; x_wconf 91' lang='lat' dir='ltr'><strong>de</strong></span> <span class='ocrx_word' id='word_1_209' title='bbox 1163 3071 1251 3135; x_wconf 89' lang='lat' dir='ltr'><strong>beni·</strong></span> <span class='ocrx_word' id='word_1_210' title='bbox 1277 3047 1291 3055; x_wconf 78' lang='lat'>.</span> 
     </span>
     <span class='ocr_line' id='line_1_24' title="bbox 16 3176 1251 3263; baseline 0.001 -20"><span class='ocrx_word' id='word_1_211' title='bbox 16 3195 17 3216; x_wconf 81' lang='lat'>³</span> <span class='ocrx_word' id='word_1_212' title='bbox 55 3181 159 3261; x_wconf 83' lang='lat' dir='ltr'><strong>gnitate</strong></span> <span class='ocrx_word' id='word_1_213' title='bbox 176 3180 261 3244; x_wconf 87' lang='lat' dir='ltr'><strong>sedis</strong></span> <span class='ocrx_word' id='word_1_214' title='bbox 279 3179 447 3260; x_wconf 87' lang='lat' dir='ltr'><strong>apostolice</strong></span> <span class='ocrx_word' id='word_1_215' title='bbox 465 3177 666 3259; x_wconf 85' lang='lat' dir='ltr'><strong>dignaremur.</strong></span> <span class='ocrx_word' id='word_1_216' title='bbox 680 3176 769 3240; x_wconf 87' lang='lat' dir='ltr'><strong>Licet</strong></span> <span class='ocrx_word' id='word_1_217' title='bbox 785 3183 885 3240; x_wconf 90' lang='lat' dir='ltr'><strong>autem</strong></span> <span class='ocrx_word' id='word_1_218' title='bbox 908 3177 987 3241; x_wconf 91' lang='lat' dir='ltr'><strong>idem</strong></span> <span class='ocrx_word' id='word_1_219' title='bbox 1010 3180 1136 3243; x_wconf 91' lang='lat' dir='ltr'><strong>nuncius</strong></span> <span class='ocrx_word' id='word_1_220' title='bbox 1161 3201 1251 3263; x_wconf 89' lang='lat' dir='ltr'><strong>super</strong></span> 
     </span>
    </p>

    <p class='ocr_par' dir='ltr' id='par_1_12' title="bbox 16 3272 1250 4235">
     <span class='ocr_line' id='line_1_25' title="bbox 16 3272 1250 3369; baseline 0.001 -17"><span class='ocrx_word' id='word_1_221' title='bbox 16 3293 17 3298; x_wconf 75' lang='grc'>’</span> <span class='ocrx_word' id='word_1_222' title='bbox 55 3289 105 3354; x_wconf 90' lang='lat' dir='ltr'><strong>hoc</strong></span> <span class='ocrx_word' id='word_1_223' title='bbox 120 3291 251 3355; x_wconf 90' lang='lat' dir='ltr'><strong>sollicite</strong></span> <span class='ocrx_word' id='word_1_224' title='bbox 268 3272 412 3352; x_wconf 89' lang='lat' dir='ltr'><strong>institerit</strong></span> <span class='ocrx_word' id='word_1_225' title='bbox 429 3293 459 3350; x_wconf 91' lang='lat' dir='ltr'><strong>et</strong></span> <span class='ocrx_word' id='word_1_226' title='bbox 474 3287 648 3368; x_wconf 89' lang='lat' dir='ltr'><strong>prudenter,</strong></span> <span class='ocrx_word' id='word_1_227' title='bbox 662 3292 692 3348; x_wconf 92' lang='lat' dir='ltr'><strong>et</strong></span> <span class='ocrx_word' id='word_1_228' title='bbox 704 3305 759 3349; x_wconf 91' lang='lat' dir='ltr'><strong>nos</strong></span> <span class='ocrx_word' id='word_1_229' title='bbox 771 3286 936 3367; x_wconf 82' lang='lat' dir='ltr'><strong>provisioni</strong></span> <span class='ocrx_word' id='word_1_230' title='bbox 953 3288 1090 3369; x_wconf 86' lang='lat' dir='ltr'><strong>predicte</strong></span> <span class='ocrx_word' id='word_1_231' title='bbox 1107 3290 1250 3364; x_wconf 87' lang='lat' dir='ltr'><strong>ecclesie,</strong></span> 
     </span>
     <span class='ocr_line' id='line_1_26' title="bbox 57 3394 1247 3485; baseline 0.003 -23"><span class='ocrx_word' id='word_1_232' title='bbox 57 3406 187 3485; x_wconf 88' lang='lat' dir='ltr'><strong>quantum</strong></span> <span class='ocrx_word' id='word_1_233' title='bbox 205 3418 276 3462; x_wconf 91' lang='lat' dir='ltr'><strong>cum</strong></span> <span class='ocrx_word' id='word_1_234' title='bbox 292 3396 357 3460; x_wconf 90' lang='lat' dir='ltr'><strong>Deo</strong></span> <span class='ocrx_word' id='word_1_235' title='bbox 378 3415 557 3479; x_wconf 88' lang='lat' dir='ltr'><strong>possumus,</strong></span> <span class='ocrx_word' id='word_1_236' title='bbox 574 3394 781 3466; x_wconf 90' lang='lat' dir='ltr'><strong>intendamus,</strong></span> <span class='ocrx_word' id='word_1_237' title='bbox 798 3395 868 3477; x_wconf 88' lang='lat' dir='ltr'><strong>quia</strong></span> <span class='ocrx_word' id='word_1_238' title='bbox 883 3400 984 3459; x_wconf 91' lang='lat' dir='ltr'><strong>tamen</strong></span> <span class='ocrx_word' id='word_1_239' title='bbox 1000 3416 1055 3479; x_wconf 93' lang='lat' dir='ltr'><strong>per</strong></span> <span class='ocrx_word' id='word_1_240' title='bbox 1072 3399 1198 3463; x_wconf 92' lang='lat' dir='ltr'><strong>eundem</strong></span> <span class='ocrx_word' id='word_1_241' title='bbox 1215 3402 1247 3465; x_wconf 83' lang='lat' dir='ltr'><strong>C.</strong></span> 
     </span>
     <span class='ocr_line' id='line_1_27' title="bbox 56 3503 1250 3594; baseline -0.001 -20"><span class='ocrx_word' id='word_1_242' title='bbox 56 3511 197 3582; x_wconf 91' lang='lat' dir='ltr'><strong>nuncium,</strong></span> <span class='ocrx_word' id='word_1_243' title='bbox 219 3507 381 3591; x_wconf 90' lang='lat' dir='ltr'><strong>presertim</strong></span> <span class='ocrx_word' id='word_1_244' title='bbox 405 3504 444 3592; x_wconf 79' lang='lat' dir='ltr'><strong>f]</strong></span> <span class='ocrx_word' id='word_1_245' title='bbox 467 3523 534 3567; x_wconf 90' lang='lat' dir='ltr'><strong>cum</strong></span> <span class='ocrx_word' id='word_1_246' title='bbox 558 3503 638 3566; x_wconf 88' lang='lat' dir='ltr'><strong>solus</strong></span> <span class='ocrx_word' id='word_1_247' title='bbox 662 3509 761 3576; x_wconf 88' lang='lat' dir='ltr'><strong>esset,</strong></span> <span class='ocrx_word' id='word_1_248' title='bbox 783 3504 871 3586; x_wconf 91' lang='lat' dir='ltr'><strong>plene</strong></span> <span class='ocrx_word' id='word_1_249' title='bbox 893 3505 1120 3586; x_wconf 91' lang='lat' dir='ltr'><strong>apprehendere</strong></span> <span class='ocrx_word' id='word_1_250' title='bbox 1143 3510 1250 3594; x_wconf 88' lang='lat' dir='ltr'><strong>nequi·</strong></span> 
     </span>
     <span class='ocr_line' id='line_1_28' title="bbox 56 3610 1249 3704; baseline 0.001 -21"><span class='ocrx_word' id='word_1_251' title='bbox 56 3641 112 3684; x_wconf 90' lang='lat' dir='ltr'><strong>mus</strong></span> <span class='ocrx_word' id='word_1_252' title='bbox 126 3617 167 3704; x_wconf 77' lang='lat' dir='ltr'><strong>d)</strong></span> <span class='ocrx_word' id='word_1_253' title='bbox 183 3618 360 3688; x_wconf 87' lang='lat' dir='ltr'><strong>veritatem,</strong></span> <span class='ocrx_word' id='word_1_254' title='bbox 389 3614 524 3676; x_wconf 88' lang='lat' dir='ltr'><strong>nolentes</strong></span> <span class='ocrx_word' id='word_1_255' title='bbox 552 3618 586 3675; x_wconf 92' lang='lat' dir='ltr'><strong>ut</strong></span> <span class='ocrx_word' id='word_1_256' title='bbox 612 3610 724 3693; x_wconf 85' lang='lat' dir='ltr'><strong>aliquid</strong></span> <span class='ocrx_word' id='word_1_257' title='bbox 741 3612 778 3674; x_wconf 91' lang='lat' dir='ltr'><strong>de</strong></span> <span class='ocrx_word' id='word_1_258' title='bbox 803 3612 1046 3694; x_wconf 85' lang='lat' dir='ltr'><strong>contingentibus</strong></span> <span class='ocrx_word' id='word_1_259' title='bbox 1065 3616 1249 3695; x_wconf 89' lang='lat' dir='ltr'><strong>obmittatur,</strong></span> 
     </span>
     <span class='ocr_line' id='line_1_29' title="bbox 56 3721 1249 3807; baseline 0.004 -17"><span class='ocrx_word' id='word_1_260' title='bbox 56 3729 229 3793; x_wconf 88' lang='lat' dir='ltr'><strong>discrecioni</strong></span> <span class='ocrx_word' id='word_1_261' title='bbox 248 3732 350 3789; x_wconf 90' lang='lat' dir='ltr'><strong>vestre</strong></span> <span class='ocrx_word' id='word_1_262' title='bbox 362 3721 593 3806; x_wconf 89' lang='lat' dir='ltr'><strong>perapostolica</strong></span> <span class='ocrx_word' id='word_1_263' title='bbox 610 3721 723 3802; x_wconf 90' lang='lat' dir='ltr'><strong>scripta</strong></span> <span class='ocrx_word' id='word_1_264' title='bbox 739 3721 925 3795; x_wconf 89' lang='lat' dir='ltr'><strong>mandamus,</strong></span> <span class='ocrx_word' id='word_1_265' title='bbox 943 3730 1089 3807; x_wconf 91' lang='lat' dir='ltr'><strong>quatenus</strong></span> <span class='ocrx_word' id='word_1_266' title='bbox 1107 3727 1144 3790; x_wconf 91' lang='lat' dir='ltr'><strong>de</strong></span> <span class='ocrx_word' id='word_1_267' title='bbox 1160 3731 1249 3795; x_wconf 92' lang='lat' dir='ltr'><strong>modo</strong></span> 
     </span>
     <span class='ocr_line' id='line_1_30' title="bbox 58 3829 1248 3920; baseline -0.001 -17"><span class='ocrx_word' id='word_1_268' title='bbox 58 3838 203 3903; x_wconf 86' lang='lat' dir='ltr'><strong>electionis</strong></span> <span class='ocrx_word' id='word_1_269' title='bbox 222 3840 254 3898; x_wconf 89' lang='lat' dir='ltr'><strong>et</strong></span> <span class='ocrx_word' id='word_1_270' title='bbox 270 3833 378 3896; x_wconf 88' lang='lat' dir='ltr'><strong>studiis</strong></span> <span class='ocrx_word' id='word_1_271' title='bbox 393 3832 573 3913; x_wconf 90' lang='lat' dir='ltr'><strong>eligencium</strong></span> <span class='ocrx_word' id='word_1_272' title='bbox 586 3836 616 3894; x_wconf 91' lang='lat' dir='ltr'><strong>et</strong></span> <span class='ocrx_word' id='word_1_273' title='bbox 629 3830 718 3892; x_wconf 88' lang='lat' dir='ltr'><strong>electi</strong></span> <span class='ocrx_word' id='word_1_274' title='bbox 730 3829 845 3893; x_wconf 90' lang='lat' dir='ltr'><strong>meritis</strong></span> <span class='ocrx_word' id='word_1_275' title='bbox 859 3831 1038 3914; x_wconf 86' lang='lat' dir='ltr'><strong>diligencius</strong></span> <span class='ocrx_word' id='word_1_276' title='bbox 1051 3836 1248 3920; x_wconf 87' lang='lat' dir='ltr'><strong>inquirentes,</strong></span> 
     </span>
     <span class='ocr_line' id='line_1_31' title="bbox 58 3939 1248 4024; baseline 0.003 -14"><span class='ocrx_word' id='word_1_277' title='bbox 58 3950 81 4011; x_wconf 93' lang='lat' dir='ltr'><strong>si</strong></span> <span class='ocrx_word' id='word_1_278' title='bbox 95 3948 238 4013; x_wconf 89' lang='lat' dir='ltr'><strong>canonice</strong></span> <span class='ocrx_word' id='word_1_279' title='bbox 256 3943 381 4007; x_wconf 91' lang='lat' dir='ltr'><strong>eandem</strong></span> <span class='ocrx_word' id='word_1_280' title='bbox 396 3942 573 4005; x_wconf 89' lang='lat' dir='ltr'><strong>electionem</strong></span> <span class='ocrx_word' id='word_1_281' title='bbox 591 3940 628 4003; x_wconf 92' lang='lat' dir='ltr'><strong>de</strong></span> <span class='ocrx_word' id='word_1_282' title='bbox 645 3958 776 4021; x_wconf 86' lang='lat' dir='ltr'><strong>persona</strong></span> <span class='ocrx_word' id='word_1_283' title='bbox 788 3939 904 4020; x_wconf 84' lang='lat' dir='ltr'><strong>ydoneo</strong></span> <span class='ocrx_word' id='word_1_284' title='bbox 917 3941 1091 4008; x_wconf 81' lang='lat' dir='ltr'><strong>inveneritis</strong></span> <span class='ocrx_word' id='word_1_285' title='bbox 1104 3946 1248 4024; x_wconf 88' lang='lat' dir='ltr'><strong>habitam,</strong></span> 
     </span>
     <span class='ocr_line' id='line_1_32' title="bbox 58 4048 1249 4141; baseline 0.002 -20"><span class='ocrx_word' id='word_1_286' title='bbox 58 4059 144 4141; x_wconf 90' lang='lat' dir='ltr'><strong>ipsam</strong></span> <span class='ocrx_word' id='word_1_287' title='bbox 160 4059 226 4121; x_wconf 89' lang='lat' dir='ltr'><strong>sine</strong></span> <span class='ocrx_word' id='word_1_288' title='bbox 243 4055 318 4119; x_wconf 90' lang='lat' dir='ltr'><strong>iuris</strong></span> <span class='ocrx_word' id='word_1_289' title='bbox 336 4052 435 4135; x_wconf 91' lang='lat' dir='ltr'><strong>aliquo</strong></span> <span class='ocrx_word' id='word_1_290' title='bbox 451 4049 637 4132; x_wconf 90' lang='lat' dir='ltr'><strong>preiudicio,</strong></span> <span class='ocrx_word' id='word_1_291' title='bbox 660 4048 840 4112; x_wconf 88' lang='lat' dir='ltr'><strong>auctoritate</strong></span> <span class='ocrx_word' id='word_1_292' title='bbox 863 4051 1030 4132; x_wconf 90' lang='lat' dir='ltr'><strong>apostolica</strong></span> <span class='ocrx_word' id='word_1_293' title='bbox 1055 4055 1249 4135; x_wconf 87' lang='lat' dir='ltr'><strong>confirmetis,</strong></span> 
     </span>
     <span class='ocr_line' id='line_1_33' title="bbox 60 4156 1249 4235; baseline 0.002 -2"><span class='ocrx_word' id='word_1_294' title='bbox 60 4174 85 4233; x_wconf 88' lang='lat' dir='ltr'><strong>et</strong></span> <span class='ocrx_word' id='word_1_295' title='bbox 98 4169 192 4233; x_wconf 89' lang='lat' dir='ltr'><strong>eidem</strong></span> <span class='ocrx_word' id='word_1_296' title='bbox 214 4187 233 4229; x_wconf 92' lang='lat' dir='ltr'><strong>a</strong></span> <span class='ocrx_word' id='word_1_297' title='bbox 256 4164 319 4226; x_wconf 86' lang='lat' dir='ltr'><strong>suis</strong></span> <span class='ocrx_word' id='word_1_298' title='bbox 343 4158 470 4224; x_wconf 88' lang='lat' dir='ltr'><strong>subditis</strong></span> <span class='ocrx_word' id='word_1_299' title='bbox 488 4157 607 4222; x_wconf 89' lang='lat' dir='ltr'><strong>faciatis</strong></span> <span class='ocrx_word' id='word_1_300' title='bbox 625 4156 834 4221; x_wconf 89' lang='lat' dir='ltr'><strong>obedienciam</strong></span> <span class='ocrx_word' id='word_1_301' title='bbox 851 4164 882 4222; x_wconf 89' lang='lat' dir='ltr'><strong>et</strong></span> <span class='ocrx_word' id='word_1_302' title='bbox 896 4163 1101 4227; x_wconf 88' lang='lat' dir='ltr'><strong>reverenciam</strong></span> <span class='ocrx_word' id='word_1_303' title='bbox 1118 4166 1249 4235; x_wconf 91' lang='lat' dir='ltr'><strong>debitam</strong></span> 
     </span>
    </p>
   </div>
   <div class='ocr_carea' id='block_1_5' title="bbox 62 4363 1249 4612">
    <p class='ocr_par' dir='ltr' id='par_1_13' title="bbox 62 4363 1249 4612">
     <span class='ocr_line' id='line_1_34' title="bbox 125 4363 1248 4442; baseline -0.012 -15"><span class='ocrx_word' id='word_1_304' title='bbox 125 4373 156 4442; x_wconf 83' lang='lat' dir='ltr'><strong>a)</strong></span> <span class='ocrx_word' id='word_1_305' title='bbox 172 4373 213 4425; x_wconf 86' lang='lat' dir='ltr'><strong>vel</strong></span> <span class='ocrx_word' id='word_1_306' title='bbox 233 4390 248 4426; x_wconf 87' lang='lat' dir='ltr'><strong>a</strong></span> <span class='ocrx_word' id='word_1_307' title='bbox 271 4371 338 4424; x_wconf 82' lang='lat' dir='ltr'><strong>fehlt</strong></span> <span class='ocrx_word' id='word_1_308' title='bbox 356 4367 385 4422; x_wconf 87' lang='lat' dir='ltr'><strong>V.</strong></span> <span class='ocrx_word' id='word_1_309' title='bbox 405 4397 432 4406; x_wconf 90' lang='lat'><strong>—</strong></span> <span class='ocrx_word' id='word_1_310' title='bbox 448 4366 480 4436; x_wconf 79' lang='lat' dir='ltr'><strong>b)</strong></span> <span class='ocrx_word' id='word_1_311' title='bbox 502 4367 592 4420; x_wconf 85' lang='lat' dir='ltr'><strong>valent</strong></span> <span class='ocrx_word' id='word_1_312' title='bbox 610 4363 638 4417; x_wconf 87' lang='grc' dir='ltr'><strong>Ζ.</strong></span> <span class='ocrx_word' id='word_1_313' title='bbox 655 4393 685 4403; x_wconf 93' lang='grc'>-</span> <span class='ocrx_word' id='word_1_314' title='bbox 700 4364 732 4434; x_wconf 88' lang='lat' dir='ltr'><strong>c)</strong></span> <span class='ocrx_word' id='word_1_315' title='bbox 754 4380 796 4435; x_wconf 88' lang='lat' dir='ltr'><strong>ep.</strong></span> <span class='ocrx_word' id='word_1_316' title='bbox 818 4363 886 4420; x_wconf 86' lang='lat' dir='ltr'><strong>fehlt</strong></span> <span class='ocrx_word' id='word_1_317' title='bbox 915 4366 941 4420; x_wconf 85' lang='lat' dir='ltr'><strong>Z.</strong></span> <span class='ocrx_word' id='word_1_318' title='bbox 960 4395 988 4404; x_wconf 91' lang='lat'>—</span> <span class='ocrx_word' id='word_1_319' title='bbox 1005 4367 1040 4437; x_wconf 85' lang='lat' dir='ltr'><strong>d)</strong></span> <span class='ocrx_word' id='word_1_320' title='bbox 1061 4374 1199 4426; x_wconf 68' lang='lat' dir='ltr'><strong>cantorem</strong></span> <span class='ocrx_word' id='word_1_321' title='bbox 1214 4403 1248 4414; x_wconf 75' lang='grc'><strong>.-</strong></span> 
     </span>
     <span class='ocr_line' id='line_1_35' title="bbox 62 4456 1249 4538; baseline -0.005 -24"><span class='ocrx_word' id='word_1_322' title='bbox 62 4462 234 4532; x_wconf 81' lang='lat' dir='ltr'><strong>llugdeburch</strong></span> <span class='ocrx_word' id='word_1_323' title='bbox 248 4461 320 4517; x_wconf 80' lang='lat' dir='ltr'><strong>fehlt</strong></span> <span class='ocrx_word' id='word_1_324' title='bbox 336 4461 367 4516; x_wconf 76' lang='lat' dir='ltr'><strong>V.</strong></span> <span class='ocrx_word' id='word_1_325' title='bbox 381 4490 416 4499; x_wconf 94' lang='lat'>-</span> <span class='ocrx_word' id='word_1_326' title='bbox 430 4458 461 4529; x_wconf 86' lang='lat' dir='ltr'><strong>e)</strong></span> <span class='ocrx_word' id='word_1_327' title='bbox 476 4457 524 4514; x_wconf 85' lang='lat' dir='ltr'><strong>Cb.</strong></span> <span class='ocrx_word' id='word_1_328' title='bbox 542 4457 610 4512; x_wconf 81' lang='lat' dir='ltr'><strong>fehlt</strong></span> <span class='ocrx_word' id='word_1_329' title='bbox 629 4457 656 4511; x_wconf 83' lang='lat' dir='ltr'><strong>Z.</strong></span> <span class='ocrx_word' id='word_1_330' title='bbox 667 4485 700 4496; x_wconf 93' lang='lat'>—</span> <span class='ocrx_word' id='word_1_331' title='bbox 713 4456 744 4527; x_wconf 76' lang='lat' dir='ltr'><strong>f)</strong></span> <span class='ocrx_word' id='word_1_332' title='bbox 757 4473 835 4512; x_wconf 87' lang='lat' dir='ltr'><strong>nunc.</strong></span> <span class='ocrx_word' id='word_1_333' title='bbox 849 4473 922 4527; x_wconf 84' lang='lat' dir='ltr'><strong>pres.</strong></span> <span class='ocrx_word' id='word_1_334' title='bbox 935 4458 1004 4512; x_wconf 81' lang='lat' dir='ltr'><strong>fehlt</strong></span> <span class='ocrx_word' id='word_1_335' title='bbox 1016 4461 1044 4514; x_wconf 88' lang='lat' dir='ltr'><strong>Z.</strong></span> <span class='ocrx_word' id='word_1_336' title='bbox 1056 4491 1090 4500; x_wconf 94' lang='lat'><em>-</em></span> <span class='ocrx_word' id='word_1_337' title='bbox 1101 4462 1136 4536; x_wconf 75' lang='lat' dir='ltr'><strong>p)</strong></span> <span class='ocrx_word' id='word_1_338' title='bbox 1151 4465 1249 4538; x_wconf 74' lang='lat' dir='ltr'><strong>nequi.</strong></span> 
     </span>
     <span class='ocr_line' id='line_1_36' title="bbox 62 4552 173 4612; baseline 0.054 -6"><span class='ocrx_word' id='word_1_339' title='bbox 62 4552 134 4610; x_wconf 79' lang='lat' dir='ltr'><strong>dnus</strong></span> <span class='ocrx_word' id='word_1_340' title='bbox 145 4557 173 4612; x_wconf 84' lang='lat' dir='ltr'><strong>Z.</strong></span> 
     </span>
    </p>
   </div>
   <div class='ocr_carea' id='block_1_6' title="bbox 0 0 1588 5124">
    <p class='ocr_par' dir='ltr' id='par_1_14' title="bbox 0 0 1588 5124">
     <span class='ocr_line' id='line_1_37' title="bbox 0 0 1588 5124; baseline 0 0"><span class='ocrx_word' id='word_1_341' title='bbox 0 0 1588 5124; x_wconf 95' lang='lat' dir='ltr'><strong> </strong></span> 
     </span>
    </p>
   </div>
  </div>
 </body>
</html>
