3096 5128
629 559 659 622 d.

539 723 578 785 m
595 723 659 786 elus
677 725 748 787 tlte.

136 863 373 927 Decoratissimo
391 863 454 926 viro
471 869 502 925 et
518 864 629 926 decore
646 863 780 926 sciencie
797 862 942 934 rutilanti,
960 863 1078 927 domino
1095 863 1241 927 Clementi

55 978 107 1034 etc.
126 973 267 1035 devotam
284 971 492 1035 obedienciam
511 992 578 1035 cum
595 973 700 1033 salute.

132 1081 161 1143 N
163 1081 279 1143 orerint
292 1101 395 1144 omnes
409 1079 483 1142 fines
497 1085 587 1151 terre,
605 1079 746 1164 quoniam
759 1079 871 1144 ueritas
887 1102 948 1143 non
965 1077 1091 1164 requirit
1103 1081 1239 1162 angelos,

50 1189 160 1252 voracis
178 1187 316 1253 karitatis
335 1189 460 1253 allectus
485 1190 653 1253 elucidatur
674 1188 804 1252 externis
828 1210 884 1272 per
906 1188 1079 1253 caritativos
1103 1187 1356 1252 affectasse-ae.

50 1297 97 1360 Sic
108 1298 188 1360 enim
201 1299 347 1380 scriptum
361 1303 423 1361 est:
441 1297 552 1361 caritas
567 1317 716 1382 nunquam
728 1297 848 1361 rennuit
860 1318 993 1380 operam,
1008 1301 1149 1380 operatur
1162 1298 1240 1360 enim

49 1406 73 1467 si
85 1411 138 1476 est,
156 1405 183 1468 si
199 1407 355 1469 rennuerit
372 1406 484 1470 caritas
501 1406 631 1489 operari,
650 1428 709 1469 non
726 1412 772 1468 est
789 1407 909 1469 caritas,
928 1406 1037 1470 Verum
1052 1405 1077 1468 si
1090 1405 1240 1488 publicam

49 1513 246 1577 assercionem
263 1514 354 1577 michi
377 1515 467 1578 liceat
489 1534 668 1587 recensere,
696 1517 806 1577 caritas
824 1513 910 1577 illesa
927 1519 958 1576 et
974 1515 1094 1594 integra
1110 1512 1168 1575 sihi
1184 1513 1239 1576 do-

48 1643 120 1685 mum
137 1622 287 1704 ydoneam
304 1621 453 1705 edificavit
469 1623 500 1686 in
516 1623 613 1695 vobis,
631 1623 682 1706 qui
701 1623 842 1686 affectum
860 1627 993 1685 restrum
1011 1623 1128 1718 cpnotis
1146 1621 1239 1685 comi-

48 1736 89 1792 tat
103 1735 132 1793 et
149 1731 280 1813 exponit.
305 1732 443 1796 Vestram
464 1732 558 1814 igitur
573 1731 731 1795 caritatem
748 1731 965 1814 largissimam,
989 1751 1046 1815 que
1064 1731 1239 1794 devotorum

47 1857 148 1918 preces
165 1858 316 1922 nunquam
334 1840 457 1902 remittit
474 1859 594 1912 vacuas
613 1840 720 1903 devote
736 1839 875 1923 requiro,
893 1844 1042 1921 quatenus
1059 1859 1123 1909 me,
1140 1837 1239 1900 humi-

47 1945 99 2006 lem
115 1945 258 2009 clericum
276 1952 425 2016 vestrum,
448 1951 493 2008 tot
510 1948 658 2010 anxiatum
676 1946 801 2016 studiis,
826 1951 869 2009 tot
892 1966 1070 2030 oppressum
1092 1943 1237 2026 penuriis,

47 2058 88 2115 tot
103 2053 267 2136 obligatum
286 2055 411 2127 debitis,
435 2055 670 2118 misericorditer
692 2054 874 2127 sublevetis,
898 2060 929 2118 ut
945 2053 1111 2117 indubitata
1128 2053 1238 2117 caritas

47 2167 142 2225 vestra
159 2164 322 2226 elucescat.

625 2387 652 2428 θ.

449 2511 452 2516 ’
529 2527 737 2610 tprudencla·

125 2675 327 2739 Lucidissimo
341 2675 460 2738 domino
473 2696 528 2739 suo
545 2677 734 2760 philosophie
751 2678 845 2741 radiis
859 2679 1007 2745 illustrato
1016 2682 1050 2746 C.
1062 2689 1119 2748 etc.
1128 2685 1163 2747 H.
1174 2688 1233 2746 eto.

43 2785 162 2848 salutem
179 2804 249 2848 cum
265 2783 501 2868 promptitudine
518 2787 688 2849 famulatus.

126 2891 263 2955 Celebris
292 2898 322 2955 et
350 2892 481 2956 salubris
509 2895 640 2958 humana
663 2895 817 2979 sapiencia
840 2919 901 2961 non
922 2899 1144 2982 transgreditur
1166 2920 1235 2963 cor-

41 3020 126 3081 pore,
145 3002 171 3063 si
187 3000 308 3063 rennuit
325 3001 477 3071 coerceri,
502 3003 557 3065 sed
574 3003 726 3067 stimulata
742 3003 852 3068 caritas
870 3007 993 3077 aculeo,
1018 3007 1056 3070 ab
1079 3007 1233 3071 intellectu

47 3107 81 3170 ad
97 3109 248 3180 effectum,
266 3107 304 3170 ab
322 3110 432 3174 effectu
450 3111 588 3192 procedit
604 3111 634 3174 in
651 3113 802 3175 effectum.
829 3114 902 3176 Cum
920 3113 1013 3197 igitur
1028 3115 1234 3179 honorabilem

43 3224 137 3282 vestre
170 3218 368 3281 discrecionis
407 3221 616 3284 celsitudinem
647 3221 838 3305 philosophie
877 3225 990 3306 gremio
1020 3225 1233 3289 delicatissime
1319 3209 1321 3214 ⁵

41 3327 169 3389 noverim
186 3328 282 3389 fuisse
298 3328 470 3398 enutritam,
487 3331 593 3412 paucis
611 3330 716 3412 ipsam,
735 3333 790 3394 sed
808 3332 924 3396 devotis
941 3334 1083 3415 precibus
1100 3333 1232 3418 requiro,

38 3435 111 3516 quod
130 3435 271 3498 nimirum
287 3436 446 3518 pauciores
464 3438 611 3506 instancie
629 3438 784 3503 sufficiunt
802 3442 946 3523 sapienti,
964 3445 1112 3525 quatenus
1129 3441 1232 3513 michi,

40 3539 139 3607 devoto
157 3544 269 3607 clerico
286 3551 407 3616 vestro,
429 3551 560 3609 vestram
577 3545 748 3610 clarificetis
770 3549 953 3632 sapienciam
970 3549 1150 3613 claritudine
1166 3552 1232 3632 pie-

38 3651 112 3722 tatis,
130 3657 163 3713 ut
181 3651 313 3715 diuturni
329 3652 441 3716 laboris
454 3655 512 3717 mei
524 3654 691 3726 recreacio,
711 3646 857 3738 egestatis
870 3658 1046 3731 subvencio,
1065 3659 1233 3724 debitorum

38 3757 198 3838 expedicio,
220 3759 328 3841 quibus
346 3780 439 3844 supra
456 3762 577 3824 modum
593 3783 659 3825 sum
675 3769 828 3845 gravatus,
846 3787 900 3848 per
907 3769 1038 3829 vestrum
1054 3765 1232 3832 beneficium

38 3871 205 3937 consecute,
224 3872 354 3930 vestram
372 3868 554 3950 sapienciam
572 3870 752 3953 perhibeant
770 3874 967 3937 fructuosam.

617 4076 643 4159 fi
716 4071 719 4076 .

546 4219 585 4283 hb
604 4219 714 4287 ostiolo.

118 4361 309 4446 Evangelico
327 4363 389 4428 viro
407 4370 437 4428 et
453 4365 617 4430 animarum
635 4367 764 4433 sollicito
781 4371 904 4436 zelatori
921 4372 953 4436 C.
972 4382 1029 4438 etc.
1048 4377 1082 4439 H.
1099 4383 1156 4440 eto.
1176 4379 1231 4441 de-

26 4473 133 4534 uotam
150 4471 360 4535 obedienciam
380 4473 501 4538 monitis
519 4482 549 4537 et
564 4477 721 4540 mandatis.
