3100 5116
251 351 330 424 366

248 526 344 608 igitur
367 525 446 589 idem
468 532 555 609 pater
577 527 756 591 venerabilis
780 547 815 591 ex
831 527 1041 610 preteritorum
1064 525 1221 590 eventibus
1238 525 1440 589 coniecturam

249 634 413 717 pessimam
431 636 615 706 futurorum,
643 641 746 700 nostre
762 636 910 700 maiestati
925 633 1078 700 humiliter
1099 633 1295 718 supplicavit,
1323 639 1357 696 ut
1370 652 1441 715 pre·

252 743 365 807 dictum
383 744 597 814 monasterium
613 749 665 809 tue
682 745 841 810 devocioni
857 745 1110 810 committeremus
1127 763 1194 808 cum
1218 742 1354 807 omnibus
1380 742 1441 806 suis

251 851 473 917 defendendum
491 852 529 916 ab
545 852 717 919 incursibus
734 853 940 937 malignorum.
974 854 1037 918 Nos
1059 855 1161 937 itaque
1183 852 1276 935 ipsius
1297 850 1442 934 precibus

246 960 392 1034 inclinati,
407 968 459 1027 tue
475 961 545 1026 fidei
562 963 722 1045 puritatem
743 963 936 1045 presentibus
959 963 1094 1027 duximus
1116 960 1339 1046 requirendam,
1356 960 1440 1042 regia

248 1068 460 1135 nichilominus
478 1069 534 1134 tibi
550 1071 728 1136 auctoritate
754 1071 932 1137 mandentes
955 1078 986 1136 et
1008 1072 1178 1144 credentes,
1201 1075 1349 1154 quatenus
1371 1088 1442 1152 pre-

249 1179 362 1245 dictum
379 1179 595 1244 monasterium
617 1179 803 1264 fratrumque
826 1186 1022 1251 conventum,
1043 1179 1179 1244 homines
1193 1179 1346 1262 ipsorum,
1369 1197 1442 1261 pos-

162 1324 167 1334 ·
249 1285 417 1358 sessiones,
433 1287 513 1351 bona
530 1285 650 1350 mobilia
667 1293 698 1351 et
713 1287 875 1352 immobilia
891 1307 948 1352 nec
965 1308 1024 1351 non
1042 1289 1140 1352 omnia
1161 1287 1200 1350 ad
1221 1286 1320 1369 ipsum
1337 1303 1442 1350 mona-

249 1395 374 1460 sterium
396 1397 582 1480 fratrumque
606 1401 785 1462 conventum
812 1397 999 1480 pertinencia
1027 1397 1095 1460 vice
1122 1395 1218 1460 nostri
1233 1401 1442 1467 manuteneas,

248 1508 391 1587 protegas
419 1509 451 1567 at
477 1504 639 1578 defendas,
667 1524 725 1569 nec
745 1507 901 1588 permittas
924 1526 961 1570 ex
981 1486 1059 1570 nunc
1083 1511 1114 1569 et
1134 1505 1254 1569 inantea
1278 1502 1317 1566 ab
1340 1503 1441 1586 aliquo

248 1612 381 1676 indebite
397 1611 560 1676 molestari.

810 1821 871 1893 17.

442 2002 637 2065 Romanorum
652 2021 704 2067 rex
720 2021 812 2085 super
825 2004 1021 2068 lnrtltuclore
1037 2004 1106 2068 mvl
1122 2002 1180 2067 tort
1194 1998 1245 2086 a).

255 2159 343 2232 Kdna'q
369 2160 475 2231 liudolf
494 2159 609 2227 ertbea'tt,
635 2159 689 2232 cof
706 2161 751 2216 die
771 2162 842 2216 Bittc
863 2162 935 2233 eines
956 2161 1010 2216 itm
1029 2169 1156 2234 petreum
1178 2159 1347 2223 Edetmconc
1372 2160 1447 2216 eiam

410 2251 489 2306 Stcdt
502 2251 545 2306 eia
559 2251 729 2324 Pricilepr‘cm
741 2271 790 2306 zur
802 2251 949 2324 Abbcttuap
962 2252 1035 2308 eines
1053 2250 1291 2307 Woebenmarletee.

347 2397 483 2478 benigna
506 2397 611 2478 gracie
635 2403 737 2461 nostre
758 2396 906 2480 provisio,
931 2416 1006 2480 qua,
1038 2397 1094 2462 sub
1118 2396 1246 2481 quodam
1263 2395 1302 2482 t)
1317 2395 1449 2459 humane

251 2503 423 2568 dilectionis
442 2503 597 2587 applausu,
615 2506 725 2587 regalis
748 2507 867 2570 fortune
876 2496 1043 2588 ‘fastigium
1066 2505 1230 2570 clementer
1255 2505 1450 2587 amplectitur

254 2620 284 2678 et
297 2614 503 2679 subiectorum
516 2614 778 2680 commoditatibus
792 2615 1018 2687 condescendit,
1032 2621 1115 2680 tauto
1126 2615 1274 2679 libencius
1290 2614 1330 2678 ad
1341 2613 1448 2679 fideles

253 2728 373 2788 nostros
402 2744 436 2787 se
458 2723 583 2786 uabnali
612 2723 738 2806 quadam
764 2725 946 2788 necessitate
968 2724 1121 2808 portendit
1137 2724 1186 2808 e),
1210 2729 1321 2807 quanto
1349 2723 1449 2805 magis

253 2850 305 2894 eos
322 2831 354 2894 in
370 2830 582 2914 obsequiorum
606 2830 794 2895 exhibicione
816 2832 978 2914 precipuos
1002 2831 1177 2894 invenimus.
1212 2831 1294 2895 Sane
1316 2848 1384 2894 cum
1408 2828 1447 2892 ad

252 2940 364 3003 hocin
386 2940 540 3021 oportunis
563 2939 637 3002 locis
660 2941 756 3002 torum
780 2944 950 3021 campestre
973 2939 1164 3002 consueverit
1185 2939 1287 3009 statui,
1311 2943 1345 3002 ut
1360 2938 1392 2999 in
1407 2958 1445 3000 eo

252 3047 451 3112 vendencium
468 3055 558 3132 atque
576 3047 744 3112 emencium
759 3053 941 3130 procuretur
953 3046 1064 3110 utilitas
1078 3049 1108 3110 et
1122 3046 1235 3110 alterna
1248 3046 1446 3109 commoditas

253 3163 418 3240 augeatur,
448 3177 513 3228 nos,
541 3156 706 3240 reipublice
722 3155 801 3218 bono
819 3155 909 3218 statui
932 3154 1089 3236 cupientes
1113 3155 1234 3217 assiduo
1256 3155 1445 3218 incremento

254 3264 416 3330 salubriter
438 3265 608 3347 providere,
632 3284 668 3328 ac
691 3263 800 3328 nobilis
822 3264 879 3327 viri
896 3264 941 3337 C,
959 3263 1053 3327 nostri
1074 3261 1183 3334 tidelis,
1205 3262 1244 3326 ob
1261 3267 1361 3344 grata,
1384 3284 1443 3347 que

254 3374 342 3438 nobis
358 3373 503 3457 impendit
519 3373 665 3458 obsequia
683 3378 713 3436 et
726 3372 823 3436 adbuc
843 3371 1018 3455 impendere
1035 3372 1148 3455 poterit
1165 3372 1315 3454 graciora,
1328 3370 1445 3435 devotis

255 3483 529 3569 supplicacionibus
557 3481 702 3554 inclinati,
729 3481 759 3542 in
786 3480 856 3545 villa
883 3480 947 3553 tali,
969 3486 1073 3561 utpote
1094 3480 1161 3543 loco
1183 3479 1222 3544 ad
1244 3480 1275 3543 id
1297 3478 1392 3542 babdi
1413 3485 1447 3544 et

255 3592 392 3664 decenti,
426 3591 583 3656 ebdomale
613 3591 712 3654 iorum
744 3589 793 3652 die
824 3589 876 3653 tali
907 3593 1053 3670 perpetuo
1084 3587 1220 3650 duximus
1252 3586 1444 3660 edicendum,

253 3704 387 3765 volentes
416 3706 446 3765 et
474 3699 581 3764 eodem
609 3697 775 3762 maiestatis
803 3702 906 3762 nostre
939 3695 1038 3759 edicto
1066 3695 1260 3767 mandantes,
1295 3701 1445 3777 quatenus

256 3830 377 3883 omnes,
406 3811 457 3895 qui
486 3811 517 3873 in
545 3810 626 3873 dicto
650 3809 716 3872 soro
737 3828 791 3891 pro
816 3806 959 3870 emcionls
983 3825 1037 3868 seu
1059 3804 1247 3868 vendicionis
1264 3805 1445 3868 commercio

256 3921 425 3986 exercendo
455 3918 663 3990 confluxerint,
691 3918 721 3979 in
748 3915 886 3999 personis
915 3914 997 3977 etin
1018 3912 1110 3976 rebus
1138 3917 1242 3976 nostra
1269 3917 1303 3976 et'
1328 3912 1446 3997 imperii
1545 3907 1546 3974 l

254 4031 443 4117 protectione
460 4009 583 4114 speciali
608 4026 820 4109 congaudeant
844 4028 874 4087 et
895 4024 1059 4087 sorensium
1082 4020 1241 4105 privilegio
1264 4020 1445 4086 libertatum.
1545 4001 1546 4012 ¹

344 4215 377 4280 a)
392 4213 443 4268 tori
458 4212 527 4266 feblt
539 4209 568 4265 V.
582 4239 613 4248 -
629 4208 661 4278 d)
678 4206 788 4277 quadam
802 4207 828 4258 Z.
845 4237 877 4246 -
892 4206 924 4275 a)
940 4200 1075 4276 protendit
1089 4205 1115 4256 Z.

346 4401 411 4454 Dass
431 4397 475 4452 die
495 4395 621 4452 Urbunde
642 4411 691 4448 von
710 4392 813 4448 liudolf
827 4391 964 4452 berrdbrt,
983 4389 1047 4445 dari
1062 4405 1122 4446 man
1140 4405 1188 4444 aus
1202 4387 1261 4441 dem
1274 4386 1329 4440 tast
1342 4385 1447 4458 gleich-

254 4490 394 4547 laotendeu
415 4487 582 4560 Pririlegium
601 4484 740 4540 desselben
754 4481 855 4550 litinigs
875 4484 918 4536 ffir
929 4481 1037 4536 Landau
1057 4480 1132 4552 (Dat.
1147 4497 1188 4550 ap.
1203 4477 1310 4532 Landau
1323 4477 1362 4532 ld.
1376 4475 1445 4532 Junli
1545 4543 1546 4564 ἶ

256 4583 345 4636 indict
360 4582 394 4635 lv
407 4596 431 4634 a.
443 4579 474 4632 Il.
489 4575 558 4630 1291
573 4575 649 4647 requi
664 4572 707 4627 18.
719 4571 876 4643 Soboeptliu
889 4572 991 4627 Alsatia
1004 4570 1172 4642 diplomatica
1185 4568 1210 4630 2.
1224 4565 1277 4637 49)
1291 4567 1448 4622 sublimen.
