3112 5118
1178 298 1253 370 199

65 491 131 539 suo,
163 470 256 533 veluti
284 490 379 552 gana
408 491 475 536 curn
502 473 615 554 paleis,
648 472 795 538 bonorum
828 473 892 536 dies
924 455 1179 535 indistinctione
1212 469 1253 547 a)

65 584 274 658 compegerat,
302 579 333 642 in
356 580 440 642 cuius
461 580 620 662 tranquillo
646 581 748 664 quieta
763 600 820 663 per
834 581 936 643 mundi
953 599 1066 662 equora
1082 578 1249 648 terebatur,

62 685 204 748 malorum
221 686 395 749 declarante
411 685 541 759 turbine,
559 707 637 750 nunc
654 687 800 752 discernit
813 691 843 749 et
855 687 914 750 iarn
929 707 990 749 non
1007 705 1133 748 erronea
1149 684 1253 748 matris

65 792 209 855 discrecio
239 796 404 874 utrosque,
435 813 525 856 veros
553 799 584 856 et
611 793 697 858 lictus
725 793 884 871 videlicet,
911 793 1123 872 recognoscit,
1156 797 1189 854 ut
1221 792 1253 853 in

64 899 227 962 relectione
255 920 327 970 sua,
355 920 412 982 qua
439 901 631 982 gratitudinis
659 901 736 964 lilios
767 900 973 970 commendat,
1003 883 1169 963 dulcedinis
1198 919 1253 961 sue

67 1029 184 1072 mannas
203 1009 244 1094 b)
261 1009 396 1072 retrahat
412 1011 450 1072 ab
467 1010 605 1090 ingratis,
624 1031 659 1074 eo
677 1011 756 1094 quod
772 1031 832 1074 non
855 1010 895 1072 sit
916 1009 1029 1071 bonurn
1044 1009 1110 1072 deri
1127 1006 1253 1071 canibus

68 1116 205 1198 pabulum
227 1117 364 1186 liliorum.
401 1119 434 1184 si
464 1119 542 1182 enim
568 1124 693 1201 paterne
716 1117 895 1200 provisionis
916 1117 1086 1180 humanitas
1109 1115 1253 1198 inprobus

66 1225 173 1306 passim
192 1225 389 1288 comitaretur
405 1231 435 1289 et
456 1225 581 1307 probos,
612 1226 881 1308 parvipenderetur
896 1223 1033 1287 condicio
1059 1228 1254 1305 utrorumque

68 1337 95 1394 et
120 1331 215 1394 virtus
245 1332 419 1413 inproprie
444 1332 633 1405 subiaceret,
664 1335 690 1396 si
718 1334 836 1414 culpam
860 1331 1026 1418 inpunitate
1050 1336 1080 1393 et
1095 1336 1253 1413 peccatum

65 1439 262 1502 benificencia
278 1440 469 1522 contingeret
485 1441 636 1523 premiari.
654 1443 781 1522 Propter
796 1441 877 1523 quud
893 1440 1037 1503 malorum
1053 1440 1146 1502 lacius
1165 1459 1254 1520 quam

67 1546 210 1609 bonorum
235 1547 370 1628 exemplu
392 1549 423 1610 in
451 1549 616 1629 perniciem
637 1548 787 1630 publicam
803 1552 985 1610 tererentur.
1019 1547 1161 1609 Miramur
1179 1565 1252 1608 sane

63 1641 194 1717 dolentes
211 1673 351 1738 quosque
367 1653 483 1725 fideles,
501 1657 551 1737 qui
568 1675 637 1720 cum
653 1655 712 1718 filio
728 1655 856 1736 prodigo
873 1655 935 1724 re,
958 1654 1107 1736 quondam
1124 1655 1254 1734 impera-

65 1768 144 1832 tore,
160 1763 192 1826 in
207 1763 368 1843 regionem
384 1762 467 1826 abire
484 1762 522 1847 c)
538 1763 750 1846 longinquam,
778 1763 959 1825 adherentes
983 1761 1102 1825 domino
1119 1761 1253 1841 regionis

65 1871 193 1933 eiusdem
216 1871 257 1957 1),
275 1890 333 1953 quo
351 1872 503 1935 detractos
521 1892 538 1934 a
555 1873 642 1936 domo
658 1873 790 1954 propria,
807 1870 949 1934 videlicet
965 1871 1096 1932 ecclesia
1108 1870 1165 1933 Dei
1181 1869 1252 1942 vivi,

64 1985 91 2041 et
117 1978 195 2042 omni
218 1979 301 2042 bono
324 1979 445 2045 celestis
467 1980 571 2060 gracie
601 1979 786 2051 denudatos,
814 1977 950 2040 funditus
980 1978 1121 2060 inmergit
1142 1997 1254 2058 pecca-

61 2092 153 2150 torum
169 2087 309 2168 voluptas
317 2087 370 2170 d),
378 2088 454 2152 adeo
472 2089 552 2170 quod
567 2108 627 2150 non
642 2088 732 2151 facile
745 2086 898 2151 addiciunt
910 2088 988 2172 e)ut
1002 2090 1172 2167 resurgant.
1191 2087 1254 2150 Sed

63 2195 275 2258 vehemencius
282 2196 425 2260 miramur
436 2197 625 2259 aversionem
633 2215 748 2266 eorum,
761 2197 813 2278 qui
825 2197 923 2261 sortiti
935 2199 1055 2259 fuerant
1067 2195 1253 2268 clericatum,

63 2307 141 2369 tanto
158 2303 197 2364 ab
228 2301 361 2365 ecclesia
383 2303 487 2366 favore
509 2302 663 2384 provecti,
690 2307 773 2366 tante
793 2303 981 2384 benignitate
1004 2301 1138 2373 collecti,
1166 2306 1200 2363 nt
1222 2302 1254 2363 in

63 2410 216 2472 multorum
243 2408 387 2472 iuvidiam
414 2429 448 2472 se
470 2409 686 2485 beneficiorum
706 2410 866 2492 prodigam
886 2410 1056 2472 exhibuerit
1077 2428 1152 2490 erga
1174 2409 1253 2479 illos,

64 2517 217 2598 diguitatis
251 2537 304 2579 eos
338 2517 505 2582 extollendo
538 2518 716 2581 culminibus
750 2523 780 2580 et
807 2523 948 2601 tanquam
975 2518 1144 2600 peculiares
1176 2515 1253 2580 tilios

62 2622 436 2690 beneficiorumuberibus
460 2625 634 2688 deliciosius
658 2625 823 2688 educando.
853 2627 913 2706 lpsi
929 2645 1000 2688 vero
1017 2644 1071 2707 pro
1089 2625 1251 2690 dilectione

63 2733 157 2796 odium
174 2738 206 2796 et
222 2731 362 2795 iniuriam
378 2751 432 2813 pru
449 2733 553 2813 gracia
574 2731 771 2804 reuerentes,
799 2733 869 2796 dum
891 2734 922 2794 in
946 2732 995 2796 die
1012 2733 1083 2796 belli
1099 2737 1180 2796 stare
1197 2752 1253 2814 pro

63 2840 144 2903 domo
172 2840 295 2904 Domini
328 2845 434 2904 contra
464 2841 661 2904 violentorum
690 2841 809 2922 inpetus
842 2840 1055 2911 crederentur,
1087 2840 1118 2902 in
1149 2859 1252 2902 arcum

61 2948 235 3027 pestilencie
252 2953 323 3009 sunt
340 2947 478 3011 conversi
501 2952 531 3009 et
548 2967 616 3010 cum
639 2947 803 3010 assistendi
824 2967 858 3010 se
874 2948 1059 3029 oportunitas
1078 2945 1250 3018 obtulisset,

63 3054 254 3124 obstiterunt,
270 3055 330 3120 imo
344 3055 383 3140 f)
399 3055 504 3136 pocius
521 3062 703 3125 nocuerunt,
719 3056 887 3119 roborando
904 3054 1019 3118 viribus
1042 3055 1105 3117 suis
1128 3073 1253 3118 nervum

60 3167 266 3243 persecutoris
282 3161 388 3244 perfidi
406 3168 511 3226 contra
526 3169 660 3226 matrem.
694 3165 770 3226 Nam
787 3168 817 3227 ct
834 3163 1030 3227 devocionem
1048 3161 1202 3232 elidens,
1225 3165 1253 3226 si

62 3289 114 3352 qua
129 3270 256 3352 rigebat
272 3271 302 3332 in
318 3269 454 3352 reliquis,
470 3288 526 3350 per
542 3270 670 3352 dampna
686 3291 785 3333 rerum
803 3276 833 3332 et
848 3289 1061 3352 personarum,
1079 3270 1204 3332 iniurias
1221 3275 1252 3334 et

61 3382 188 3443 terrores
200 3377 385 3458 multiplices
403 3358 715 3450 exstinxeruntsmore
731 3379 876 3448 rindiote,
893 3398 952 3461 que
968 3398 1028 3440 uon
1045 3377 1183 3440 excessui
1197 3378 1252 3440 scd

61 3485 228 3567 penitencie
257 3487 357 3549 locum
383 3491 485 3567 perat,
514 3487 650 3550 seviendi
673 3493 825 3550 sumentes
849 3488 1005 3566 audaciam
1027 3487 1058 3548 in
1085 3504 1251 3548 conversos

59 3594 151 3673 procb
172 3595 277 3656 dolori
304 3593 368 3674 Qua
389 3593 512 3657 racione
536 3615 620 3657 suern
641 3601 807 3676 posuerunt
835 3616 871 3657 ex
899 3594 1037 3677 opposito
1064 3593 1251 3675 porcionem,

62 3720 131 3782 quos
158 3703 189 3766 in
218 3701 300 3765 omni
328 3701 453 3765 articulo
480 3702 561 3766 iuxta
588 3703 709 3766 modurn
735 3702 946 3784 possibilitatis
976 3722 1079 3765 eorum
1107 3700 1252 3782 sperabat

59 3807 167 3872 habere
191 3809 325 3874 ecclesia
349 3829 469 3890 semper
490 3816 656 3892 promptos.
697 3811 814 3874 ludicet
837 3812 1006 3894 quicunque
1029 3811 1109 3872 inter
1136 3829 1192 3871 nos
1221 3813 1252 3871 ct

61 3913 155 3997 ipsos,
184 3919 327 4000 quoniam
355 3919 386 3979 in
414 3919 536 4001 querele
564 3926 667 3982 nostre
696 3920 816 3982 iusticia
846 3919 1021 4002 cuiusquam
1044 3919 1109 3982 sani
1139 3916 1250 3999 capitis

149 4045 182 4111 a)
211 4042 381 4096 distinctione
395 4043 537 4098 aufllasur
551 4045 580 4099 V.
597 4076 628 4084 —
654 4046 686 4114 d)
710 4063 803 4100 menna
828 4047 893 4099 oder
915 4061 1039 4099 mammas
1063 4063 1094 4097 zu
1118 4043 1200 4096 lesen.
1215 4069 1251 4080 -

62 4132 90 4198 ι’)
102 4135 223 4186 abierunt
243 4151 275 4186 zu
293 4133 376 4186 lesen.
398 4163 427 4172 —
449 4135 485 4200 d)
505 4137 704 4204 voluptatibus?
724 4167 756 4174 -
771 4139 802 4203 e)
823 4135 1010 4190 adducentur?
1030 4131 1113 4202 -f)
1135 4132 1185 4185 imo
1206 4131 1254 4184 eut

61 4222 149 4277 Rasur.

101 4398 382 4408 --—---——·.-——.«..-

89 4509 109 4566 ¹)
127 4511 199 4554 buces
219 4513 256 4564 15,
278 4512 314 4555 13.
335 4511 370 4554 15.
