3108 5118
656 721 718 790 71.

457 897 655 960 Romanorum
671 915 724 958 rex
742 848 904 962 nobllibus.

229 1050 295 1110 nne
308 1052 600 1124 temulentorum
613 1070 700 1124 neom
713 1051 882 1116 unalamer
896 1049 1131 1119 colledunum·

182 1195 309 1258 Gerbert,
324 1195 348 1257 1,
362 1196 407 1249 ll.
1077 1150 1082 1160 Ι

172 1339 301 1421 Exurgit
322 1339 481 1414 adversum
502 1360 555 1410 uos
578 1347 660 1416 terra
683 1339 863 1412 clamoribus
881 1345 911 1416 et
926 1338 964 1410 ad
981 1358 1067 1408 aures
1085 1337 1168 1416 regie
1186 1325 1278 1404 celsi-

77 1447 195 1522 tudinis
226 1467 392 1530 pauperum
423 1449 553 1530 gemitus
585 1449 718 1512 introivit
749 1469 785 1510 ex
816 1469 852 1518 eo
885 1447 975 1537 quod,
1008 1445 1157 1528 generalis
1189 1442 1277 1525 pacis

77 1556 293 1630 observacioni
325 1557 496 1630 rebellionis
529 1558 703 1632 calcaneum
735 1562 937 1643 opponentes,
974 1575 1029 1636 pro
1061 1559 1160 1624 vestre
1191 1551 1279 1622 libitu

76 1663 244 1727 voluntatis
276 1684 293 1726 a
324 1665 548 1727 transeuntibus
586 1641 763 1750 presumitis*
792 1669 969 1749 extorquere
1000 1663 1140 1735 thelonea
1172 1661 1213 1740 a)
1246 1664 1278 1726 et.

76 1771 224 1834 indebitis
253 1792 312 1834 non
340 1773 468 1834 cessatis
496 1793 548 1834 eos
576 1772 708 1862 angariis
737 1792 871 1834 onerare.
906 1771 1054 1852 Quocirca
1083 1769 1277 1850 prudenciam

76 1883 214 1942 vestram
241 1879 404 1942 affectuose
432 1881 612 1963 requirimus
642 1887 672 1944 et
697 1899 858 1962 rogamus,
884 1899 939 1960 pro
961 1877 1001 1957 b)
1023 1876 1107 1956 regia
1131 1875 1168 1960 o)
1191 1874 1278 1937 vobis

78 1987 264 2052 auctoritate
287 1988 490 2068 mandantes,
509 1994 655 2072 quatenus
679 2008 784 2050 manus
807 1987 909 2050 illicito
933 1984 1101 2048 cohibeatis
1124 1983 1161 2045 ab
1186 2001 1278 2062 opere

79 2101 112 2158 et
141 2095 180 2157 ad
208 2095 292 2156 licita
319 2095 482 2158 reflectatis
491 2117 500 2168 ;
528 2096 660 2178 alioquin
689 2097 767 2158 scire
796 2117 849 2156 vos
877 2095 1013 2156 volumus
1040 2111 1095 2172 pro
1118 2089 1281 2157 constanti,

78 2201 163 2285 quod
179 2201 219 2262 ad
235 2201 403 2263 huiusmodi
419 2203 503 2282 pacis
521 2202 791 2285 pulchritudinem,
808 2206 841 2263 ut
855 2200 982 2282 pristino
1000 2199 1110 2260 decore
1127 2197 1278 2266 refloreat,

79 2329 187 2372 omnes
205 2310 299 2381 vires,
316 2328 404 2372 curas
422 2315 452 2372 et
469 2311 583 2372 animos
601 2329 752 2372 acuemus.
806 2395 807 2398 Ἴ

672 2623 734 2694 72.

445 2798 638 2874 Romanorum
655 2815 707 2858 rex
724 2801 849 2876 cognato
866 2815 930 2859 sno.

643 2955 734 3008 1277?

81 3102 171 3172 Kovety
183 3098 290 3168 liudolf
298 3099 433 3168 itbcrtrci'pt
444 3097 528 3152 einem
548 3101 719 3153 Verwnndtcn
732 3100 776 3152 ein
787 3102 847 3151 Ami
853 3139 863 3164 ,
887 3097 915 3151 in
930 3099 978 3151 cler
990 3096 1136 3166 Hoffnunp,
1157 3098 1222 3149 dosa
1235 3095 1282 3148 die

79 3188 306 3257 Beiclwfursten,
331 3185 497 3240 oline'deren
510 3185 698 3258 Ernwillipuny
710 3185 854 3254 Reiclsyut
870 3203 902 3239 zu
922 3186 1050 3255 verpeben
1068 3204 1098 3238 er
1110 3183 1167 3239 ricla
1181 3183 1279 3241 eidlirlu

343 3287 450 3346 canopi
462 3275 542 3344 nale„
554 3275 613 3330 ihre
625 3276 810 3359 Eirswillipnng
820 3277 903 3353 geben
913 3277 1028 3331 maden.

179 3421 305 3484 Gerbert,
319 3419 347 3484 3,
359 3419 383 3472 6.

179 3565 298 3645 Duplex
319 3564 375 3626 tibi
399 3584 566 3645 suggerere
588 3586 647 3626 non
669 3565 847 3644 ambigimus
872 3564 1072 3636 incentivum,
1092 3563 1171 3645 quod
1195 3561 1281 3623 nohis

82 3680 113 3736 et
129 3674 266 3737 Romano
282 3671 406 3753 imperio
424 3672 499 3733 adeo
516 3672 735 3733 ministeriosus
753 3678 785 3733 ut
809 3672 873 3752 apis
896 3677 1109 3752 argumentose
1132 3671 1283 3738 deservis,

82 3799 215 3864 quarum
232 3779 358 3848 alterum
375 3781 541 3860 sanguinus
555 3779 648 3846 elficit
665 3779 821 3848 claritudo,
844 3799 901 3862 qua
920 3779 1139 3860 coniungimur¹
1156 3779 1281 3842 alterum

82 3908 157 3951 vero
187 3886 259 3948 fidei
287 3887 420 3950 debitum
447 3887 607 3958 naturalis,
638 3907 696 3968 quo
723 3892 754 3948 te
782 3886 907 3970 imperio
924 3907 1128 3966 recognoscas
1145 3885 1281 3966 astringi,

84 3995 168 4080 quod
192 3999 316 4077 rupture
338 4015 397 4056 non
419 3994 529 4086 patitur
552 3994 726 4064 cicatricem
739 3995 776 4081 1).
810 3995 910 4057 Virilis
937 3995 1030 4078 igitur
1057 3995 1164 4062 animi,
1193 4013 1282 4076 quem

184 4155 219 4224 a)
233 4155 349 4208 thelonia
362 4157 389 4208 Z.
405 4185 434 4194 -
452 4155 484 4234 l),
498 4173 548 4228 pro
563 4155 631 4208 fehlt
645 4156 671 4208 Z.
690 4183 717 4194 -
736 4155 768 4224 e)
783 4171 831 4239 pro
848 4156 921 4232 regia
937 4172 977 4207 am
991 4155 1082 4207 Raude
1095 4155 1124 4206 v.

111 4336 134 4396 ¹)
155 4337 202 4387 Aue
223 4335 310 4389 diesem
329 4338 397 4387 Sotae
419 4337 511 4396 loigeri
527 4335 641 4392 (leubert,
663 4337 716 4380 dass
737 4337 779 4378 der
797 4335 861 4378 Briel
879 4348 910 4388 an,
928 4335 972 4380 den
990 4333 1075 4378 Grafen
1093 4333 1214 4379 Meinhard
1237 4346 1283 4378 von

149 4419 213 4464 δὸτι
234 4418 281 4461 und
301 4418 375 4471 Tirol‚
395 4419 441 4462 seit
461 4420 553 4479 Aniaug
574 4419 634 4462 1276
654 4417 860 4484 Scipiviegerrater
882 4430 927 4464 von
948 4417 1051 4464 Rudoli's
1073 4417 1180 4462 iltestem
1201 4417 1283 4464 Sohnc

149 4499 280 4554 libuerint,
297 4501 417 4560 gerichtel
430 4501 471 4546 sei.
497 4503 528 4546 Er
540 4503 605 4545 fauit
617 4501 706 4545 sodomi
720 4501 848 4560 fulgendo,
870 4499 915 4545 den
928 4500 1039 4546 ueitercn
1052 4499 1129 4546 rinhart
1141 4499 1181 4542 des
1194 4497 1283 4541 Brielcs
