3112 5118
68 449 180 514 quoque
204 432 344 505 tandem,
373 434 410 497 de
432 435 557 498 fratrum
574 441 742 499 nostrornm
765 434 889 499 consilio
915 433 1094 506 eorundem,
1123 434 1255 515 prelatos

68 539 275 611 ecclesiarum,
307 561 413 623 regum
444 562 480 607 ac
507 541 677 626 principum
704 543 830 606 nuncios
857 542 896 605 ad
923 541 1027 604 sedem
1060 541 1255 622 apostolicam

68 648 200 712 duximus
229 650 449 714 convocandos.
498 651 585 716 Unde
612 652 711 723 idem,
737 653 796 715 boc
828 652 998 721 intellecto,
1030 651 1101 734 quia
1132 650 1256 715 terroris

67 757 176 820 sonitus
206 755 365 838 impiorum
393 756 517 821 auribus
547 777 666 841 semper
693 760 789 829 inest,
813 779 848 822 eo
872 758 952 841 quod
973 758 1038 820 lesa
1061 757 1255 822 consciencia

67 885 133 928 seva
147 863 270 927 videtur
284 884 459 946 presumere
477 866 557 930 omni
573 867 659 938 vice,
676 873 898 950 consequenter
920 866 994 930 alias
1010 867 1131 939 literas,
1147 866 1257 949 priori·

67 971 119 1034 bus
135 973 317 1042 contrarias,
341 973 502 1039 destinavit
518 980 563 1045 et,
587 974 728 1059 nequiter
744 997 777 1039 se
792 975 970 1044 humilians,
995 993 1119 1038 examen
1137 975 1257 1037 concilii

66 1079 263 1162 requirendo,
290 1079 433 1146 interiora
455 1102 526 1153 sua,
554 1082 643 1164 plena
666 1083 751 1155 dolo,
780 1083 930 1164 scripture
954 1083 1101 1146 varietate
1119 1083 1255 1164 protinus

67 1189 236 1270 detegebat.
255 1190 477 1254 decedentibus
489 1192 592 1274 itaque
609 1192 646 1254 ad
664 1192 768 1254 sedem
784 1190 980 1274 apostolicam
996 1190 1132 1272 prelatis,
1147 1189 1256 1272 positis

68 1298 176 1361 eisdem
207 1297 326 1361 insidiis
359 1303 389 1361 et
420 1299 697 1363 fraudulentissime
730 1298 906 1381 captivatis,
939 1299 1012 1361 fecit
1037 1298 1075 1383 α)
1105 1318 1157 1362 eos
1190 1297 1255 1361 diro

67 1425 186 1469 carcerc
204 1406 351 1478 detineri,
381 1427 440 1470 non
463 1407 590 1470 credens
608 1407 666 1470 sibi
682 1407 822 1470 sufficere
839 1406 919 1490 qnod
937 1405 1096 1469 ecclesiam
1113 1405 1257 1487 multipli-

67 1515 138 1578 citer
152 1516 268 1579 leserat
282 1515 385 1598 prius,
405 1515 464 1578 nisi
487 1521 517 1579 et
532 1516 565 1578 in
579 1516 638 1579 hoc
656 1536 729 1580 casn
746 1509 891 1579 offensam
908 1516 1005 1579 eidem
1021 1514 1256 1579 inestimabilem

66 1622 221 1704 irrogaret.
257 1624 367 1687 Verum
384 1625 442 1688 etsi
457 1624 516 1687 ista
532 1625 642 1687 nostris
659 1623 796 1688 fidelibus
813 1623 1022 1688 turhacionem
1036 1625 1177 1696 inferant,
1194 1645 1255 1688 non

66 1734 161 1792 tanen
176 1749 300 1794 suorum
318 1736 365 1793 est
380 1731 523 1795 mutanda
539 1732 714 1795 constancia
731 1731 874 1803 cordium,
893 1751 949 1794 nec
966 1736 1090 1813 propter
1104 1731 1136 1793 id
1154 1753 1257 1796 eorum

66 1838 172 1899 sinceri
200 1838 293 1901 animi
320 1843 390 1901 sunt
417 1838 577 1910 flectendi,
607 1839 661 1901 sed
684 1844 767 1903 tanto
790 1837 847 1921 ipsi
870 1839 999 1901 ecclesie
1023 1838 1135 1903 debent
1151 1829 1256 1904 contra

35 1959 43 1966 ’
65 1951 290 2026 persecutorem
307 1945 436 2009 eundern
451 1945 679 2010 favorabiliores
697 1947 824 2018 adesse,
853 1951 963 2028 quanto
989 1946 1117 2008 eundem
1134 1952 1256 2011 contra-

68 2051 210 2138 dictorem
227 2053 268 2139 α)
284 2052 359 2134 ipsis
376 2053 512 2116 iniuriam
529 2054 560 2115 in
575 2054 624 2116 illa
647 2055 781 2117 sentiunt
802 2052 948 2116 intulisse.
982 2052 1113 2136 Ideoque
1135 2055 1257 2118 univer-

67 2159 180 2223 sitatem
196 2166 330 2224 vestram
346 2179 499 2242 rogamus,
515 2161 671 2224 hortamur
685 2161 716 2224 in
732 2161 871 2232 Domino,
888 2180 944 2242 per
959 2161 1124 2243 apostolica
1141 2162 1256 2244 scripta

66 2266 145 2331 vobis
162 2267 354 2337 mandantes,
371 2274 518 2351 quatenns
531 2268 562 2331 in
575 2268 705 2331 ecclesie
718 2273 822 2331 sancte
835 2267 1000 2331 devocione
1014 2269 1257 2336 constantissimo

63 2376 278 2458 persistentes,
306 2381 336 2438 et
360 2373 546 2439 confidentes
567 2377 599 2438 in
614 2375 741 2439 Domino
765 2375 839 2439 etin
855 2375 995 2458 potencia
1011 2375 1130 2440 virtutis
1146 2376 1259 2465 ipsius,

65 2479 179 2545 inimico
214 2483 299 2552 eius,
329 2487 472 2564 tanquam
502 2483 659 2545 fortissimi
689 2482 869 2554 bellatores,
900 2488 1040 2565 potenter
1072 2489 1103 2546 et
1133 2484 1259 2549 viriliter

64 2589 229 2660 resistatis,
260 2609 316 2652 nec
338 2589 487 2670 repentini
504 2609 594 2653 casus
610 2590 752 2673 iniquitas
770 2590 981 2654 cordavestra
999 2593 1174 2664 concuciat,
1203 2594 1259 2656 sed

14 2719 15 2722 ¹
67 2698 100 2760 ad
116 2697 325 2762 defensionem
343 2697 473 2762 ecclesie
489 2698 626 2762 attendat
648 2718 683 2762 ea
705 2699 812 2782 pocius
836 2699 917 2762 zelus
941 2699 1063 2762 Christi.
1098 2701 1161 2764 Nos
1178 2703 1257 2765 enim

65 2825 152 2889 snper
178 2804 242 2868 hiis
271 2803 374 2869 taliter
399 2805 576 2887 providere,
602 2807 668 2868 Deo
697 2812 839 2877 auctore,
868 2807 1053 2889 disponimus
1084 2808 1183 2870 auxilii
1212 2811 1258 2872 sui

66 2916 214 2978 dexteram
232 2913 318 2976 nobis
336 2913 446 2976 adesse
462 2919 632 2996 sperantes,
649 2915 730 2999 quod
747 2915 900 2998 depressis
913 2915 1071 2996 impiorum
1085 2916 1257 2991 conatibus,

64 3021 156 3086 honor
170 3024 333 3085 accrescat
347 3019 503 3092 altissimo,
518 3020 670 3085 katholice
686 3021 755 3086 fidei
772 3022 912 3092 roboret
928 3021 1139 3085 ecclesiastice
1164 3023 1259 3088 liber·

66 3130 116 3195 tati
139 3135 333 3212 angmentum
349 3129 507 3210 proveniat
528 3149 565 3193 ac
586 3137 687 3194 vestra
709 3137 740 3194 et
761 3130 888 3195 aliorum
909 3130 1021 3193 utilitas
1040 3130 1255 3216 subsequatur.

154 3311 1254 3396 medmastssmoM-fflmbwbmmfflwdmotmmmi

70 3419 228 3473 Venetorum
242 3417 295 3471 und
309 3416 368 3470 dem
383 3417 441 3469 Dat.
455 3416 577 3470 Laterani
590 3416 634 3469 XV
648 3417 702 3470 Kal.
716 3417 785 3470 lunii
796 3418 891 3486 pontif.
906 3417 959 3469 XV.
983 3418 1108 3486 Dagegen
1126 3417 1172 3470 hat
1186 3416 1252 3472 (lod.

66 3505 1254 3578 bmmffifflfflmfflmmmmaemfflfflmmffl

66 3596 110 3648 vir
130 3599 199 3650 noch
224 3596 361 3664 fulgendo,
392 3596 448 3648 bier
478 3595 600 3649 fcblende
621 3597 705 3650 Stella
736 3599 820 3651 nach:
847 3595 881 3666 α)
913 3613 972 3650 cum
996 3597 1137 3650 venerabili
1171 3597 1254 3651 fratre

67 3686 189 3757 episcopo
216 3687 371 3741 Prenestino
397 3702 429 3739 ac
453 3687 550 3739 dilecto
576 3685 632 3742 lilio
651 3689 743 3740 nostro
758 3685 788 3739 0.
810 3687 891 3740 sancti
907 3686 1048 3740 Nicolaiin
1067 3687 1255 3743 carcerc'l'ul-

67 3774 667 3846 wfflwmmmmm.

153 3955 188 4024 c)
203 3953 352 4026 graviorem
366 3955 447 4022 Rayn.
520 3969 521 3973 ¹
575 3943 577 3950 ’
