3112 5118
296 303 373 370 218

293 471 383 534 tilium
401 478 533 534 nostrum
550 474 586 536 N.
606 472 644 557 α)
662 474 700 536 ad
717 473 846 538 civitatis
870 480 969 537 vestre
991 473 1143 554 regimen,
1173 471 1258 536 cuius
1280 470 1361 534 inter
1384 490 1482 534 omncs
1554 529 1555 532 ,

292 580 388 642 Ytalic
410 579 547 643 civitates
570 582 696 662 pervigil
719 601 792 645 cura
814 603 869 646 nos
893 581 1044 652 sollicitat,
1068 587 1098 644 et
1120 581 1222 662 gracie
1239 586 1342 644 nostre
1360 579 1484 662 plenitu·
1554 563 1555 584 ³

295 686 394 748 dinem
416 685 475 748 sibi
497 687 658 768 specialius
682 689 857 760 cumulavit,
886 689 1022 770 diligenti
1045 687 1293 751 consideracione
1317 685 1484 768 prehabito,
1554 703 1555 742 1

293 792 477 872 providimus
495 794 708 877 deputandum.
740 795 784 858 Ex
806 815 864 878 quo
880 793 1047 858 manifestis
1063 795 1200 876 prolecto
1216 799 1301 876 patet
1319 792 1440 856 indiciis
1456 795 1485 853 et

293 898 500 979 probabilibus
518 902 686 966 ostenditur
700 903 905 984 argumentis,
928 907 1039 984 quante
1055 921 1108 964 vos
1126 900 1295 964 dilectionis
1312 899 1485 962 sinceritate

295 1013 326 1070 et
358 1006 564 1088 singularitate
595 1010 757 1090 imperialis
788 1011 952 1074 auctoritas
983 1009 1165 1092 prospiciat,
1196 1028 1234 1071 ac
1266 1027 1357 1091 quam
1388 1005 1486 1070 teneri

294 1116 480 1195 specialitate
498 1122 605 1180 statum
622 1123 753 1181 vestrum
777 1117 935 1200 pacificum
956 1098 1170 1200 amplectatur,
1199 1116 1269 1180 dum
1290 1115 1485 1180 humanitatis

293 1228 395 1287 nostre
423 1224 587 1286 clemencia
615 1243 670 1306 per
697 1225 888 1288 evidenciora
916 1225 1003 1306 signa
1025 1224 1160 1287 videmus
1184 1223 1304 1288 ostendi
1320 1244 1383 1286 non
1398 1242 1489 1304 posse
1554 1267 1555 1270 ,

293 1330 437 1402 lucidius,
467 1350 555 1414 quam
578 1332 658 1414 quod
680 1332 771 1395 filium
794 1338 930 1396 nostrum
957 1331 1149 1396 karissimum
1177 1332 1216 1395 ad
1244 1352 1317 1404 vos,
1345 1336 1489 1412 tanquam

292 1437 509 1519 ymaginarium
533 1444 635 1501 nostre
657 1440 816 1520 presencie
834 1440 1032 1511 destinamus,
1055 1438 1105 1521 qui
1127 1458 1181 1502 vos
1205 1445 1235 1502 et
1258 1439 1289 1500 in
1311 1438 1394 1500 bono
1412 1441 1490 1500 statu

292 1546 404 1616 foveat,
428 1545 584 1626 tranquille
601 1553 770 1618 conservet,
786 1546 906 1610 iusticie
929 1547 1065 1628 copiam,
1094 1564 1184 1627 quam
1206 1545 1332 1626 singulis
1349 1564 1408 1626 per
1424 1563 1490 1607 curn
1555 1540 1556 1543 ’

293 1651 445 1734 propinari
452 1652 653 1734 precepimus,
671 1653 985 1737 omnibuspctcntibus
1003 1653 1218 1722 subministret,
1237 1659 1267 1716 et
1282 1652 1383 1716 fidelis
1399 1654 1489 1716 nobis

294 1765 324 1822 et
349 1760 456 1823 devota
472 1759 629 1824 Florencia
644 1766 706 1825 tam
722 1763 800 1843 grati
822 1763 950 1826 rectoris
971 1761 1101 1826 iocunda
1125 1761 1267 1824 refloreat
1282 1761 1421 1824 novitate
1440 1760 1489 1846 β).

293 1867 355 1930 Vos
371 1867 466 1948 igitur
480 1887 555 1949 pure
571 1868 640 1931 fidei
658 1875 688 1931 et
707 1870 825 1932 sineere
843 1870 1017 1932 devocionis
1031 1869 1161 1951 alumpni
1176 1868 1370 1949 presentibus
1388 1874 1493 1931 nostre
1554 1855 1555 1878 ³

177 1975 466 2040 rerosaserenitatis
484 1975 621 2056 apicibus
643 1977 780 2048 animati,
810 1996 885 2059 quos
906 1977 1094 2059 irrequisitos
1118 1981 1149 2039 et
1164 1977 1320 2039 ultroneos
1339 1975 1371 2037 id
1388 1976 1496 2038 facere

294 2102 348 2164 pro
366 2088 449 2146 certo
477 2081 671 2155 confidimus,
698 2084 791 2164 patris
819 2085 851 2147 iu
865 2083 936 2146 ¹filio
964 2084 1153 2166 presenciam
1180 2082 1364 2164 figurantes,
1392 2081 1494 2164 ipsum

295 2196 436 2273 tanquam
464 2190 620 2253 familiaris
649 2191 817 2254 dilectionis
845 2194 954 2274 pignus
986 2193 1124 2255 eximium
1153 2190 1286 2253 libenter
1317 2195 1349 2252 ct
1381 2189 1494 2252 devote

295 2297 439 2378 suscipite
461 2317 498 2359 ae
520 2295 597 2368 sibi,
619 2298 707 2360 velud
728 2300 758 2360 in
781 2317 870 2381 quem
891 2298 1125 2361 transfundimus
1148 2303 1250 2361 nostre
1272 2295 1494 2377 plenitudinem

294 2405 470 2485 potestatIs,
503 2404 533 2466 in
565 2405 701 2468 omnibus
733 2414 876 2488 tanquam
903 2426 1035 2488 persone
1063 2411 1165 2469 nostre
1196 2404 1343 2486 promptis
1376 2403 1495 2466 curetis

294 2508 453 2575 affectibus
469 2512 612 2594 hylariter
628 2512 762 2584 obedire,
779 2519 812 2576 ut
828 2514 1002 2576 devocionis
1019 2517 1120 2576 vestre
1137 2512 1344 2574 constanciam
1360 2510 1498 2573 liberali-

294 2619 365 2682 tatis
383 2625 510 2700 auguste
527 2621 676 2701 provisio,
701 2639 759 2702 quc
776 2621 903 2683 servicia
920 2621 1003 2683 novit
1018 2638 1210 2682 remunerare
1226 2616 1372 2690 fidelium,
1390 2619 1495 2698 dignis

292 2726 418 2808 proinde
435 2727 729 2790 commendacionem
756 2727 895 2791 laudibus
922 2733 1140 2810 prosequatur,
1169 2728 1301 2790 scientes
1318 2746 1375 2808 pro
1394 2722 1494 2798 certo,

293 2833 373 2916 quod
395 2832 571 2896 obediencie
587 2835 684 2915 signa,
707 2854 765 2916 que
788 2834 846 2897 sibi
871 2834 995 2897 devocio
1023 2839 1125 2896 vestra
1152 2833 1381 2904 monstraverit,
1415 2851 1493 2915 equo

292 2943 394 3003 lavore
410 2942 513 3022 gracie
531 2941 764 3022 complectamur
780 2961 816 3004 ac
833 2941 859 3003 si
875 2960 1004 3021 persone
1021 2946 1124 3004 nostre
1141 2939 1317 3022 specialiter
1341 2947 1497 3004 monstra·

294 3052 408 3118 rentur,
425 3052 456 3109 et
472 3049 498 3109 si
513 3049 609 3119 sorte,
627 3047 707 3129 quod
723 3048 840 3110 omnino
858 3047 1100 3118 concredimus,
1118 3053 1223 3109 contra
1240 3066 1310 3109 eum
1327 3047 1492 3130 quisquam
1554 3121 1555 3132 χ

293 3160 427 3217 vestrum
442 3153 648 3218 indevocionis
666 3156 840 3218 calcaneum
857 3155 997 3226 elevaret,
1014 3154 1045 3216 in
1061 3160 1306 3235 transgressores
1319 3152 1497 3218 huiusmodi
1554 3173 1555 3242 ss

293 3261 442 3325 acerbiori
459 3283 712 3346 prosequeremur
727 3263 835 3325 iudicio
853 3264 1017 3333 ulcionem,
1047 3262 1177 3344 quamsi
1199 3261 1231 3324 in
1253 3261 1415 3343 nosipsos
1440 3261 1497 3324 boe

294 3371 422 3433 alieuius
438 3372 485 3433 vel
502 3371 669 3453 aliquorum
686 3370 841 3433 temeritas
858 3374 1059 3451 attemptaret.
1191 3364 1193 3370 ’

385 3569 575 3636 Erginaungen
604 3583 650 3618 aus
680 3567 751 3618 Patr.
781 3565 814 3617 de
834 3565 890 3619 Vin.
911 3564 935 3623 3,
959 3564 984 3617 9.
1010 3562 1043 3633 α)
1073 3563 1237 3618 Fridcricum
1256 3561 1292 3615 de
1310 3563 1495 3617 Antiochia·
1554 3627 1555 3630 Ἴ

293 3655 326 3721 β)
341 3656 422 3720 Quom
442 3674 493 3710 nen
511 3658 594 3709 solum
615 3658 749 3724 potestate
768 3671 844 3722 quarn
866 3655 966 3706 ceteris
984 3649 1143 3706 officialibfi
1166 3653 1314 3720 imperialis
1339 3653 1494 3722 impartitur
1554 3641 1555 3690 Ῑ

295 3745 454 3805 auctoritas,
478 3747 596 3799 volumus
617 3762 676 3797 esse
695 3746 861 3805 contentum,
885 3743 932 3796 sed
952 3748 980 3795 ut
998 3742 1023 3794 in
1041 3742 1208 3795 facinorosos
1234 3747 1261 3794 et
1279 3743 1425 3809 insigniter
1445 3759 1492 3794 seu
1554 3807 1555 3812 Ἰ

296 3836 490 3890 contumaciter
504 3856 532 3890 se
547 3838 674 3904 gerentes
682 3835 797 3886 liberiu
812 3833 1022 3886 animadvertere
1041 3834 1142 3892 valeat,
1166 3833 1215 3884 sibi
1230 3829 1404 3885 concedimus
1420 3831 1492 3884 vices

296 3929 411 3979 nostras.
