3112 5118
872 673 932 742 19.

633 849 829 913 ronam·-
853 869 905 912 rex
930 851 998 913 trel
1023 849 1160 913 Soronle.

572 1005 651 1059 ¹278.
665 1007 771 1076 August
785 1007 829 1063 27.
843 1008 869 1060 in
883 1008 980 1061 castris
993 1009 1066 1078 apud
1080 1007 1220 1077 Velsperg.

292 1149 379 1220 b'dar'p
400 1149 505 1221 liudolf
521 1150 589 1222 τεῖρε
609 1151 667 1203 dem
690 1152 806 1223 Herwye
827 1169 875 1205 voa
897 1149 1017 1205 Sue-been
1038 1149 1129 1204 reinero
1151 1167 1194 1203 om
1216 1149 1264 1204 26.
1291 1151 1397 1220 August
1421 1145 1491 1200 1278

640 1240 707 1294 oder
722 1243 822 1295 Otctar
835 1240 1003 1312 ersocdtcnen
1018 1240 1082 1311 step
1094 1258 1138 1294 aa.

381 1348 505 1411 Gorbert,
523 1349 548 1411 3,
566 1348 608 1401 lt.

380 1474 505 1555 Quantis
513 1476 682 1559 obprobriis
690 1476 880 1559 etprobrusis
888 1476 1185 1540 iniuriisindesinens
1198 1474 1368 1558 reipublice
1382 1472 1489 1535 distur-

288 1581 387 1654 batur,
403 1583 553 1664 quondam
571 1585 620 1657 0..
637 1585 759 1648 illustris
779 1585 1054 1656 rexbobemorum,
1070 1606 1126 1648 nos
1145 1583 1295 1667 inpulerit,
1314 1589 1348 1646 ut
1370 1581 1410 1644 ad
1429 1580 1487 1642 eius

289 1696 414 1752 conatus
431 1693 564 1754 nefarios
580 1693 777 1757 refrenandos
794 1713 914 1756 manum
929 1699 1031 1756 nostre
1043 1693 1184 1775 potencie
1196 1691 1384 1761 levaremus,
1401 1708 1484 1752 nemo

287 1803 318 1859 te
335 1799 417 1862 novit
433 1800 548 1872 melius,
566 1821 651 1864 nemu
670 1801 744 1863 vidit
760 1802 910 1883 apercius,
928 1820 1015 1882 quam
1033 1807 1065 1863 tu
1081 1801 1223 1882 princeps
1246 1798 1421 1869 carissime,
1439 1796 1485 1878 qui

289 1907 552 1990 conspiraciones,
581 1928 655 1990 quas
683 1909 764 1972 idem
791 1929 843 1971 rex
867 1909 1012 1972 adversus
1041 1915 1173 1971 nostram
1203 1907 1330 1970 salutem
1360 1907 1484 1976 lecerat,

286 2015 462 2078 insidiarum
490 2015 586 2078 iacula
615 2035 672 2098 que
700 2016 894 2086 detenderet,
921 2015 1047 2098 laqueos
1074 2035 1150 2098 quos
1178 2013 1396 2084 abscenderat,
1430 2033 1485 2075 non

287 2124 418 2204 ignoras.
447 2124 486 2186 Et
508 2124 646 2206 quoniam
663 2124 701 2185 de
717 2129 851 2186 torrente
867 2123 935 2186 talis
953 2122 1135 2185 discriminis
1151 2121 1312 2204 aliquando
1328 2121 1486 2184 nobiscum

287 2232 351 2295 dire
368 2231 575 2294 amaritudinis
591 2232 716 2295 haustus
735 2232 838 2294 felleos
855 2231 895 2317 a)
913 2231 1077 2313 accepisti,
1105 2231 1229 2311 dignum
1251 2230 1427 2302 credimus,
1454 2236 1485 2293 ut

288 2345 319 2403 et
334 2360 413 2403 nunc
430 2339 590 2404 letificatus
607 2360 644 2402 ex
658 2347 761 2404 nostra
777 2340 949 2422 triumphali
965 2340 1061 2421 gloria
1083 2339 1215 2402 feliciter
1237 2337 1378 2410 satieris,
1404 2343 1486 2419 post·

288 2469 375 2531 quam
392 2450 437 2512 rei
466 2456 553 2530 geste
570 2449 745 2532 perceperis
768 2443 811 2512 ex'
827 2449 884 2511 biis
913 2449 1024 2512 nostris
1053 2449 1149 2511 literis
1178 2448 1366 2531 qualitatem.
1403 2446 1488 2510 Scias

289 2558 403 2640 itaque,
421 2557 499 2639 quod
517 2578 571 2620 nos
588 2557 687 2620 seria
705 2557 837 2639 quinta
853 2557 1023 2638 proxima
1040 2562 1127 2638 post
1143 2557 1282 2618 sestum
1307 2557 1439 2618 sancti
1452 2555 1488 2640 t)

289 2664 548 2728 bartholomei
565 2665 733 2747 apostoli
746 2665 785 2752 ¹),
807 2686 843 2727 eo
859 2665 926 2728 loco
943 2665 1106 2728 locavimus
1124 2669 1366 2734 castra-nostra,
1397 2683 1487 2746 quoa

288 2773 427 2835 tentoriis
459 2772 533 2836 dicti
564 2775 646 2855 regis
673 2772 817 2835 Bobemie
834 2774 874 2855 e)
895 2773 944 2834 vix
975 2773 1014 2835 ad
1044 2773 1180 2855 spacium
1213 2772 1331 2834 dimidii
1363 2772 1487 2834 miliaris

290 2881 441 2944 deutonici
458 2882 499 2963 d)
516 2881 710 2944 distabamus.
742 2882 830 2944 blane
847 2901 920 2944 reru
944 2886 1052 2943 sexte
1081 2879 1182 2943 serie
1207 2879 1492 2964 subsequentis

291 3009 349 3051 una
378 3009 445 3051 cunr
474 2989 585 3052 dilecto
613 2988 672 3052 lilio
700 2994 822 3061 nostro,
850 3009 924 3070 rege
940 2989 1091 3070 Ungarie,
1118 2988 1335 3070 procedentes,
1366 3008 1493 3051 cuneum

290 3098 423 3158 acierum
440 3102 609 3160 nostrarum
634 3096 823 3160 adiunximus
846 3096 979 3159 bostium
1002 3096 1150 3166 stacioni,
1178 3095 1303 3179 sicque,
1333 3096 1413 3159 bora
1436 3094 1492 3158 diei

291 3203 378 3286 quasi
400 3210 501 3274 sexta,
529 3204 682 3266 internos
705 3205 807 3285 gravis
828 3224 929 3285 pugna
947 3203 1158 3274 committitur,
1185 3204 1217 3265 in
1240 3222 1300 3285 qua
1317 3204 1421 3267 dictus
1444 3223 1493 3266 rex

292 3311 503 3382 Bobemorum,
515 3332 599 3374 more
612 3312 746 3374 strennui
759 3311 868 3392 pugilis
881 3311 1008 3374 viriliter
1020 3331 1053 3372 se
1067 3310 1245 3381 defendens,
1258 3311 1385 3376 tandem
1398 3313 1493 3374 victus

294 3418 447 3489 occubuit,
464 3440 524 3480 non
540 3424 642 3481 nostra
658 3418 767 3480 virtute
782 3423 963 3500 prostratus,
979 3418 1046 3489 sed,
1063 3417 1129 3480 Deo
1148 3417 1256 3500 pocius
1272 3419 1492 3502 inpugnantem

294 3546 358 3589 rem
380 3526 529 3608 publicam
552 3525 651 3588 subito
675 3530 882 3606 expugnante,
903 3525 1022 3588 fortiter
1039 3532 1086 3589 est
1102 3525 1236 3588 collisus.
1270 3527 1382 3609 Inque
1401 3530 1493 3590 eciam

294 3635 373 3698 bello
389 3635 472 3715 regis
488 3634 687 3697 bohemorum
702 3633 896 3714 potenciores
912 3639 964 3695 aut
979 3633 1089 3696 mortui
1106 3633 1207 3714 gladio
1224 3634 1427 3707 ceciderunt,
1449 3644 1494 3698 sut

293 3742 366 3804 uicti
382 3743 556 3811 certamine,
574 3741 643 3803 dum
659 3762 693 3804 se
709 3740 747 3802 ad
764 3739 927 3822 presidium
943 3741 1016 3821 suge
1032 3747 1257 3813 converterent,
1274 3742 1314 3805 ab
1331 3744 1494 3828 insequen-

295 3851 376 3913 tibus
393 3857 462 3914 sunt
478 3850 600 3913 detenti.
633 3851 742 3912 Verum
760 3869 828 3912 cum
845 3870 880 3911 ex
897 3849 988 3912 certis
1007 3849 1128 3933 indiciis
1145 3850 1233 3913 nobis
1257 3858 1394 3925 constet,
1418 3853 1493 3937 quod

295 3981 355 4023 non
370 3966 483 4030 nostra,
500 3959 555 4022 sed
571 3958 677 4021 summi
692 3959 760 4028 Dei,
777 3959 867 4020 uitam
883 3963 1017 4021 nostram
1033 3959 1064 4021 in
1080 3964 1165 4022 tanto
1183 3960 1362 4024 discrimine
1379 3962 1496 4026 miseri·

296 4069 429 4132 corditer
457 4067 662 4148 protegentis,
697 4066 838 4147 potencia
868 4066 1079 4148 triumpbarit,
1117 4073 1294 4148 presentem
1326 4071 1495 4150 preclaram

296 4174 451 4236 victoriam
466 4174 545 4236 illius
561 4172 663 4254 tytulis
681 4178 711 4235 et
726 4172 834 4234 honori
850 4172 1046 4245 ascribimus,
1069 4173 1120 4256 qni
1137 4174 1175 4235 ad
1192 4180 1298 4237 nostre
1318 4176 1497 4244 humilitatis

390 4299 423 4362 ι)
437 4300 538 4352 relleos
550 4299 580 4352 V.
594 4327 630 4336 -
642 4297 674 4365 b)
687 4297 758 4351 beati
771 4297 799 4349 Z.
815 4326 848 4335 -
863 4298 895 4366 e)
915 4297 1040 4351 bohemie
1060 4300 1111 4352 anf
1124 4299 1213 4353 Rasnr
1230 4301 1261 4354 V.
1275 4331 1314 4341 —
1327 4303 1367 4372 d)
1390 4307 1494 4359 tbeuto

297 4387 351 4440 niel
376 4386 404 4439 Z.

324 4570 347 4624 ι)
365 4567 403 4610 as.
423 4571 511 4624 rugan
529 4569 599 4612 rare.
