3108 5118
628 625 664 693 8.

441 805 501 868 lex
525 803 556 867 ll.
581 805 776 868 Romanorum
799 803 872 884 regi.

613 962 693 1018 1276.

63 1107 146 1181 lionip
158 1109 309 1164 1011101011
331 1126 382 1164 voa
399 1107 508 1178 anora
529 1108 597 1179 zeipt
616 1108 675 1162 dem
688 1106 792 1178 Koniye
804 1105 909 1178 liudolf
926 1123 974 1170 00,
997 1108 1062 1162 duaa
1083 1124 1114 1161 er
1135 1106 1186 1176 sair
1207 1105 1251 1160 die

68 1199 288 1274 Verlrondlunpen
312 1201 379 1254 ather
404 1200 449 1254 die
472 1197 589 1254 eheliclre
614 1198 782 1271 Verdindunp
806 1198 894 1253 aciaco
915 1198 1037 1252 Brudera
1058 1197 1183 1252 Andreae
1205 1195 1253 1252 mit

61 1292 131 1346 ether·
148 1291 272 1356 Tucim,
285 1291 396 1347 11110110
409 1291 473 1344 oder
485 1289 580 1345 Niehte
592 1290 639 1344 dee
649 1289 762 1361 Kdnr'pe,
775 1291 828 1344 den
844 1287 949 1360 Grafea
957 1286 1099 1344 Meinhord
1108 1305 1141 1342 aa
1153 1287 1252 1343 oeiaem

67 1382 315 1455 Berollmdchn'yten
334 1392 444 1438 0000001
460 1380 530 1436 habe
545 1382 602 1435 uod
617 1381 772 1437 aueeerdem
790 1380 867 1435 01000
894 1383 1130 1435 Vertrauenemann
1149 1397 1183 1434 on
1200 1381 1253 1438 den

559 1471 648 1543 Konip
658 1473 751 1526 cende.

142 1621 273 1691 Palaelry,
290 1607 363 1674 liber
377 1619 583 1674 Formelhdeher
595 1637 621 1690 p.
635 1617 697 1672 319.
712 1619 828 1674 Gerhort
840 1638 866 1691 p.
882 1616 943 1672 lau.
956 1617 1047 1672 Bodm.
1060 1635 1087 1688 p.
1100 1616 1144 1671 19.

141 1765 254 1830 Diuine
283 1767 448 1830 maiestatis
477 1765 688 1848 providencia,
719 1767 805 1830 cuius
832 1770 906 1830 nutu
934 1772 1081 1848 reguntur
1104 1767 1201 1828 omnia
1225 1770 1255 1830 et

59 1874 242 1946 subsistunt,
282 1875 516 1956 presencialiter
553 1876 658 1958 utique
699 1876 855 1939 continens
886 1875 1037 1944 universa,
1070 1892 1107 1935 ne
1138 1872 1255 1936 lubrica

54 1982 245 2048 microcosmi
271 1983 398 2047 materia
426 1959 601 2066 per⁰devia
627 1983 798 2054 laberetur,
834 1989 887 2047 aut
914 1983 1056 2047 naturalis
1085 1981 1254 2046 allectionis

54 2091 199 2175 igniculus
224 2095 356 2158 invicem
384 2094 449 2157 sine
473 2094 642 2158 dilectionis
666 2095 813 2157 fasciculo
837 2093 1019 2163 solveretur,
1047 2094 1079 2155 in
1106 2091 1254 2174 paradyso

54 2203 147 2284 legem
169 2204 305 2270 instituit
331 2203 529 2275 matrimonii,
557 2224 614 2286 per
636 2225 724 2288 quam
746 2205 777 2266 in
801 2205 889 2267 terris
906 2208 1127 2285 propagaretur
1141 2200 1254 2264 karitas

58 2313 221 2377 amicorum
240 2320 271 2377 et
287 2319 392 2377 nature
409 2315 576 2397 proclivum
592 2316 685 2378 virtus
703 2313 856 2396 exciperet
871 2313 1048 2376 honestatis.
1082 2311 1157 2374 Hinc
1176 2310 1371 2372 enimcum.

55 2420 260 2504 ydemptitatis
285 2427 316 2484 et
337 2422 459 2486 unitatis
482 2422 602 2486 allectio
625 2421 799 2493 invalescit,
828 2442 886 2505 que
904 2421 1123 2485 descendentes
1139 2439 1256 2482 ramus-

55 2533 133 2594 culos
150 2532 191 2594 ad
209 2552 245 2594 se
261 2529 398 2601 retrahit,
418 2551 452 2594 ex
469 2530 597 2594 dirersis
615 2551 704 2594 unum
722 2529 858 2594 efficiens
876 2530 1007 2612 coniugii
1023 2530 1161 2610 paritate.
1183 2528 1255 2591 Cum

57 2640 145 2721 igitur
161 2640 195 2704 in
213 2638 398 2704 sublimitate
415 2641 508 2703 vestri
524 2640 667 2710 nominis,
692 2645 833 2723 tanquam
850 2640 881 2701 in
899 2644 966 2702 ortu
984 2638 1052 2702 novi
1069 2636 1196 2706 sideris,
1221 2657 1257 2698 ex

55 2749 163 2812 intimis
181 2748 364 2830 gloriemur,
381 2749 538 2831 cupientes
555 2755 588 2813 ut
604 2749 745 2813 affectum
761 2754 895 2811 nostrum
912 2746 1112 2829 proximitatis
1129 2745 1255 2809 anneuio

57 2864 253 2943 sequeretur:
281 2876 373 2939 super
388 2858 575 2921 matrimonio
594 2859 802 2923 contrahendo
819 2858 898 2921 inter
914 2855 1003 2919 filiam
1021 2861 1152 2918 vestram
1170 2855 1208 2940 α)
1227 2861 1258 2919 01

57 2969 178 3032 fratrem
203 2971 342 3031 nostrum
364 2966 554 3031 karissimum
571 2969 607 3032 N.
628 2968 667 3056 β)
686 2969 723 3032 de
741 2970 871 3032 omnium
892 2986 1050 3050 procerum
1069 2969 1099 3028 et
1111 2965 1256 3029 baronum

56 3084 228 3142 nostrorum
257 3077 400 3147 consilio,
429 3077 589 3159 magnifico
612 3078 675 3142 viro
693 3080 729 3143 N.
750 3077 788 3164 p)
806 3083 935 3160 cognato
961 3082 1064 3140 nostro
1087 3073 1257 3145 karissimo,

54 3188 132 3252 vices
150 3193 273 3252 nostras
296 3187 432 3250 duximus
457 3188 687 3252 committendas
705 3189 752 3274 δ),
771 3188 985 3252 excellenciam
1008 3191 1139 3250 vestram
1164 3184 1257 3249 allec-

54 3299 166 3362 tuosius
179 3297 386 3380 requirentes,
400 3303 547 3380 quatenus
561 3317 653 3382 super
665 3298 835 3362 huiusmodi
847 3296 1037 3362 matrimonio
1051 3295 1257 3360 contrahendo

56 3405 110 3488 ipsi
127 3405 235 3470 comiti
252 3404 283 3492 ε)
299 3405 397 3467 velitis
413 3411 551 3488 prompte
569 3406 773 3470 exaudicionis
790 3407 925 3470 savorem
951 3411 982 3469 et
1004 3405 1139 3486 graciam
1154 3403 1258 3486 inper-

58 3518 116 3589 tiri,
132 3523 165 3582 ut
182 3520 288 3580 nostre
305 3516 458 3580 felicitatis
475 3517 605 3580 invicem
621 3517 754 3580 brachiis
772 3517 908 3580 solidatis
926 3516 1093 3600 glorientur
1112 3515 1252 3587 humiles,

59 3630 233 3690 terreantur
247 3625 353 3688 tumidi
371 3627 418 3710 ζ),
434 3626 559 3708 pessimi
575 3631 778 3690 conterantur.

143 3754 309 3821 Erganzung
323 3769 371 3807 aus
384 3753 514 3824 Palachy:
538 3741 608 3807 Uber
621 3753 827 3807 Formelbr'icher
840 3773 869 3824 p.
887 3752 947 3806 319.
963 3784 996 3792 -
1015 3751 1048 3824 α)
1062 3753 1256 3824 principaliter,

59 3845 80 3897 ei
98 3848 202 3906 exalat,
227 3850 271 3898 aut
289 3842 334 3896 filii
353 3845 437 3898 vestri
458 3845 498 3898 vel
518 3844 589 3898 filiae
609 3861 656 3898 seu
672 3844 774 3900 sororia
794 3844 874 3898 liliam
887 3842 1255 3916 -β)Αο0100100100101000

56 3934 146 3990 ducem
172 3935 314 3990 Slaroniae
333 3938 360 3988 et
378 3933 515 3997 croatiae,
538 3936 760 3990 infraocteanum
775 3935 1040 4007 constitutum-p)
1066 3934 1257 4001 (Meinhardo),

60 4026 145 4080 comiti
173 4024 318 4094 Tyroleasi
345 4027 373 4078 et
399 4025 525 4080 Goritiae.
554 4056 585 4065 -
613 4025 645 4098 1)
675 4027 708 4080 11
735 4026 914 4082 serenitatem
939 4027 1061 4082 Vestram
1087 4026 1256 4080 nihilominus

60 4118 170 4172 nobilem
183 4117 279 4180 virum,
293 4114 444 4187 magistrum
454 4117 495 4179 A„
508 4117 663 4171 familiarem
675 4123 704 4173 et
714 4117 818 4171 fidelem
833 4121 951 4172 nostrum
963 4118 1086 4172 nuncium
1100 4118 1252 4186 specialem,

57 4225 135 4279 super
157 4209 202 4263 his
216 4212 244 4264 et
268 4207 327 4262 aliis
350 4209 470 4279 qualibet
491 4210 653 4265 auctoritate
676 4209 811 4264 suffultum
832 4209 990 4280 quontocius
1014 4209 1197 4263 transmissuri
1219 4237 1253 4248 -·

56 4298 82 4368 ε)
96 4301 135 4354 rel
149 4299 208 4354 eius
222 4299 383 4370 misso-C)
397 4317 428 4353 ao
447 4305 636 4357 convertantur
649 4306 676 4357 et
689 4301 722 4355 ad
734 4303 801 4374 juga
814 4299 918 4355 veniant
931 4316 1057 4356 exercere
1071 4297 1131 4370 (fiir
1145 4298 1253 4370 exiere)

61 4392 218 4458 potestates.

144 4483 199 4536 Der
216 4481 440 4552 vorhergehende
457 4482 532 4535 Brief
547 4485 652 4552 gehdrt,
672 4485 720 4538 wie
740 4501 788 4538 aus
802 4484 876 4537 Anni.
896 4445 1253 4536 3100100000οΜ-

60 4573 130 4640 geht,
152 4573 178 4626 in
198 4573 250 4628 den
268 4573 373 4642 Auiang
391 4572 437 4626 des
456 4573 551 4628 Jahres
574 4574 658 4640 latta
683 4575 776 4630 irdher
793 4574 882 4629 diirfte
901 4591 931 4628 er
950 4575 1032 4629 sehon
1047 4572 1171 4628 desshalb
1184 4573 1258 4628 nicht

117 4675 213 4721 sontes.
226 4674 295 4721 notu.
309 4674 336 4718 u.
348 4675 389 4716 01.
400 4673 467 4716 xxv.
1004 4663 1040 4716 20
