3114 5110
831 608 893 678 ll.

649 784 727 866 Papo
743 787 883 868 episcopo
901 785 1082 850 boloniensi.

660 941 738 994 1255.
759 943 870 1009 August
889 940 933 994 28.
953 941 1080 1011 Anagnia.

274 1087 430 1141 Alexander
443 1087 459 1138 l
463 1088 487 1140 V.
502 1094 588 1141 warne
606 1087 657 1139 den
671 1084 829 1153 Endieelrof
838 1085 950 1137 Konrrrd
970 1103 1019 1137 von
1034 1087 1102 1138 Koln
1122 1101 1170 1138 vor
1188 1085 1237 1138 der
1254 1086 1425 1142 Tler'lnabme
1438 1107 1475 1141 on

510 1176 587 1232 einer
599 1173 781 1244 Konigraoalrl,
793 1191 824 1226 eo
836 1175 916 1245 lotape
927 1174 1016 1245 Konip
1034 1173 1154 1228 Willelm
1166 1176 1233 1229 lete.

365 1319 469 1400 Nuper
484 1321 525 1404 a)
542 1318 579 1381 ad
607 1339 696 1381 aures
725 1323 844 1380 nostras
868 1337 943 1380 nova
968 1297 1154 1382 vehementis
1177 1319 1368 1382 amiracionis
1390 1323 1479 1384 rela-

274 1407 360 1488 cione
386 1432 605 1508 pervenerunt,
634 1446 692 1508 que
715 1445 865 1507 nunquam
884 1426 1085 1489 ascenderant
1101 1425 1131 1488 in
1148 1447 1201 1489 cor
1217 1431 1367 1497 nostrum,
1392 1429 1479 1510 quod

272 1535 413 1597 videlicet
432 1536 553 1619 quidam
570 1535 756 1616 principum,
779 1537 810 1596 et
825 1534 985 1613 presertim
1002 1535 1293 1606 ecclesiasticorum,
1311 1536 1348 1597 ad
1365 1555 1478 1598 novam

273 1641 482 1705 turbacionem
499 1643 616 1725 imperii
634 1648 664 1704 et
679 1640 873 1704 venacionem
889 1638 1042 1722 karissimi
1063 1641 1093 1704 in
1110 1641 1229 1705 Christo
1246 1641 1298 1705 filii
1320 1643 1416 1705 nostri
1433 1643 1473 1706 N.

273 1751 397 1813 Romani
413 1752 495 1832 regis
511 1751 647 1820 illustris,
664 1751 734 1832 quin
747 1750 852 1830 pocius
865 1749 903 1810 ad
917 1769 970 1810 sue
983 1748 1087 1811 salutis
1100 1750 1266 1832 periculum
1280 1750 1472 1821 anhelantes,

273 1859 386 1920 animos
419 1860 602 1942 quorundam
633 1879 753 1921 movere
785 1863 931 1920 conantur
961 1857 1080 1938 inpulsu
1121 1858 1246 1940 inprobe
1280 1859 1408 1921 actionis
1443 1865 1476 1922 et

273 1970 500 2052 temptacionis,
529 1976 561 2033 ut
584 1969 729 2054 quispiam
747 1987 873 2036 eorum,
901 1967 1036 2049 predicto
1053 1988 1126 2050 rege
1144 1970 1306 2050 superstite
1323 2009 1368 2018 —
1386 1991 1480 2053 quem

231 2057 234 2062 ¹
274 2077 358 2139 Deus
383 2079 492 2159 elegit,
515 2079 552 2140 in
576 2078 684 2139 cuius
701 2095 902 2158 personam
919 2078 1007 2137 vota
1025 2095 1154 2138 eorum
1179 2096 1333 2158 quorum
1357 2077 1482 2144 inter-

276 2191 363 2248 erat
386 2191 650 2248 convenerunt
679 2187 725 2268 ¹),
754 2204 843 2266 quem
878 2183 1060 2264 apostolicus
1098 2185 1183 2245 lavor
1216 2185 1417 2268 prosequitur
1450 2193 1483 2248 et

156 2312 346 2366 panicum
379 2313 438 2375 quo
469 2314 590 2356 manum
623 2313 691 2354 esse
723 2289 842 2354 Domini
882 2291 1014 2352 felicium
1052 2311 1249 2354 successuum
1286 2295 1481 2376 prosperitas

275 2401 635 2464 attestatur—Romani
665 2400 781 2482 imperii
810 2398 942 2478 accipiat
969 2399 1164 2479 dignitatem,
1191 2401 1263 2462 licet
1292 2401 1328 2462 de
1358 2403 1479 2466 eisdem
1529 2480 1532 2486 Ι

275 2509 480 2591 principibus,
508 2515 648 2592 tanquam
666 2509 702 2570 de
720 2506 857 2570 fidelibus
875 2505 1071 2575 Christianis,
1100 2506 1223 2570 firmiter
1240 2505 1478 2579 confideremus,

277 2617 356 2697 quod
373 2617 470 2678 nullus
488 2635 590 2678 eorum
608 2616 682 2677 adeo
701 2615 876 2694 dampnatus
903 2613 993 2676 alieni
1015 2614 1137 2676 honoris
1156 2615 1266 2676 ambitu
1283 2623 1478 2696 tangeretur,

276 2730 328 2786 aut
355 2722 494 2786 affectum
523 2743 608 2786 suum
638 2723 814 2804 cuiusquam
843 2721 931 2783 calidi
953 2731 1044 2802 super
1064 2721 1123 2783 boc
1146 2725 1334 2804 temptatoris
1362 2723 1478 2808 iniquis

276 2831 520 2912 suggestionibus
537 2831 714 2911 applicaret.
749 2827 823 2909 Quia
841 2849 912 2891 vcro
929 2828 977 2890 vix
993 2829 1127 2891 creditur
1150 2829 1229 2912 quod
1250 2811 1327 2900 beo,
1351 2833 1376 2892 si
1401 2853 1478 2896 vera

276 2946 360 3011 sunt,
389 2945 419 3001 te
435 2941 562 3002 vicinum
580 2939 673 3001 latere
691 2942 847 3019 poterant,
876 2955 933 3018 que
956 2937 1127 3017 accepimus
1145 2935 1176 3000 iu
1199 2939 1339 3008 remotis,
1367 2941 1476 3005 mirari

277 3049 372 3109 eciam
399 3068 458 3109 non
486 3046 667 3117 sulfioimus,
691 3045 771 3128 quod
794 3048 876 3106 tanta
899 3043 943 3104 rei
967 3043 1082 3105 novitas
1106 3045 1144 3106 ad
1166 3067 1221 3107 uos
1245 3065 1304 3109 non
1326 3048 1423 3130 prius,
1443 3055 1477 3110 te

275 3157 446 3223 referente,
474 3155 628 3236 pervenit,
657 3153 722 3215 siue
746 3171 805 3234 quo
827 3150 996 3213 huiusmodi
1018 3151 1168 3214 molimina
1192 3153 1301 3216 scimus
1325 3157 1475 3237 progredi

275 3283 334 3326 nou
350 3263 460 3324 valere.
495 3263 589 3344 Igitur
610 3280 664 3342 pro
688 3266 770 3322 certo
795 3262 954 3327 tenentes,
982 3259 1062 3341 quod
1083 3279 1139 3340 per
1161 3266 1191 3322 te
1215 3263 1336 3344 reprimi
1358 3265 1476 3344 poterit

274 3371 452 3441 efficaciter,
469 3370 496 3432 si
520 3369 591 3453 quid
613 3389 708 3450 super
731 3387 766 3430 eo
792 3367 958 3448 aliquorum
980 3368 1134 3430 temeritas
1158 3372 1347 3451 attemptavit
1367 3373 1415 3432 vel
1441 3374 1475 3437 iu

273 3487 361 3543 antea
378 3477 552 3559 temptabit,
580 3476 636 3539 tibi
658 3495 713 3556 per
736 3473 902 3555 apostolica
919 3474 1030 3554 scripta
1047 3475 1242 3548 mandantes,
1271 3483 1420 3558 quatenus
1439 3480 1472 3541 in

273 3587 499 3650 machinacioue
515 3585 685 3647 huiusmodi
703 3603 762 3645 non
779 3581 947 3644 inveniatur
963 3601 1030 3643 cum
1047 3583 1195 3665 aliquibus
1212 3605 1316 3647 manus
1333 3595 1396 3656 tua,
1414 3589 1473 3650 sed

273 3693 378 3776 pocius
414 3714 505 3776 super
532 3693 590 3754 hoc
616 3692 815 3775 quorumlibet
844 3688 950 3750 studiis
979 3693 1128 3770 perversis
1157 3692 1257 3754 taliter
1284 3695 1470 3766 adverseris,

364 3875 397 3943 a)
414 3875 466 3927 Vor
479 3890 565 3944 nuper
577 3873 618 3926 eiu
632 3873 827 3941 auspunctirtes
842 3873 915 3940 quod
930 3870 957 3924 V.

272 4052 330 4060 ——-

302 4167 324 4221 ¹)
344 4166 372 4207 Es
391 4163 421 4208 ist
437 4164 491 4208 sehr
509 4163 728 4216 beacbtcnswertlr‚
755 4163 807 4206 dass
832 4176 871 4212 es,
898 4163 940 4204 wic
959 4161 1051 4205 bieraus
1075 4163 1234 4218 herrorgeht,
1259 4163 1332 4206 sebon
1359 4177 1400 4206 nur
1420 4166 1474 4208 Zcit

337 4248 381 4289 der
398 4246 466 4289 Wabl
483 4246 612 4290 Wilbelm's
635 4258 679 4288 von
704 4245 801 4288 Hollaud
826 4243 916 4302 (¹247)
938 4243 1007 4286 eiuen
1031 4244 1149 4286 bestirmnt
1172 4244 1318 4300 begrenztan
1336 4245 1405 4288 lirois
1424 4256 1471 4288 rou

339 4330 437 4372 Fdrateu
454 4327 561 4385 gegeben
574 4328 730 4378 hebernum,
748 4327 823 4369 denen
837 4310 1024 4368 eussebliessliclr
1036 4327 1076 4368 das
1088 4326 1170 4376 Restat,
1186 4326 1231 4368 den
1245 4327 1377 4370 renunciata
1390 4329 1473 4387 Kirrig

345 4424 373 4453 ιιι
392 4411 491 4461 wiblen,
510 4409 614 4452 susiana.
635 4409 772 4465 t'ergteiclre
789 4407 819 4450 im
839 4406 974 4465 b'olgenden
993 4420 1030 4449 no.
1049 4407 1079 4451 46
1098 4408 1144 4450 und
1161 4408 1203 4452 sol.
1222 4408 1262 4460 65,
1281 4420 1321 4450 no.
1340 4409 1377 4452 10.
