3100 5116
1216 333 1288 406 :tul

79 513 205 596 gallina,
245 536 304 600 que
333 516 414 578 fovet
436 513 546 578 ellectu
569 513 704 597 piissimo
728 514 807 576 letus
831 532 913 583 suos,
939 512 1059 596 qnarrdo
1083 511 1207 575 incubat
1229 510 1294 574 ovis

91 624 169 696 suis,
187 625 215 687 si
232 623 295 687 alia
318 623 454 686 eiusdem
475 623 596 706 generis
620 622 731 706 gallina
754 623 796 684 illi
819 641 1024 706 compugnans
1047 639 1084 683 ac
1112 620 1218 684 eadem
1240 639 1296 682 ova

87 732 193 796 lovere
211 737 241 796 et
257 734 335 817 ipsis
352 733 497 796 incubare
520 733 658 796 certatim
681 730 849 802 contendit,
867 735 939 794 tunc
957 751 993 794 ex
1008 731 1104 794 mutili
1120 729 1296 800 certamine,

85 841 160 906 lieet
178 842 350 906 affectuoso
369 847 525 927 concepta,
543 843 598 906 sed
615 843 789 906 mutacione
806 842 925 904 insolita
943 843 1025 904 t'etus
1043 861 1103 905 non
1119 839 1298 922 producitur

86 953 183 1023 utilis,
203 959 251 1018 set
272 954 428 1028 deformis,
446 955 491 1018 vel
509 954 547 1018 ad
564 953 707 1018 nichilum
725 953 890 1034 redigetur.
920 951 965 1016 Ad
987 951 1075 1015 huius
1098 952 1192 1034 igitur
1207 954 1297 1013 natu-

86 1063 165 1126 ralis
193 1063 322 1126 actionis
346 1065 511 1147 exemplum
535 1062 682 1146 quomodo
707 1063 817 1144 poterit
841 1063 896 1126 sub
922 1062 977 1124 alis
1001 1061 1109 1123 vestris
1133 1059 1297 1123 animarum

89 1172 176 1236 fetus
196 1173 327 1236 salubris
352 1176 492 1244 existere,
517 1173 597 1238 side
620 1173 758 1236 manibus
782 1175 908 1238 rectoris
931 1173 1044 1256 proprii
1067 1191 1118 1235 eas
1143 1169 1297 1234 extrahitis

86 1302 125 1344 eo
144 1283 235 1345 modo
252 1285 284 1345 et
300 1285 404 1346 fovere
422 1281 614 1354 contenditis,
638 1301 712 1365 quas
729 1285 829 1346 rector
846 1281 975 1344 ecclesie
992 1283 1095 1344 fovere
1112 1279 1179 1362 plus
1196 1278 1297 1343 debito

88 1390 580 1474 deberetsecundumpatemevel
588 1370 853 1474 maternepietatis
866 1389 1026 1453 allectum?
1038 1391 1130 1453 Porro
1143 1388 1192 1452 ille
1201 1391 1298 1451 anime

86 1500 223 1584 propriis
242 1505 273 1563 et
288 1501 433 1562 maternis
450 1499 630 1571 visceribus,
649 1498 764 1583 pastori
788 1519 853 1570 suo,
882 1499 949 1582 plus
971 1498 1049 1562 iusto
1074 1497 1208 1562 debitum
1225 1497 1299 1562 sub-

91 1609 220 1672 trahunt
238 1609 412 1672 alimentum
432 1609 470 1696 1).
503 1609 542 1670 Et
559 1608 585 1670 si
601 1607 693 1680 forte,
719 1607 798 1692 quod
821 1627 923 1671 rarum
942 1611 988 1671 est
1010 1610 1041 1671 in
1062 1607 1114 1671 tali
1132 1608 1352 1677 contrarie-nu.
1365 1633 1414 1676 aaa.

87 1723 163 1789 tate,
182 1719 263 1780 fetus
276 1717 402 1800 prodeat
415 1715 563 1802 aliqualis,
581 1715 697 1780 errabit
711 1720 812 1780 tamen
828 1715 859 1778 in
876 1717 1038 1800 agnitione
1054 1718 1200 1801 parentis,
1218 1717 1299 1801 quod

87 1831 138 1892 est
172 1826 294 1890 devium
322 1827 417 1910 ipsius
447 1830 568 1898 nature,
600 1826 687 1890 cuius
716 1828 875 1908 corrupcio
906 1827 985 1890 sicut
1008 1833 1039 1890 et
1061 1827 1158 1890 anime
1188 1827 1299 1890 domini

89 1935 252 2001 Sabhaoth
281 1934 345 1998 dire
374 1935 499 2008 clamat,
528 1940 558 1998 et
586 1937 690 1998 tunica
712 1928 830 1998 Domini
854 1956 914 1999 non
938 1935 1020 2001 cadit
1042 1936 1073 1999 in
1096 1942 1222 2009 sortem,
1252 1941 1299 2000 set

89 2045 245 2109 scinditur
260 2045 331 2109 hinc
350 2050 380 2109 et
395 2045 515 2133 indeo).
553 2045 642 2108 Certe
661 2046 752 2108 nimia
770 2049 863 2108 estet
880 2065 970 2129 supra
998 2046 1118 2110 modum
1145 2046 1300 2110 habundat

91 2158 201 2218 vestra
218 2153 400 2238 prudencia,
426 2154 524 2238 quod
548 2155 585 2216 in
610 2155 692 2216 sola
716 2153 947 2217 Pataviensi
972 2154 1131 2238 dyocesi
1156 2155 1192 2217 in
1217 2175 1300 2238 sep-

87 2261 1301 2346 temlocisautpluribussubtantababendipenuriaresidet

89 2377 228 2438 vester
252 2374 361 2444 ordo,
388 2393 456 2436 cum
474 2378 584 2457 quanto
601 2373 743 2445 rariores,
761 2376 844 2436 tanto
862 2374 1005 2437 clariores
1022 2374 1203 2438 haberemus
1221 2373 1301 2456 apud

91 2503 209 2547 omnes.
230 2484 293 2547 Sed
310 2483 388 2546 forte
405 2480 478 2545 illud
494 2482 601 2566 prebet
618 2481 704 2546 vobis
722 2481 863 2546 auxilium
875 2483 906 2545 in
919 2482 978 2546 hac
992 2486 1088 2566 parte,
1108 2483 1189 2566 quod
1205 2485 1302 2547 nostri

93 2592 248 2662 defectus,
266 2612 341 2675 quos
357 2593 488 2674 patimur
503 2610 558 2674 per
573 2595 728 2674 raptores,
740 2591 893 2654 sanctitati
909 2595 1009 2655 vestre
1021 2593 1190 2676 profectum
1206 2611 1301 2673 gene-

92 2705 167 2763 rant
185 2704 216 2762 et
233 2701 313 2764 unde
330 2719 385 2762 nos
403 2701 624 2784 corrumpimur
639 2698 709 2762 inde
725 2699 813 2762 tobis
830 2700 966 2763 nascitur
980 2701 1209 2764 incrementum.
1233 2701 1301 2763 Non

97 2811 198 2874 eciam
227 2831 244 2872 a
271 2810 415 2873 memoria
443 2810 528 2874 vobis
559 2810 663 2882 cadat,
689 2808 769 2894 quod
793 2809 885 2872 nichil
903 2813 934 2872 in
957 2809 1080 2873 alterius
1101 2811 1300 2893 preiudicium

95 2920 190 2983 debet
207 2919 398 3001 adtemptari,
427 2922 458 2981 et
486 2919 566 3002 quod
594 2920 683 2982 sanius
714 2925 760 2982 est
792 2919 992 2991 commodum,
1016 2941 1084 2984 esse
1118 2939 1177 2982 non
1210 2920 1302 2985 debet
1399 2949 1401 2957 κ

93 3030 222 3092 alterius
255 3028 465 3092 detrimentum
473 3049 482 3100 ;
523 3029 670 3112 alioquin,
712 3031 790 3091 sicut
830 3028 903 3091 dicit
935 3048 1047 3100 canon,
1090 3048 1188 3102 omne,
1221 3030 1302 3113 quod

93 3139 145 3202 hic
164 3139 266 3220 agitur
280 3137 334 3201 tali
350 3136 449 3210 modo,
468 3135 588 3201 edificat
604 3139 642 3200 ad
664 3137 832 3201 iehennam.
867 3137 900 3202 Si
923 3156 976 3200 vos
1001 3137 1093 3220 igitur
1111 3143 1215 3202 contra
1232 3160 1303 3222 pre-

93 3250 191 3313 missa
216 3249 325 3321 omnia,
351 3269 408 3332 que
432 3247 516 3311 brevi
539 3248 666 3311 articulo
690 3252 760 3312 sunt
783 3249 935 3319 conclusa,
953 3248 1157 3312 intencionem
1172 3255 1302 3314 vestram

95 3360 176 3423 iusta
190 3357 230 3442 a)
248 3357 387 3442 poteritis
407 3358 564 3421 defensare
582 3357 748 3421 seeundum
765 3376 895 3422 canones
913 3362 944 3422 et
959 3358 1134 3441 theoloycas
1151 3359 1302 3433 raciones,

98 3467 302 3532 libentissime
324 3467 522 3530 adtondemus
547 3468 612 3530 sine
640 3466 764 3531 brachio
795 3467 934 3532 seculari.
972 3467 1035 3532 Sed
1062 3488 1121 3530 non
1151 3468 1301 3533 credimus

93 3577 162 3642 fieri
185 3575 239 3641 tali
268 3576 374 3647 modo,
408 3577 478 3660 quia
501 3575 654 3642 iniusticia
676 3581 707 3640 et
728 3577 838 3642 iniuria
861 3584 891 3641 et
913 3578 988 3641 tales
1010 3582 1109 3640 motus
1127 3577 1226 3641 locum
1243 3599 1302 3643 non

94 3686 211 3750 babent
245 3685 276 3747 in
311 3685 453 3749 cordibus
476 3687 688 3769 perlectorum.
722 3687 756 3750 Si
780 3687 858 3750 enim
881 3707 976 3772 usque
1004 3685 1043 3749 ad
1067 3685 1148 3750 celos
1173 3687 1301 3751 ambicio

93 3795 217 3860 tolleret
234 3813 334 3858 ramos
359 3814 441 3865 suos,
467 3795 567 3857 divina
589 3795 784 3878 providencia
808 3796 905 3860 donec
929 3798 968 3861 ad
993 3803 1105 3861 terram
1129 3798 1303 3863 detraheret

96 3906 245 3969 elevatos.

192 4031 227 4101 a)
243 4047 274 4084 so
288 4029 330 4082 fiir
341 4031 416 4100 juxta
431 4029 459 4083 V.

104 4191 118 4197 -
123 4190 187 4196 -ο
193 4187 429 4196 ...ὴ-,ῤ-

125 4307 148 4368 ¹)
163 4315 195 4358 So
215 4313 299 4372 klagte
318 4313 377 4357 auch
391 4310 501 4358 Wilhelm
524 4323 571 4357 von
590 4311 625 4356 st.
638 4311 738 4357 hmour:
759 4313 891 4360 Cariuslibet
903 4315 1064 4373 proprietates
1078 4330 1123 4374 per
1136 4319 1303 4366 confossiones

169 4404 278 4450 rimando
302 4409 327 4448 et
348 4404 383 4448 sie
405 4404 514 4462 populum
534 4402 699 4460 multipliciter
719 4404 765 4450 sibi
783 4405 903 4450 eliciendo
923 4408 947 4450 et
966 4420 978 4451 a
995 4420 1092 4452 suorum
1114 4410 1258 4465 prelatorum
1279 4412 1304 4456 et

171 4499 298 4552 doctorum
312 4498 430 4545 veracium
443 4497 553 4544 doctrina
566 4497 591 4542 et
604 4497 713 4543 consiliis
727 4499 865 4545 evertendo.
880 4499 990 4544 Neander
1002 4500 1019 4544 l.
1034 4515 1054 4546 c.
1070 4515 1093 4558 p.
1107 4501 1165 4547 otu.

127 4585 153 4646 2)
167 4588 346 4649 Anspieluugen
360 4589 401 4634 auf
411 4589 452 4635 Es.
466 4601 515 4634 sec.
528 4588 670 4635 hetthaeum
685 4601 736 4646 cap.
752 4589 780 4634 13
794 4589 841 4634 und
854 4590 929 4645 Epist.
944 4592 1030 4636 cathol.
1044 4592 1127 4637 iacobi
1136 4579 1190 4651 cap.
1204 4593 1227 4639 5.
