3100 5116
651 553 716 623 or.
751 535 753 539 ’

322 729 490 814 lnpcrator
506 729 604 793 uobtll
621 730 769 793 hortando
786 747 850 793 cum
868 729 905 791 ad
920 746 1033 811 pacem.

75 890 166 961 Konip
180 888 286 961 Rudolf
295 888 412 944 schreibt
424 893 484 944 dem
501 888 606 960 Grofeo
618 907 667 945 coo
680 886 782 962 66666,
802 891 868 943 does
881 907 911 942 er
923 887 966 942 ein
977 875 1055 959 polee
1067 883 1275 940 Einoernebmeo

72 979 210 1036 zwisalten
227 979 281 1036 tom
294 981 351 1034 uod
362 981 414 1035 deo
427 984 551 1053 Bdrpern
569 999 619 1036 oon
632 979 740 1035 Aeeten
753 979 877 1035 6666666
893 979 951 1034 ond
967 977 1071 1032 ecbiclrt
1087 975 1210 1032 deocbolb
1224 976 1275 1030 den

395 1071 524 1143 Magister
536 1072 661 1126 Andreas
674 1072 709 1125 de
721 1072 796 1125 Rode
809 1087 843 1124 oo
855 1067 902 1125 ibn
915 1069 955 1122 ab.

164 1197 293 1261 Gorbert,
307 1197 333 1263 3,
346 1198 390 1252 26.
410 1199 510 1253 Stobbe
524 1217 566 1254 no.
582 1197 637 1252 266
651 1215 677 1252 6.
688 1196 779 1252 Bodm.
792 1195 844 1250 142
859 1197 948 1252 comiti
961 1195 1117 1252 Juliacensi.

162 1329 211 1391 De
222 1331 273 1390 tua
287 1327 387 1412 quiete
401 1331 540 1411 statuque
554 1325 680 1409 pacifico
692 1325 800 1389 crebra
812 1325 1011 1390 meditacione
1025 1344 1131 1389 revera
1142 1323 1273 1394 solliciti,

69 1441 153 1500 tanto
185 1437 314 1519 amplius
343 1438 425 1500 circa
458 1436 566 1500 stabile
594 1436 704 1499 bonum
733 1436 896 1499 concordie
925 1435 1004 1499 inter
1031 1440 1061 1499 te
1091 1440 1122 1498 et
1149 1439 1268 1498 nostros

71 1546 155 1611 circs
186 1547 221 1609 in
246 1547 441 1611 interioribus
476 1545 588 1609 nostris
617 1545 785 1627 precordiis
815 1537 968 1609 anxiamur
995 1545 1127 1618 assidue,
1160 1549 1272 1627 quanto

71 1655 169 1719 maior
206 1656 393 1738 promittitur
427 1677 462 1718 cx
495 1655 590 1737 ipsius
626 1655 726 1718 votiva
761 1654 1005 1718 consolidacioue
1037 1654 1084 1742 o)
1113 1654 1272 1725 securitas,
1283 1666 1327 1705 1²0¹·
1337 1667 1391 1705 ⁵⁷d·

69 1770 250 1850 quantoque
266 1765 415 1848 grauioris
431 1766 546 1828 iactura
564 1763 736 1827 discrimina
753 1784 789 1825 ex
806 1764 957 1827 discordie
972 1764 1129 1849 preparari
1147 1762 1273 1827 discidio

72 1876 280 1959 providemus.
316 1877 396 1940 Sane
412 1874 566 1959 ¹quoniam
593 1875 672 1937 inter
694 1875 754 1937 alia
776 1874 855 1937 votis
876 1875 988 1937 nostris
1012 1874 1176 1938 accomoda
1193 1874 1275 1936 salu-

70 1991 168 2048 tarem
187 1985 351 2049 concordie
368 1984 509 2048 unionem
527 1982 757 2047 desiderabilius
775 1983 967 2046 affectamus:
993 2003 1066 2046 ecce
1083 1983 1163 2066 quod
1179 1983 1215 2047 N.
1234 1981 1275 2066 b)

71 2095 222 2159 dilectum
239 2099 396 2166 nostrum,
422 2093 528 2176 tuique
551 2091 673 2156 honoris
691 2090 834 2175 cupidum
851 2093 1028 2164 zelatorem,
1053 2092 1091 2154 ad
1107 2097 1188 2154 tuam
1205 2111 1276 2173 pre·

71 2205 211 2268 sanciam
226 2208 352 2289 propter
367 2203 436 2274 boc,
460 2202 550 2266 uelud
566 2201 774 2283 imaginarium
792 2206 894 2264 nostre
910 2201 1080 2283 presencie,
1097 2199 1277 2264 fiducialiter

71 2315 282 2384 destinamus,
311 2312 478 2375 affectuose
494 2316 524 2373 te
547 2316 708 2392 rogantes,
738 2314 886 2394 quatenus
910 2310 991 2381 suis,
1015 2331 1073 2394 que
1094 2310 1150 2373 tibi
1172 2315 1276 2375 nostro

72 2424 195 2488 nomine
212 2424 372 2504 proponet,
389 2419 652 2512 exhortacionibus
670 2422 880 2503 acquiescens,
903 2441 958 2505 pro
985 2427 1089 2484 nostra
1105 2425 1135 2483 et
1159 2420 1276 2502 imperii

70 2531 270 2604 reverencia,
298 2531 386 2592 immo
415 2529 511 2592 eciam
537 2529 659 2612 proprio
687 2529 907 2593 commoditatis
931 2529 1075 2593 instinctu
1103 2531 1141 2593 ad
1169 2550 1276 2612 pacem

72 2640 280 2707 omnimodam
307 2643 392 2702 tuum
420 2639 550 2701 animum
579 2639 703 2702 studeas
728 2637 895 2702 efficaciter
917 2642 947 2700 et
969 2623 1099 2703 finaliter
1119 2640 1276 2710 inclinare,

71 2753 208 2816 sciturus
225 2747 309 2832 quod
326 2747 357 2811 in
373 2748 454 2811 nullo
472 2766 557 2821 casu,
575 2749 605 2811 in
622 2750 701 2812 nullo
719 2770 844 2833 prorsus
862 2752 971 2812 euentu
988 2752 1049 2811 tam
1066 2755 1184 2831 gratum
1199 2754 1277 2811 tam-

70 2883 129 2948 que
146 2858 301 2949 placidum
318 2859 432 2942 poteris
449 2859 535 2923 uobis
553 2858 731 2943 obsequium
745 2858 885 2922 exhibere
898 2859 947 2943 6).

652 3068 714 3137 42.
773 3118 782 3136 .

368 3247 430 3309 Rex
446 3245 643 3308 bononorum
660 3244 802 3327 episeopo
818 3241 981 3308 beodlcusl.

77 3407 169 3480 Konip
192 3403 300 3475 uomtf
317 3405 389 3460 otoo
409 3404 454 3460 otio
480 3402 643 3459 Geiotlo'cbeo
664 3403 714 3457 der
737 3401 837 3457 Kircbe
858 3421 907 3458 oon
930 3403 1048 3472 boetico,
1073 3405 1125 3458 deo
1146 3403 1276 3477 Magister

77 3500 207 3554 Andreas
220 3498 254 3551 do
266 3497 351 3564 Rode,
371 3497 420 3550 der
429 3496 498 3566 jetzt
514 3515 547 3550 aa
565 3492 645 3549 iboeo
663 3495 775 3561 lemme,
793 3495 1277 3568 6666666666666616666666616666

76 3608 109 3644 zu
125 3595 266 3662 9666966,
287 3586 351 3641 bold
370 3604 404 3640 on
422 3587 514 3642 acinon
532 3585 589 3656 Hof
605 3583 806 3640 zordoblcebren
822 3605 856 3639 ou
873 3587 974 3654 loeson,
993 3587 1030 3641 do
1042 3605 1073 3642 er
1084 3585 1144 3642 bier
1155 3586 1209 3643 tom
1221 3589 1278 3643 und

237 3680 286 3733 der
299 3677 399 3733 Kircbe
411 3679 516 3733 tessere
529 3677 640 3733 Dieoote
652 3694 684 3730 zu
699 3675 793 3731 6666666
806 3685 928 3749 oermdpe
941 3679 984 3731 ola
996 3677 1032 3732 a'm
1048 3677 1125 3732 otor,

166 3805 278 3868 Stobbe,
295 3823 338 3858 no.
353 3803 416 3860 266.
430 3805 554 3869 Gerbart,
569 3803 594 3868 1,
607 3801 651 3858 l'l.

166 3931 291 4014 Insigne
307 3933 465 4017 speculum
480 3931 567 4014 regni
581 3930 743 3996 Germanic
756 3930 866 3995 nobilis
879 3931 931 3995 illa
942 3932 1121 3997 Leodiensis
1136 3935 1276 4005 ecclesia,

72 4063 134 4128 que
151 4043 186 4106 in
203 4042 301 4106 oculis
317 4043 428 4106 nostris
444 4041 584 4106 beniuole
601 4041 704 4123 gracie
718 4046 748 4104 et
759 4040 969 4106 benivolencia
982 4045 1120 4126 graciose
1134 4047 1277 4109 continue

72 4153 257 4223 collocatur,
280 4151 325 4214 sic
342 4151 473 4219 animum
498 4154 632 4214 nostrum
655 4169 710 4213 suo
734 4150 873 4233 preclaro
896 4150 1028 4214 candore
1044 4152 1207 4244 gratificat,
1232 4154 1276 4216 sic

73 4260 249 4346 splendoris
267 4259 313 4324 sui
328 4259 440 4337 lumine
456 4259 560 4322 intima
577 4263 680 4322 nostre
696 4258 806 4322 mentis
822 4259 963 4331 illustrat,
980 4260 1062 4344 quod
1085 4261 1223 4326 nimirum
1247 4261 1277 4324 in

167 4409 201 4474 o)
219 4404 350 4462 consolid.
365 4405 492 4474 cortigirt
511 4405 555 4459 tur
567 4404 788 4460 consideracione
801 4406 829 4458 Z.
843 4435 879 4444 -
892 4406 924 4474 b)
939 4407 969 4460 Α.
984 4407 1018 4460 de
1032 4407 1105 4460 Rode
1119 4408 1226 4463 Stobbe.
1243 4439 1276 4446 -

79 4500 112 4570 6)
128 4500 210 4555 Gorb.
230 4499 278 4553 hat
295 4497 365 4552 noch
385 4496 529 4565 folgenden
548 4495 674 4552 Schluss:
697 4496 799 4550 idcirco
813 4496 899 4550 verbis
920 4495 1036 4550 eiusdem
1057 4515 1140 4568 super
1157 4501 1276 4553 omnibus

81 4590 160 4646 fidem
176 4588 356 4662 plenissimam
373 4587 499 4642 adhibere
512 4593 538 4642 tc
552 4588 677 4658 petimus,
691 4587 759 4640 sicut
772 4585 877 4640 nostris.
