3100 5116
273 347 350 420 396

266 542 335 587 cum
352 519 489 586 omnibus
505 520 761 605 possessionibus,
777 520 865 585 bonis
887 527 918 585 et
937 522 1163 605 pertinentibus
1186 526 1259 593 suis,
1284 539 1469 606 quocunque

271 632 390 696 nomine
413 637 611 705 censeantur,
640 631 766 695 contulit
786 631 875 713 pleno
896 632 978 704 iure,
1006 632 1065 696 hoc
1081 638 1183 696 tamen
1200 632 1321 696 omnino
1339 635 1473 702 serrato,

271 742 351 824 quod
378 742 563 826 pauperibus
598 746 628 805 et
661 740 786 804 infirmis
815 742 1050 806 sustentacionis
1079 740 1216 806 subsidia
1243 746 1275 806 et
1301 738 1471 805 viatoribus

269 851 382 915 ibidem
398 851 576 916 reiectionis
592 851 707 914 solacia
722 851 804 914 iuxta
819 851 994 915 facultatem
1011 852 1129 922 domus,
1147 855 1177 914 et
1194 848 1309 914 ordinis
1327 850 1376 914 sui
1393 868 1469 912 con-

271 960 459 1024 suetudinem
476 961 691 1024 ministrentur.
715 959 853 1044 Dumque
871 959 1029 1024 collacioni
1046 960 1216 1024 huiusmodi
1232 957 1313 1021 idem
1332 958 1473 1021 dominus

271 1088 351 1132 nunc
368 1073 486 1150 peteret
500 1073 636 1131 nostrum
653 1068 797 1132 adhibere
814 1089 1007 1142 consensum,
1029 1069 1170 1151 puritatis
1187 1089 1240 1132 sue
1257 1066 1473 1130 rectitudinem

270 1178 439 1250 intuentes,
468 1182 499 1240 et
526 1176 774 1250 considerantes,
803 1177 884 1263 quod
907 1183 1014 1243 eontra
1036 1177 1239 1242 institucionis
1267 1174 1474 1258 primordialis

272 1286 457 1350 sanctionem
481 1286 573 1349 nichil
593 1307 649 1369 per
671 1287 867 1350 collacionem
888 1288 986 1371 ipsam
1008 1287 1176 1359 innovavit,
1205 1285 1259 1348 sed
1286 1284 1419 1369 quedam
1444 1284 1474 1346 in

270 1399 377 1462 melius
407 1397 616 1470 commutauit,
646 1405 677 1463 et
704 1399 872 1463 reservavit
898 1399 1083 1483 pauperibus
1112 1403 1143 1461 et
1169 1395 1294 1460 infirmis
1325 1416 1384 1459 nec
1413 1416 1474 1458 uon

271 1509 436 1572 viatoribus
454 1508 566 1572 solacia
585 1513 615 1571 ct
632 1506 778 1580 subsidia,
797 1528 855 1591 que
874 1508 952 1591 apud
975 1507 1143 1590 predictum
1166 1505 1316 1589 hospitale
1333 1505 1474 1587 recipere

171 1613 173 1618 ’
272 1622 509 1681 consueverant:
528 1617 722 1681 collacionem
739 1617 847 1701 ipsam,
864 1617 943 1681 sieut
958 1617 1085 1699 provide
1101 1617 1212 1680 factum
1230 1619 1288 1687 est,
1307 1620 1429 1697 gratam
1446 1620 1476 1677 et

273 1733 368 1792 ratam
391 1726 556 1798 habentes,
585 1746 650 1790 eam
674 1728 855 1791 auctoritate
879 1727 1099 1812 metropolitica
1121 1719 1333 1790 confirmamus
1357 1731 1388 1786 et
1403 1744 1475 1807 pre-

271 1836 365 1900 sentis
383 1837 487 1918 scripti
503 1837 672 1922 patrocinio
689 1836 818 1900 fideliter
833 1857 888 1919 per
904 1835 1002 1901 omnia
1021 1836 1248 1901 communimus.

845 2063 907 2134 49.

605 2241 768 2323 imperator
783 2241 977 2305 comminatur
993 2237 1142 2305 hereticis.

273 2399 360 2470 Konip
373 2399 478 2471 liudolf
491 2399 608 2455 eebree'dt
624 2400 676 2454 den
692 2419 724 2455 aa
736 2400 917 2471 Inquisitorem
932 2418 1016 2473 pepen
1029 2402 1124 2456 Keteer
1135 2399 1312 2470 eiopeeetzten
1326 2397 1476 2468 Prede‘yer·

272 2489 414 2551 mdncbeo,
440 2492 506 2546 daeo
530 2506 561 2545 er
585 2489 764 2546 enteebloeeen
788 2490 840 2557 eei,
864 2509 949 2563 peperi
970 2492 1036 2563 jede
1051 2488 1147 2552 ¹durch
1169 2486 1293 2545 Bewet'ee
1316 2486 1476 2543 eonetatc’rte

617 2583 741 2637 Ketaerei
751 2591 915 2654 eucopoteron
927 2601 958 2638 aa
972 2579 1125 2655 cerfodreo.

369 2726 472 2781 Stobhe
487 2740 529 2781 66.
542 2725 586 2781 66.

362 2872 543 2937 Pestilentes
565 2871 592 2959 ¹)
616 2872 750 2936 heretice
772 2871 935 2936 caliditatis
957 2873 1087 2956 argutio,
1108 2873 1173 2936 Deo
1196 2871 1418 2937 abominabiles
1445 2879 1476 2937 et

271 2981 443 3045 hominibus
467 2981 582 3055 odiose,
604 3001 663 3066 que
686 3003 740 3046 sua
764 2982 1023 3046 contaminaeione
1046 2982 1251 3047 contaminant
1274 3002 1348 3046 oves
1369 2983 1475 3066 gregis

276 3091 420 3154 dominici
436 3097 467 3155 et
483 3092 600 3157 vineam
615 3091 736 3156 Domini
758 3091 921 3155 moliuntur
943 3090 981 3154 ad
1003 3091 1124 3156 modum
1145 3090 1304 3175 vulpecula
1322 3091 1474 3165 demoliri,
1547 3157 1548 3164 χ

278 3199 323 3262 sic
340 3200 452 3264 nostris
475 3221 511 3264 ex
526 3201 592 3282 ipso
608 3220 713 3265 revera
736 3205 858 3265 narratu
880 3201 991 3266 infeste
1013 3207 1083 3266 sunt
1105 3201 1245 3275 auribus,
1273 3202 1382 3286 sicque
1407 3209 1477 3264 sunt

271 3307 479 3372 amaritudinis
495 3309 565 3374 felle
581 3308 671 3373 belue
688 3309 729 3399 a)
746 3309 935 3382 detestande,
953 3309 1034 3396 quod
1056 3311 1107 3396 qui
1129 3331 1184 3394 pro
1206 3310 1342 3376 tuicione
1364 3311 1476 3375 catho-
1547 3383 1548 3400 ἦ

272 3417 332 3482 liee
348 3415 418 3481 iidei
433 3417 651 3503 principaliter,
664 3421 742 3482 teste
755 3419 918 3493 rlltissimo,
935 3421 1020 3503 regie
1038 3421 1193 3504 dignitatis
1210 3440 1285 3484 onus
1302 3421 1473 3507 assumpsi·
1546 3409 1548 3476 ζ

272 3547 339 3592 mus
355 3532 386 3591 et
401 3528 564 3600 honorem,
592 3529 672 3593 iuxta
687 3532 874 3602 uestrarum,
902 3549 977 3613 quas
993 3528 1126 3612 benigne
1142 3529 1353 3622 suscepimus,
1375 3530 1476 3595 conti-

273 3637 411 3702 nenciam
432 3637 606 3712 literarum,
630 3638 668 3703 ad
686 3637 907 3721 exstirpandam
924 3639 1093 3702 omnimode
1109 3640 1198 3704 huius
1220 3645 1306 3704 secte
1328 3641 1475 3724 nephar-ie

271 3747 503 3831 turpitudinem,
537 3745 709 3831 ubieunque
742 3745 798 3810 suh
827 3752 931 3811 nostre
963 3748 1104 3830 potencie
1136 3747 1325 3813 districtibus
1366 3749 1475 3832 poterit

272 3855 469 3939 deprehendi,
485 3855 615 3920 finaliter
631 3874 773 3919 exercere
790 3855 976 3938 disponimus
994 3855 1103 3920 crediti
1119 3854 1206 3920 nobis
1219 3856 1366 3922 diuinitus
1383 3857 1474 3941 gladii

270 3970 451 4050 potestatem
467 3966 499 4030 in
514 3965 678 4030 eorundem
701 3986 760 4043 non
782 3966 968 4031 solummodo
992 3967 1210 4039 exterminium,
1228 3966 1284 4030 sed
1300 3987 1359 4050 per·
1375 3968 1472 4032 omnia
1545 4051 1546 4054 Ἴ

271 4077 302 4139 in
319 4077 452 4160 ipsorum
474 4075 672 4162 propaginem
693 4075 836 4139 infective
853 4076 969 4140 malicie
987 4075 1190 4146 sectatricem,
1212 4075 1343 4156 velutin
1361 4078 1470 4140 maies-

363 4209 398 4272 ιι)
413 4201 512 4259 lelleae
524 4203 611 4259 baiule
625 4204 768 4260 Bodmann.

302 4497 325 4558 ¹)
345 4502 430 4548 bieeer
447 4502 495 4548 666
514 4502 552 4547 die
565 4485 695 4574 loigenden
709 4499 764 4544 idai
774 4498 862 4551 Brieie,
875 4498 912 4544 bie
925 4511 964 4543 no.
979 4498 1010 4543 66
1023 4498 1146 4554 inclusive,
1159 4498 1212 4543 sind
1223 4498 1247 4544 in
1257 4501 1284 4546 V.
1294 4513 1341 4546 ren
1356 4499 1460 4545 anderen

350 4593 415 4639 lland
428 4592 596 4653 petehrieben.
