<?xml version="1.0" encoding="UTF-8"?>
<!DOCTYPE html PUBLIC "-//W3C//DTD XHTML 1.0 Transitional//EN"
    "http://www.w3.org/TR/xhtml1/DTD/xhtml1-transitional.dtd">
<html xmlns="http://www.w3.org/1999/xhtml" xml:lang="en" lang="en">
 <head>
  <title>
</title>
<meta http-equiv="Content-Type" content="text/html;charset=utf-8" />
  <meta name='ocr-system' content='tesseract 3.04.00' />
  <meta name='ocr-capabilities' content='ocr_page ocr_carea ocr_par ocr_line ocrx_word'/>
</head>
<body>
  <div class='ocr_page' id='page_1' title='image "./fontesrerumaust01kommgoog_0289.png"; bbox 0 0 3108 5118; ppageno 0'>
   <div class='ocr_carea' id='block_1_1' title="bbox 838 655 900 725">
    <p class='ocr_par' dir='ltr' id='par_1_1' title="bbox 838 655 900 725">
     <span class='ocr_line' id='line_1_1' title="bbox 838 655 900 725; baseline 0 -1"><span class='ocrx_word' id='word_1_1' title='bbox 838 655 900 725; x_wconf 71' lang='lat'><strong>47.</strong></span> 
     </span>
    </p>
   </div>
   <div class='ocr_carea' id='block_1_2' title="bbox 699 828 1050 1039">
    <p class='ocr_par' dir='ltr' id='par_1_2' title="bbox 699 828 1050 1039">
     <span class='ocr_line' id='line_1_2' title="bbox 699 828 1050 910; baseline 0.003 -20"><span class='ocrx_word' id='word_1_2' title='bbox 699 830 862 910; x_wconf 73' lang='lat' dir='ltr'><strong>inperator</strong></span> <span class='ocrx_word' id='word_1_3' title='bbox 878 828 908 890; x_wconf 85' lang='lat' dir='ltr'><strong>d.</strong></span> <span class='ocrx_word' id='word_1_4' title='bbox 927 831 1050 894; x_wconf 81' lang='lat' dir='ltr'><strong>elrlbus.</strong></span> 
     </span>
     <span class='ocr_line' id='line_1_3' title="bbox 831 984 911 1039; baseline 0 0"><span class='ocrx_word' id='word_1_5' title='bbox 831 984 911 1039; x_wconf 75' lang='grc'><strong>1274.</strong></span> 
     </span>
    </p>
   </div>
   <div class='ocr_carea' id='block_1_3' title="bbox 276 1128 1463 1379">
    <p class='ocr_par' dir='ltr' id='par_1_3' title="bbox 276 1128 1463 1379">
     <span class='ocr_line' id='line_1_4' title="bbox 278 1128 1460 1203; baseline -0.002 -17"><span class='ocrx_word' id='word_1_6' title='bbox 278 1132 365 1203; x_wconf 69' lang='lat' dir='ltr'><strong>Koaip</strong></span> <span class='ocrx_word' id='word_1_7' title='bbox 374 1130 479 1201; x_wconf 77' lang='lat' dir='ltr'><strong>liudolf</strong></span> <span class='ocrx_word' id='word_1_8' title='bbox 484 1131 589 1201; x_wconf 71' lang='lat' dir='ltr'><strong>sordeat</strong></span> <span class='ocrx_word' id='word_1_9' title='bbox 599 1128 658 1182; x_wconf 78' lang='lat' dir='ltr'><strong>eine</strong></span> <span class='ocrx_word' id='word_1_10' title='bbox 668 1128 746 1181; x_wconf 77' lang='lat' dir='ltr'><strong>stom</strong></span> <span class='ocrx_word' id='word_1_11' title='bbox 755 1128 814 1198; x_wconf 75' lang='lat' dir='ltr'><strong>cof,</strong></span> <span class='ocrx_word' id='word_1_12' title='bbox 825 1147 872 1181; x_wconf 76' lang='lat' dir='ltr'><strong>aar</strong></span> <span class='ocrx_word' id='word_1_13' title='bbox 883 1129 1051 1199; x_wconf 76' lang='lat' dir='ltr'><strong>Beatreitunp</strong></span> <span class='ocrx_word' id='word_1_14' title='bbox 1063 1129 1112 1182; x_wconf 85' lang='lat' dir='ltr'><strong>der</strong></span> <span class='ocrx_word' id='word_1_15' title='bbox 1118 1130 1215 1183; x_wconf 75' lang='lat' dir='ltr'><strong>Korion</strong></span> <span class='ocrx_word' id='word_1_16' title='bbox 1227 1131 1277 1183; x_wconf 83' lang='lat' dir='ltr'><strong>dea</strong></span> <span class='ocrx_word' id='word_1_17' title='bbox 1290 1148 1338 1183; x_wconf 77' lang='lat' dir='ltr'><strong>eur</strong></span> <span class='ocrx_word' id='word_1_18' title='bbox 1352 1130 1460 1184; x_wconf 69' lang='lat' dir='ltr'><strong>tuem·</strong></span> 
     </span>
     <span class='ocr_line' id='line_1_5' title="bbox 276 1214 1463 1291; baseline -0.004 -14"><span class='ocrx_word' id='word_1_19' title='bbox 276 1221 440 1291; x_wconf 57' lang='lat' dir='ltr'><strong>dautem</strong></span> <span class='ocrx_word' id='word_1_20' title='bbox 460 1221 512 1274; x_wconf 73' lang='lat' dir='ltr'><strong>der</strong></span> <span class='ocrx_word' id='word_1_21' title='bbox 523 1214 661 1288; x_wconf 64' lang='lat' dir='ltr'><strong>&#39;Mam</strong></span> <span class='ocrx_word' id='word_1_22' title='bbox 681 1217 825 1288; x_wconf 67' lang='lat' dir='ltr'><strong>derasam</strong></span> <span class='ocrx_word' id='word_1_23' title='bbox 843 1217 1016 1289; x_wconf 67' lang='lat' dir='ltr'><strong>ueomeper</strong></span> <span class='ocrx_word' id='word_1_24' title='bbox 1037 1219 1095 1272; x_wconf 63' lang='lat' dir='ltr'><strong>aee</strong></span> <span class='ocrx_word' id='word_1_25' title='bbox 1112 1219 1255 1272; x_wconf 71' lang='lat' dir='ltr'><strong>Ba&#39;stcrrer</strong></span> <span class='ocrx_word' id='word_1_26' title='bbox 1272 1238 1305 1273; x_wconf 68' lang='lat' dir='ltr'><strong>aar</strong></span> <span class='ocrx_word' id='word_1_27' title='bbox 1324 1219 1420 1291; x_wconf 60' lang='lat' dir='ltr'><strong>paim</strong></span> <span class='ocrx_word' id='word_1_28' title='bbox 1437 1238 1463 1272; x_wconf 83' lang='lat' dir='ltr'><strong>rr</strong></span> 
     </span>
     <span class='ocr_line' id='line_1_6' title="bbox 375 1305 1378 1379; baseline -0.004 -15"><span class='ocrx_word' id='word_1_29' title='bbox 375 1308 469 1365; x_wconf 72' lang='lat' dir='ltr'><strong>eorde</strong></span> <span class='ocrx_word' id='word_1_30' title='bbox 479 1307 516 1362; x_wconf 73' lang='lat' dir='ltr'><strong>iar</strong></span> <span class='ocrx_word' id='word_1_31' title='bbox 535 1306 775 1379; x_wconf 72' lang='lat' dir='ltr'><strong>Weiperasopofolle</strong></span> <span class='ocrx_word' id='word_1_32' title='bbox 787 1306 816 1360; x_wconf 75' lang='lat' dir='ltr'><strong>is</strong></span> <span class='ocrx_word' id='word_1_33' title='bbox 828 1305 875 1362; x_wconf 75' lang='lat' dir='ltr'><strong>die</strong></span> <span class='ocrx_word' id='word_1_34' title='bbox 885 1307 960 1377; x_wconf 67' lang='lat' dir='ltr'><strong>Lapa</strong></span> <span class='ocrx_word' id='word_1_35' title='bbox 971 1307 1092 1362; x_wconf 69' lang='lat' dir='ltr'><strong>tamea</strong></span> <span class='ocrx_word' id='word_1_36' title='bbox 1103 1306 1147 1361; x_wconf 78' lang='lat' dir='ltr'><strong>sie</strong></span> <span class='ocrx_word' id='word_1_37' title='bbox 1155 1325 1189 1360; x_wconf 73' lang='lat' dir='ltr'><strong>cc</strong></span> <span class='ocrx_word' id='word_1_38' title='bbox 1201 1307 1378 1379; x_wconf 68' lang='lat' dir='ltr'><strong>oerpfiindes.</strong></span> 
     </span>
    </p>
   </div>
   <div class='ocr_carea' id='block_1_4' title="bbox 371 1449 586 1511">
    <p class='ocr_par' dir='ltr' id='par_1_4' title="bbox 371 1449 586 1511">
     <span class='ocr_line' id='line_1_7' title="bbox 371 1449 586 1511; baseline -0.009 -6"><span class='ocrx_word' id='word_1_39' title='bbox 371 1451 490 1505; x_wconf 84' lang='lat' dir='ltr'><strong>Gerbort</strong></span> <span class='ocrx_word' id='word_1_40' title='bbox 504 1451 529 1511; x_wconf 84' lang='lat'><strong>1,</strong></span> <span class='ocrx_word' id='word_1_41' title='bbox 545 1449 586 1503; x_wconf 77' lang='lat' dir='ltr'><strong>ta.</strong></span> 
     </span>
    </p>
   </div>
   <div class='ocr_carea' id='block_1_5' title="bbox 275 1593 1486 4467">
    <p class='ocr_par' dir='ltr' id='par_1_5' title="bbox 275 1593 1481 2758">
     <span class='ocr_line' id='line_1_8' title="bbox 369 1593 1467 1677; baseline -0.002 -20"><span class='ocrx_word' id='word_1_42' title='bbox 369 1595 536 1675; x_wconf 70' lang='lat' dir='ltr'><strong>Fluctivagi</strong></span> <span class='ocrx_word' id='word_1_43' title='bbox 549 1593 608 1656; x_wconf 88' lang='lat' dir='ltr'><strong>iam</strong></span> <span class='ocrx_word' id='word_1_44' title='bbox 622 1593 732 1656; x_wconf 91' lang='lat' dir='ltr'><strong>dudum</strong></span> <span class='ocrx_word' id='word_1_45' title='bbox 745 1597 840 1655; x_wconf 85' lang='lat' dir='ltr'><strong>status</strong></span> <span class='ocrx_word' id='word_1_46' title='bbox 848 1593 964 1673; x_wconf 88' lang='lat' dir='ltr'><strong>imperii</strong></span> <span class='ocrx_word' id='word_1_47' title='bbox 973 1612 1095 1673; x_wconf 86' lang='lat' dir='ltr'><strong>gravem</strong></span> <span class='ocrx_word' id='word_1_48' title='bbox 1101 1594 1230 1677; x_wconf 90' lang='lat' dir='ltr'><strong>lapsum,</strong></span> <span class='ocrx_word' id='word_1_49' title='bbox 1243 1603 1274 1660; x_wconf 86' lang='lat' dir='ltr'><strong>et</strong></span> <span class='ocrx_word' id='word_1_50' title='bbox 1287 1595 1467 1659; x_wconf 80' lang='lat' dir='ltr'>miserabiles</span> 
     </span>
     <span class='ocr_line' id='line_1_9' title="bbox 276 1700 1471 1786; baseline 0.001 -20"><span class='ocrx_word' id='word_1_51' title='bbox 276 1703 381 1786; x_wconf 85' lang='lat' dir='ltr'><strong>populi</strong></span> <span class='ocrx_word' id='word_1_52' title='bbox 398 1702 554 1768; x_wconf 57' lang='lat' dir='ltr'><strong>christiani</strong></span> <span class='ocrx_word' id='word_1_53' title='bbox 568 1719 727 1782; x_wconf 85' lang='lat' dir='ltr'><strong>pressuras</strong></span> <span class='ocrx_word' id='word_1_54' title='bbox 744 1705 774 1762; x_wconf 83' lang='lat' dir='ltr'><strong>et</strong></span> <span class='ocrx_word' id='word_1_55' title='bbox 788 1700 919 1780; x_wconf 76' lang='lat' dir='ltr'><strong>gemitus</strong></span> <span class='ocrx_word' id='word_1_56' title='bbox 936 1701 1126 1763; x_wconf 85' lang='lat' dir='ltr'><strong>amarissimo</strong></span> <span class='ocrx_word' id='word_1_57' title='bbox 1148 1702 1328 1766; x_wconf 74' lang='lat' dir='ltr'><strong>miserantes</strong></span> <span class='ocrx_word' id='word_1_58' title='bbox 1351 1705 1471 1774; x_wconf 78' lang='lat' dir='ltr'><strong>allecto,</strong></span> 
     </span>
     <span class='ocr_line' id='line_1_10' title="bbox 279 1807 1474 1893; baseline -0.004 -14"><span class='ocrx_word' id='word_1_59' title='bbox 279 1818 314 1878; x_wconf 84' lang='lat' dir='ltr'><strong>ut</strong></span> <span class='ocrx_word' id='word_1_60' title='bbox 329 1816 432 1879; x_wconf 84' lang='lat' dir='ltr'><strong>oostm</strong></span> <span class='ocrx_word' id='word_1_61' title='bbox 448 1810 530 1876; x_wconf 83' lang='lat' dir='ltr'><strong>felici</strong></span> <span class='ocrx_word' id='word_1_62' title='bbox 546 1815 681 1890; x_wconf 81' lang='lat' dir='ltr'><strong>tempore</strong></span> <span class='ocrx_word' id='word_1_63' title='bbox 697 1808 742 1869; x_wconf 88' lang='lat' dir='ltr'><strong>rei</strong></span> <span class='ocrx_word' id='word_1_64' title='bbox 758 1807 878 1888; x_wconf 84' lang='lat' dir='ltr'><strong>publico</strong></span> <span class='ocrx_word' id='word_1_65' title='bbox 894 1810 1057 1872; x_wconf 69' lang='lat' dir='ltr'><strong>reformata</strong></span> <span class='ocrx_word' id='word_1_66' title='bbox 1072 1810 1220 1873; x_wconf 82' lang='lat' dir='ltr'><strong>floriditas</strong></span> <span class='ocrx_word' id='word_1_67' title='bbox 1234 1813 1359 1874; x_wconf 89' lang='lat' dir='ltr'><strong>salutari</strong></span> <span class='ocrx_word' id='word_1_68' title='bbox 1372 1817 1474 1893; x_wconf 83' lang='lat' dir='ltr'><strong>pacate</strong></span> 
     </span>
     <span class='ocr_line' id='line_1_11' title="bbox 277 1916 1474 2002; baseline 0 -20"><span class='ocrx_word' id='word_1_69' title='bbox 277 1919 389 2002; x_wconf 70' lang='lat' dir='ltr'><strong>quistis</strong></span> <span class='ocrx_word' id='word_1_70' title='bbox 405 1917 543 2002; x_wconf 84' lang='lat' dir='ltr'><strong>proficiat</strong></span> <span class='ocrx_word' id='word_1_71' title='bbox 557 1917 760 1978; x_wconf 79' lang='lat' dir='ltr'><strong>incremento:</strong></span> <span class='ocrx_word' id='word_1_72' title='bbox 785 1920 974 1997; x_wconf 85' lang='lat' dir='ltr'><strong>quapropter</strong></span> <span class='ocrx_word' id='word_1_73' title='bbox 984 1916 1035 1978; x_wconf 86' lang='lat' dir='ltr'><strong>tali</strong></span> <span class='ocrx_word' id='word_1_74' title='bbox 1059 1917 1109 1978; x_wconf 89' lang='lat' dir='ltr'><strong>die</strong></span> <span class='ocrx_word' id='word_1_75' title='bbox 1132 1918 1210 1998; x_wconf 85' lang='lat' dir='ltr'><strong>epod</strong></span> <span class='ocrx_word' id='word_1_76' title='bbox 1227 1919 1264 1980; x_wconf 88' lang='lat' dir='ltr'><strong>N.</strong></span> <span class='ocrx_word' id='word_1_77' title='bbox 1283 1921 1474 2000; x_wconf 74' lang='lat' dir='ltr'><strong>sollempnem</strong></span> 
     </span>
     <span class='ocr_line' id='line_1_12' title="bbox 275 2022 1477 2108; baseline -0.002 -18"><span class='ocrx_word' id='word_1_78' title='bbox 275 2027 393 2090; x_wconf 85' lang='lat' dir='ltr'><strong>curiam</strong></span> <span class='ocrx_word' id='word_1_79' title='bbox 424 2024 560 2093; x_wconf 73' lang='lat' dir='ltr'><strong>donnus</strong></span> <span class='ocrx_word' id='word_1_80' title='bbox 591 2022 787 2093; x_wconf 85' lang='lat' dir='ltr'><strong>edicendam,</strong></span> <span class='ocrx_word' id='word_1_81' title='bbox 826 2023 911 2086; x_wconf 90' lang='lat' dir='ltr'><strong>cuius</strong></span> <span class='ocrx_word' id='word_1_82' title='bbox 949 2023 1053 2105; x_wconf 79' lang='lat' dir='ltr'><strong>utique</strong></span> <span class='ocrx_word' id='word_1_83' title='bbox 1086 2025 1290 2088; x_wconf 88' lang='lat' dir='ltr'><strong>celebracioni</strong></span> <span class='ocrx_word' id='word_1_84' title='bbox 1321 2026 1477 2108; x_wconf 75' lang='lat' dir='ltr'><strong>magnifice</strong></span> 
     </span>
     <span class='ocr_line' id='line_1_13' title="bbox 277 2131 1478 2215; baseline -0.002 -15"><span class='ocrx_word' id='word_1_85' title='bbox 277 2135 424 2200; x_wconf 77' lang='lat' dir='ltr'><strong>decenter</strong></span> <span class='ocrx_word' id='word_1_86' title='bbox 444 2132 603 2215; x_wconf 78' lang='lat' dir='ltr'><strong>providere</strong></span> <span class='ocrx_word' id='word_1_87' title='bbox 624 2131 742 2211; x_wconf 83' lang='lat' dir='ltr'><strong>regium</strong></span> <span class='ocrx_word' id='word_1_88' title='bbox 774 2131 922 2192; x_wconf 81' lang='lat' dir='ltr'><strong>condecet</strong></span> <span class='ocrx_word' id='word_1_89' title='bbox 947 2137 1136 2212; x_wconf 85' lang='lat' dir='ltr'><strong>apparatum.</strong></span> <span class='ocrx_word' id='word_1_90' title='bbox 1170 2133 1280 2197; x_wconf 85' lang='lat' dir='ltr'><strong>Verum</strong></span> <span class='ocrx_word' id='word_1_91' title='bbox 1310 2153 1381 2198; x_wconf 85' lang='lat' dir='ltr'><strong>cum</strong></span> <span class='ocrx_word' id='word_1_92' title='bbox 1409 2137 1478 2198; x_wconf 85' lang='lat' dir='ltr'><strong>tanti</strong></span> 
     </span>
     <span class='ocr_line' id='line_1_14' title="bbox 278 2239 1480 2326; baseline -0.001 -18"><span class='ocrx_word' id='word_1_93' title='bbox 278 2245 399 2326; x_wconf 80' lang='lat' dir='ltr'><strong>negocii</strong></span> <span class='ocrx_word' id='word_1_94' title='bbox 416 2242 627 2324; x_wconf 79' lang='lat' dir='ltr'><strong>magnitudini,</strong></span> <span class='ocrx_word' id='word_1_95' title='bbox 645 2246 675 2303; x_wconf 86' lang='lat' dir='ltr'><strong>et</strong></span> <span class='ocrx_word' id='word_1_96' title='bbox 689 2240 731 2302; x_wconf 86' lang='lat' dir='ltr'><strong>ad</strong></span> <span class='ocrx_word' id='word_1_97' title='bbox 745 2245 806 2302; x_wconf 87' lang='lat' dir='ltr'><strong>tam</strong></span> <span class='ocrx_word' id='word_1_98' title='bbox 823 2240 947 2320; x_wconf 84' lang='lat' dir='ltr'><strong>grandis</strong></span> <span class='ocrx_word' id='word_1_99' title='bbox 963 2239 1004 2325; x_wconf 86' lang='lat' dir='ltr'><strong>o)</strong></span> <span class='ocrx_word' id='word_1_100' title='bbox 1022 2242 1141 2303; x_wconf 86' lang='lat' dir='ltr'><strong>sareine</strong></span> <span class='ocrx_word' id='word_1_101' title='bbox 1164 2245 1374 2325; x_wconf 79' lang='lat' dir='ltr'><strong>supportanda</strong></span> <span class='ocrx_word' id='word_1_102' title='bbox 1396 2245 1480 2307; x_wconf 87' lang='lat' dir='ltr'><strong>moli-</strong></span> 
     </span>
     <span class='ocr_line' id='line_1_15' title="bbox 276 2348 1480 2434; baseline -0.001 -18"><span class='ocrx_word' id='word_1_103' title='bbox 276 2355 373 2423; x_wconf 87' lang='lat' dir='ltr'><strong>mina,</strong></span> <span class='ocrx_word' id='word_1_104' title='bbox 387 2357 418 2416; x_wconf 87' lang='lat' dir='ltr'><strong>et</strong></span> <span class='ocrx_word' id='word_1_105' title='bbox 433 2356 493 2414; x_wconf 66' lang='lat' dir='ltr'><strong>mm</strong></span> <span class='ocrx_word' id='word_1_106' title='bbox 509 2353 684 2431; x_wconf 77' lang='lat' dir='ltr'><strong>smrptoose</strong></span> <span class='ocrx_word' id='word_1_107' title='bbox 701 2348 873 2410; x_wconf 74' lang='lat' dir='ltr'><strong>festivitatis</strong></span> <span class='ocrx_word' id='word_1_108' title='bbox 890 2349 1008 2429; x_wconf 80' lang='lat' dir='ltr'><strong>agenda</strong></span> <span class='ocrx_word' id='word_1_109' title='bbox 1029 2350 1218 2432; x_wconf 80' lang='lat' dir='ltr'><strong>sollempnia,</strong></span> <span class='ocrx_word' id='word_1_110' title='bbox 1240 2369 1298 2432; x_wconf 88' lang='lat' dir='ltr'><strong>per</strong></span> <span class='ocrx_word' id='word_1_111' title='bbox 1319 2371 1379 2415; x_wconf 87' lang='lat' dir='ltr'><strong>nos</strong></span> <span class='ocrx_word' id='word_1_112' title='bbox 1400 2353 1480 2434; x_wconf 79' lang='lat' dir='ltr'><strong>ipsm</strong></span> 
     </span>
     <span class='ocr_line' id='line_1_16' title="bbox 282 2457 1478 2539; baseline 0 -15"><span class='ocrx_word' id='word_1_113' title='bbox 282 2460 422 2525; x_wconf 64' lang='lat' dir='ltr'><strong>sufflare</strong></span> <span class='ocrx_word' id='word_1_114' title='bbox 444 2479 504 2521; x_wconf 89' lang='lat' dir='ltr'><strong>noo</strong></span> <span class='ocrx_word' id='word_1_115' title='bbox 524 2458 691 2539; x_wconf 89' lang='lat' dir='ltr'><strong>possimos;</strong></span> <span class='ocrx_word' id='word_1_116' title='bbox 716 2460 834 2537; x_wconf 87' lang='lat' dir='ltr'><strong>oportet</strong></span> <span class='ocrx_word' id='word_1_117' title='bbox 857 2475 911 2519; x_wconf 91' lang='lat' dir='ltr'><strong>nos</strong></span> <span class='ocrx_word' id='word_1_118' title='bbox 934 2476 951 2518; x_wconf 90' lang='lat' dir='ltr'><strong>a</strong></span> <span class='ocrx_word' id='word_1_119' title='bbox 973 2457 1059 2520; x_wconf 75' lang='lat' dir='ltr'><strong>robis</strong></span> <span class='ocrx_word' id='word_1_120' title='bbox 1082 2462 1113 2520; x_wconf 86' lang='lat' dir='ltr'><strong>et</strong></span> <span class='ocrx_word' id='word_1_121' title='bbox 1128 2459 1195 2521; x_wconf 82' lang='lat' dir='ltr'><strong>aliis</strong></span> <span class='ocrx_word' id='word_1_122' title='bbox 1211 2459 1326 2523; x_wconf 85' lang='lat' dir='ltr'><strong>nostris</strong></span> <span class='ocrx_word' id='word_1_123' title='bbox 1343 2459 1478 2524; x_wconf 86' lang='lat' dir='ltr'><strong>fidelibus</strong></span> 
     </span>
     <span class='ocr_line' id='line_1_17' title="bbox 283 2562 1481 2650; baseline 0 -18"><span class='ocrx_word' id='word_1_124' title='bbox 283 2572 482 2650; x_wconf 74' lang='lat' dir='ltr'><strong>opportunum</strong></span> <span class='ocrx_word' id='word_1_125' title='bbox 517 2564 709 2645; x_wconf 81' lang='lat' dir='ltr'><strong>interpellare</strong></span> <span class='ocrx_word' id='word_1_126' title='bbox 741 2562 917 2644; x_wconf 80' lang='lat' dir='ltr'><strong>suffragium</strong></span> <span class='ocrx_word' id='word_1_127' title='bbox 956 2570 986 2627; x_wconf 85' lang='lat' dir='ltr'><strong>et</strong></span> <span class='ocrx_word' id='word_1_128' title='bbox 1020 2566 1278 2646; x_wconf 83' lang='lat' dir='ltr'><strong>comportacionis</strong></span> <span class='ocrx_word' id='word_1_129' title='bbox 1309 2567 1481 2631; x_wconf 84' lang='lat' dir='ltr'><strong>huiusmodi</strong></span> 
     </span>
     <span class='ocr_line' id='line_1_18' title="bbox 280 2670 1008 2758; baseline -0.005 -19"><span class='ocrx_word' id='word_1_130' title='bbox 280 2676 442 2758; x_wconf 85' lang='lat' dir='ltr'><strong>participio</strong></span> <span class='ocrx_word' id='word_1_131' title='bbox 458 2693 511 2736; x_wconf 84' lang='lat' dir='ltr'><strong>vos</strong></span> <span class='ocrx_word' id='word_1_132' title='bbox 528 2679 559 2734; x_wconf 87' lang='lat' dir='ltr'><strong>et</strong></span> <span class='ocrx_word' id='word_1_133' title='bbox 574 2673 657 2753; x_wconf 89' lang='lat' dir='ltr'><strong>ipsos</strong></span> <span class='ocrx_word' id='word_1_134' title='bbox 673 2670 855 2734; x_wconf 79' lang='lat' dir='ltr'><strong>fiducialiter</strong></span> <span class='ocrx_word' id='word_1_135' title='bbox 871 2690 1008 2735; x_wconf 88' lang='lat' dir='ltr'><strong>onerare.</strong></span> 
     </span>
    </p>

    <p class='ocr_par' dir='ltr' id='par_1_6' title="bbox 281 2778 1486 4467">
     <span class='ocr_line' id='line_1_19' title="bbox 370 2778 1480 2862; baseline 0.001 -18"><span class='ocrx_word' id='word_1_136' title='bbox 370 2783 448 2845; x_wconf 83' lang='lat' dir='ltr'><strong>Hinc</strong></span> <span class='ocrx_word' id='word_1_137' title='bbox 465 2786 522 2851; x_wconf 84' lang='lat' dir='ltr'><strong>est,</strong></span> <span class='ocrx_word' id='word_1_138' title='bbox 541 2779 621 2862; x_wconf 88' lang='lat' dir='ltr'><strong>quod</strong></span> <span class='ocrx_word' id='word_1_139' title='bbox 637 2783 766 2840; x_wconf 85' lang='lat' dir='ltr'><strong>vestram</strong></span> <span class='ocrx_word' id='word_1_140' title='bbox 783 2778 991 2859; x_wconf 77' lang='lat' dir='ltr'><strong>prudenciam,</strong></span> <span class='ocrx_word' id='word_1_141' title='bbox 1007 2799 1066 2862; x_wconf 85' lang='lat' dir='ltr'><strong>qua</strong></span> <span class='ocrx_word' id='word_1_142' title='bbox 1083 2799 1243 2862; x_wconf 85' lang='lat' dir='ltr'><strong>pessumus</strong></span> <span class='ocrx_word' id='word_1_143' title='bbox 1260 2783 1480 2848; x_wconf 80' lang='lat' dir='ltr'><strong>exhortacionis</strong></span> 
     </span>
     <span class='ocr_line' id='line_1_20' title="bbox 281 2883 1481 2968; baseline -0.003 -15"><span class='ocrx_word' id='word_1_144' title='bbox 281 2889 432 2953; x_wconf 85' lang='lat' dir='ltr'><strong>instancia</strong></span> <span class='ocrx_word' id='word_1_145' title='bbox 455 2886 591 2950; x_wconf 75' lang='lat' dir='ltr'><strong>dommus</strong></span> <span class='ocrx_word' id='word_1_146' title='bbox 614 2883 816 2947; x_wconf 74' lang='lat' dir='ltr'><strong>attentissime</strong></span> <span class='ocrx_word' id='word_1_147' title='bbox 839 2885 1066 2966; x_wconf 86' lang='lat' dir='ltr'><strong>requirendam,</strong></span> <span class='ocrx_word' id='word_1_148' title='bbox 1095 2893 1243 2968; x_wconf 81' lang='lat' dir='ltr'><strong>quatenos</strong></span> <span class='ocrx_word' id='word_1_149' title='bbox 1266 2894 1330 2951; x_wconf 85' lang='lat' dir='ltr'><strong>tam</strong></span> <span class='ocrx_word' id='word_1_150' title='bbox 1353 2889 1481 2952; x_wconf 82' lang='lat' dir='ltr'><strong>evidenti</strong></span> 
     </span>
     <span class='ocr_line' id='line_1_21' title="bbox 282 2991 1480 3077; baseline -0.002 -17"><span class='ocrx_word' id='word_1_151' title='bbox 282 2997 467 3062; x_wconf 72' lang='lat' dir='ltr'><strong>necessitate</strong></span> <span class='ocrx_word' id='word_1_152' title='bbox 490 2992 639 3077; x_wconf 80' lang='lat' dir='ltr'><strong>perplexis</strong></span> <span class='ocrx_word' id='word_1_153' title='bbox 663 2991 700 3053; x_wconf 85' lang='lat' dir='ltr'><strong>de</strong></span> <span class='ocrx_word' id='word_1_154' title='bbox 723 2996 769 3055; x_wconf 87' lang='lat' dir='ltr'><strong>tot</strong></span> <span class='ocrx_word' id='word_1_155' title='bbox 788 2995 899 3054; x_wconf 88' lang='lat' dir='ltr'><strong>marcis</strong></span> <span class='ocrx_word' id='word_1_156' title='bbox 924 2993 962 3074; x_wconf 83' lang='lat' dir='ltr'><strong>b)</strong></span> <span class='ocrx_word' id='word_1_157' title='bbox 986 2994 1131 3057; x_wconf 83' lang='lat' dir='ltr'><strong>ultroneis</strong></span> <span class='ocrx_word' id='word_1_158' title='bbox 1154 3000 1184 3058; x_wconf 90' lang='lat' dir='ltr'><strong>et</strong></span> <span class='ocrx_word' id='word_1_159' title='bbox 1206 2995 1356 3061; x_wconf 83' lang='lat' dir='ltr'><strong>hilaribus</strong></span> <span class='ocrx_word' id='word_1_160' title='bbox 1380 2998 1480 3060; x_wconf 89' lang='lat' dir='ltr'><strong>animis</strong></span> 
     </span>
     <span class='ocr_line' id='line_1_22' title="bbox 284 3098 1480 3186; baseline -0.001 -20"><span class='ocrx_word' id='word_1_161' title='bbox 284 3104 442 3186; x_wconf 81' lang='lat' dir='ltr'><strong>providere</strong></span> <span class='ocrx_word' id='word_1_162' title='bbox 459 3109 490 3165; x_wconf 87' lang='lat' dir='ltr'><strong>et</strong></span> <span class='ocrx_word' id='word_1_163' title='bbox 506 3100 666 3164; x_wconf 83' lang='lat' dir='ltr'><strong>subvenire</strong></span> <span class='ocrx_word' id='word_1_164' title='bbox 684 3099 809 3167; x_wconf 83' lang='lat' dir='ltr'><strong>curetis,</strong></span> <span class='ocrx_word' id='word_1_165' title='bbox 825 3098 855 3162; x_wconf 90' lang='lat' dir='ltr'><strong>in</strong></span> <span class='ocrx_word' id='word_1_166' title='bbox 872 3101 999 3162; x_wconf 85' lang='lat' dir='ltr'><strong>termino</strong></span> <span class='ocrx_word' id='word_1_167' title='bbox 1017 3101 1137 3164; x_wconf 87' lang='lat' dir='ltr'><strong>vobisa</strong></span> <span class='ocrx_word' id='word_1_168' title='bbox 1159 3103 1272 3166; x_wconf 88' lang='lat' dir='ltr'><strong>dilecto</strong></span> <span class='ocrx_word' id='word_1_169' title='bbox 1295 3104 1358 3167; x_wconf 81' lang='lat' dir='ltr'><strong>tilio</strong></span> <span class='ocrx_word' id='word_1_170' title='bbox 1384 3113 1480 3167; x_wconf 87' lang='lat' dir='ltr'><strong>nostro</strong></span> 
     </span>
     <span class='ocr_line' id='line_1_23' title="bbox 285 3206 1479 3290; baseline 0 -17"><span class='ocrx_word' id='word_1_171' title='bbox 285 3211 323 3273; x_wconf 84' lang='lat' dir='ltr'><strong>bl.</strong></span> <span class='ocrx_word' id='word_1_172' title='bbox 339 3209 467 3274; x_wconf 74' lang='lat' dir='ltr'><strong>finaliter</strong></span> <span class='ocrx_word' id='word_1_173' title='bbox 482 3207 685 3290; x_wconf 82' lang='lat' dir='ltr'><strong>exprimendo,</strong></span> <span class='ocrx_word' id='word_1_174' title='bbox 709 3207 796 3268; x_wconf 90' lang='lat' dir='ltr'><strong>cuius</strong></span> <span class='ocrx_word' id='word_1_175' title='bbox 818 3206 909 3268; x_wconf 85' lang='lat' dir='ltr'><strong>etiam</strong></span> <span class='ocrx_word' id='word_1_176' title='bbox 926 3206 1037 3279; x_wconf 82' lang='lat' dir='ltr'><strong>verbis,</strong></span> <span class='ocrx_word' id='word_1_177' title='bbox 1061 3227 1120 3290; x_wconf 77' lang='lat' dir='ltr'><strong>que</strong></span> <span class='ocrx_word' id='word_1_178' title='bbox 1137 3209 1223 3273; x_wconf 86' lang='lat' dir='ltr'><strong>vobis</strong></span> <span class='ocrx_word' id='word_1_179' title='bbox 1240 3217 1347 3274; x_wconf 87' lang='lat' dir='ltr'><strong>nostro</strong></span> <span class='ocrx_word' id='word_1_180' title='bbox 1363 3213 1479 3275; x_wconf 77' lang='lat' dir='ltr'><strong>nombre</strong></span> 
     </span>
     <span class='ocr_line' id='line_1_24' title="bbox 285 3313 1483 3401; baseline -0.001 -19"><span class='ocrx_word' id='word_1_181' title='bbox 285 3317 513 3401; x_wconf 79' lang='lat' dir='ltr'><strong>pronuncianda</strong></span> <span class='ocrx_word' id='word_1_182' title='bbox 532 3315 713 3384; x_wconf 85' lang='lat' dir='ltr'><strong>decreverit,</strong></span> <span class='ocrx_word' id='word_1_183' title='bbox 730 3313 818 3375; x_wconf 84' lang='lat' dir='ltr'><strong>tidem</strong></span> <span class='ocrx_word' id='word_1_184' title='bbox 834 3313 980 3379; x_wconf 72' lang='lat' dir='ltr'><strong>adbibere</strong></span> <span class='ocrx_word' id='word_1_185' title='bbox 1003 3317 1157 3380; x_wconf 86' lang='lat' dir='ltr'><strong>credulam</strong></span> <span class='ocrx_word' id='word_1_186' title='bbox 1180 3337 1234 3380; x_wconf 80' lang='lat' dir='ltr'><strong>ros</strong></span> <span class='ocrx_word' id='word_1_187' title='bbox 1256 3319 1394 3401; x_wconf 87' lang='lat' dir='ltr'><strong>petimus</strong></span> <span class='ocrx_word' id='word_1_188' title='bbox 1411 3313 1483 3383; x_wconf 76' lang='lat' dir='ltr'><strong>sient</strong></span> 
     </span>
     <span class='ocr_line' id='line_1_25' title="bbox 288 3422 1479 3506; baseline 0.003 -17"><span class='ocrx_word' id='word_1_189' title='bbox 288 3427 407 3489; x_wconf 89' lang='lat' dir='ltr'><strong>nostris.</strong></span> <span class='ocrx_word' id='word_1_190' title='bbox 441 3425 573 3504; x_wconf 85' lang='lat' dir='ltr'><strong>Exurgat</strong></span> <span class='ocrx_word' id='word_1_191' title='bbox 601 3422 695 3502; x_wconf 88' lang='lat' dir='ltr'><strong>igitur</strong></span> <span class='ocrx_word' id='word_1_192' title='bbox 722 3427 809 3501; x_wconf 87' lang='lat' dir='ltr'><strong>grata</strong></span> <span class='ocrx_word' id='word_1_193' title='bbox 843 3442 962 3503; x_wconf 86' lang='lat' dir='ltr'><strong>seroper</strong></span> <span class='ocrx_word' id='word_1_194' title='bbox 989 3428 1020 3485; x_wconf 84' lang='lat' dir='ltr'><strong>ct</strong></span> <span class='ocrx_word' id='word_1_195' title='bbox 1047 3443 1175 3504; x_wconf 87' lang='lat' dir='ltr'><strong>operose</strong></span> <span class='ocrx_word' id='word_1_196' title='bbox 1198 3426 1328 3506; x_wconf 89' lang='lat' dir='ltr'><strong>probata</strong></span> <span class='ocrx_word' id='word_1_197' title='bbox 1355 3428 1479 3492; x_wconf 86' lang='lat' dir='ltr'><strong>fidelium</strong></span> 
     </span>
     <span class='ocr_line' id='line_1_26' title="bbox 288 3527 1480 3616; baseline 0.004 -22"><span class='ocrx_word' id='word_1_198' title='bbox 288 3532 501 3616; x_wconf 87' lang='lat' dir='ltr'><strong>promptitudo,</strong></span> <span class='ocrx_word' id='word_1_199' title='bbox 510 3550 567 3613; x_wconf 87' lang='lat' dir='ltr'><strong>que</strong></span> <span class='ocrx_word' id='word_1_200' title='bbox 581 3549 671 3612; x_wconf 88' lang='lat' dir='ltr'><strong>super</strong></span> <span class='ocrx_word' id='word_1_201' title='bbox 682 3529 740 3592; x_wconf 90' lang='lat' dir='ltr'><strong>hoc</strong></span> <span class='ocrx_word' id='word_1_202' title='bbox 754 3527 906 3608; x_wconf 84' lang='lat' dir='ltr'><strong>regalibus</strong></span> <span class='ocrx_word' id='word_1_203' title='bbox 921 3528 1120 3613; x_wconf 86' lang='lat' dir='ltr'><strong>beneplacitis</strong></span> <span class='ocrx_word' id='word_1_204' title='bbox 1133 3540 1273 3616; x_wconf 88' lang='lat' dir='ltr'><strong>prompta</strong></span> <span class='ocrx_word' id='word_1_205' title='bbox 1286 3540 1317 3600; x_wconf 88' lang='lat' dir='ltr'><strong>et</strong></span> <span class='ocrx_word' id='word_1_206' title='bbox 1334 3543 1480 3600; x_wconf 80' lang='lat' dir='ltr'><strong>consueta</strong></span> 
     </span>
     <span class='ocr_line' id='line_1_27' title="bbox 290 3635 1479 3727; baseline 0.003 -25"><span class='ocrx_word' id='word_1_207' title='bbox 290 3639 497 3702; x_wconf 81' lang='lat' dir='ltr'><strong>benivolencia</strong></span> <span class='ocrx_word' id='word_1_208' title='bbox 533 3658 565 3700; x_wconf 88' lang='lat' dir='ltr'><strong>se</strong></span> <span class='ocrx_word' id='word_1_209' title='bbox 600 3639 730 3717; x_wconf 87' lang='lat' dir='ltr'><strong>coaptet.</strong></span> <span class='ocrx_word' id='word_1_210' title='bbox 782 3635 815 3700; x_wconf 89' lang='lat' dir='ltr'><strong>In</strong></span> <span class='ocrx_word' id='word_1_211' title='bbox 857 3635 923 3699; x_wconf 88' lang='lat' dir='ltr'><strong>aliis</strong></span> <span class='ocrx_word' id='word_1_212' title='bbox 955 3638 1035 3704; x_wconf 87' lang='lat' dir='ltr'><strong>enim</strong></span> <span class='ocrx_word' id='word_1_213' title='bbox 1067 3640 1304 3708; x_wconf 86' lang='lat' dir='ltr'><strong>incommutabili</strong></span> <span class='ocrx_word' id='word_1_214' title='bbox 1337 3645 1428 3708; x_wconf 74' lang='lat' dir='ltr'><strong>aoird</strong></span> <span class='ocrx_word' id='word_1_215' title='bbox 1448 3643 1479 3727; x_wconf 83' lang='lat' dir='ltr'><strong>e)</strong></span> 
     </span>
     <span class='ocr_line' id='line_1_28' title="bbox 291 3743 1480 3832; baseline 0.002 -22"><span class='ocrx_word' id='word_1_216' title='bbox 291 3746 495 3828; x_wconf 86' lang='lat' dir='ltr'><strong>disposicione</strong></span> <span class='ocrx_word' id='word_1_217' title='bbox 503 3744 707 3823; x_wconf 83' lang='lat' dir='ltr'><strong>concepimus,</strong></span> <span class='ocrx_word' id='word_1_218' title='bbox 721 3745 764 3808; x_wconf 84' lang='lat' dir='ltr'><strong>sio</strong></span> <span class='ocrx_word' id='word_1_219' title='bbox 775 3743 979 3812; x_wconf 49' lang='lat' dir='ltr'><strong>¹alteriacioois</strong></span> <span class='ocrx_word' id='word_1_220' title='bbox 988 3748 1135 3828; x_wconf 78' lang='lat' dir='ltr'><strong>antydoto</strong></span> <span class='ocrx_word' id='word_1_221' title='bbox 1148 3754 1179 3810; x_wconf 84' lang='lat' dir='ltr'><strong>et</strong></span> <span class='ocrx_word' id='word_1_222' title='bbox 1191 3753 1480 3832; x_wconf 86' lang='lat' dir='ltr'><strong>recompensacionis</strong></span> 
     </span>
     <span class='ocr_line' id='line_1_29' title="bbox 292 3850 1480 3938; baseline 0.002 -20"><span class='ocrx_word' id='word_1_223' title='bbox 292 3852 499 3917; x_wconf 76' lang='lat' dir='ltr'><strong>vicissitudine</strong></span> <span class='ocrx_word' id='word_1_224' title='bbox 515 3857 633 3914; x_wconf 86' lang='lat' dir='ltr'><strong>vestros</strong></span> <span class='ocrx_word' id='word_1_225' title='bbox 652 3850 767 3918; x_wconf 71' lang='lat' dir='ltr'><strong>ammos</strong></span> <span class='ocrx_word' id='word_1_226' title='bbox 783 3852 985 3931; x_wconf 85' lang='lat' dir='ltr'><strong>complacare,</strong></span> <span class='ocrx_word' id='word_1_227' title='bbox 1008 3855 1089 3935; x_wconf 79' lang='lat' dir='ltr'><strong>quod</strong></span> <span class='ocrx_word' id='word_1_228' title='bbox 1105 3875 1211 3918; x_wconf 79' lang='lat' dir='ltr'><strong>revera</strong></span> <span class='ocrx_word' id='word_1_229' title='bbox 1229 3859 1415 3938; x_wconf 83' lang='lat' dir='ltr'><strong>gaudebitis,</strong></span> <span class='ocrx_word' id='word_1_230' title='bbox 1436 3879 1480 3920; x_wconf 86' lang='lat' dir='ltr'><strong>vos</strong></span> 
     </span>
     <span class='ocr_line' id='line_1_30' title="bbox 292 3957 1481 4045; baseline 0.003 -20"><span class='ocrx_word' id='word_1_231' title='bbox 292 3969 353 4026; x_wconf 90' lang='lat' dir='ltr'><strong>tam</strong></span> <span class='ocrx_word' id='word_1_232' title='bbox 382 3959 552 4041; x_wconf 78' lang='lat' dir='ltr'><strong>graciosum</strong></span> <span class='ocrx_word' id='word_1_233' title='bbox 580 3957 757 4040; x_wconf 88' lang='lat' dir='ltr'><strong>obsequium</strong></span> <span class='ocrx_word' id='word_1_234' title='bbox 784 3958 879 4038; x_wconf 80' lang='lat' dir='ltr'><strong>gratis</strong></span> <span class='ocrx_word' id='word_1_235' title='bbox 902 3958 1022 4022; x_wconf 87' lang='lat' dir='ltr'><strong>Domini</strong></span> <span class='ocrx_word' id='word_1_236' title='bbox 1049 3962 1154 4025; x_wconf 88' lang='lat' dir='ltr'><strong>usibus</strong></span> <span class='ocrx_word' id='word_1_237' title='bbox 1176 3963 1363 4045; x_wconf 86' lang='lat' dir='ltr'><strong>inpendisse.</strong></span> <span class='ocrx_word' id='word_1_238' title='bbox 1397 3967 1481 4032; x_wconf 85' lang='lat' dir='ltr'><strong>Porro</strong></span> 
     </span>
     <span class='ocr_line' id='line_1_31' title="bbox 294 4065 1483 4153; baseline 0.001 -21"><span class='ocrx_word' id='word_1_239' title='bbox 294 4074 396 4132; x_wconf 88' lang='lat' dir='ltr'><strong>vestra</strong></span> <span class='ocrx_word' id='word_1_240' title='bbox 411 4066 576 4147; x_wconf 88' lang='lat' dir='ltr'><strong>prudencia</strong></span> <span class='ocrx_word' id='word_1_241' title='bbox 592 4083 652 4126; x_wconf 92' lang='lat' dir='ltr'><strong>non</strong></span> <span class='ocrx_word' id='word_1_242' title='bbox 667 4065 795 4146; x_wconf 83' lang='lat' dir='ltr'><strong>ignorat,</strong></span> <span class='ocrx_word' id='word_1_243' title='bbox 812 4065 893 4146; x_wconf 90' lang='lat' dir='ltr'><strong>quod</strong></span> <span class='ocrx_word' id='word_1_244' title='bbox 915 4067 1000 4148; x_wconf 85' lang='lat' dir='ltr'><strong>regie</strong></span> <span class='ocrx_word' id='word_1_245' title='bbox 1024 4068 1164 4153; x_wconf 85' lang='lat' dir='ltr'><strong>dignitati</strong></span> <span class='ocrx_word' id='word_1_246' title='bbox 1187 4072 1367 4140; x_wconf 82' lang='lat' dir='ltr'><strong>indeceneie</strong></span> <span class='ocrx_word' id='word_1_247' title='bbox 1390 4094 1483 4138; x_wconf 85' lang='lat' dir='ltr'><strong>maeu-</strong></span> 
     </span>
     <span class='ocr_line' id='line_1_32' title="bbox 295 4171 1484 4260; baseline 0.007 -22"><span class='ocrx_word' id='word_1_248' title='bbox 295 4179 366 4246; x_wconf 89' lang='lat' dir='ltr'><strong>lam,</strong></span> <span class='ocrx_word' id='word_1_249' title='bbox 383 4194 439 4245; x_wconf 86' lang='lat' dir='ltr'><strong>nec</strong></span> <span class='ocrx_word' id='word_1_250' title='bbox 455 4192 515 4236; x_wconf 91' lang='lat' dir='ltr'><strong>non</strong></span> <span class='ocrx_word' id='word_1_251' title='bbox 531 4171 616 4234; x_wconf 86' lang='lat' dir='ltr'><strong>vobis</strong></span> <span class='ocrx_word' id='word_1_252' title='bbox 633 4171 757 4248; x_wconf 84' lang='lat' dir='ltr'><strong>eederet</strong></span> <span class='ocrx_word' id='word_1_253' title='bbox 771 4181 963 4246; x_wconf 87' lang='lat' dir='ltr'><strong>nocumento,</strong></span> <span class='ocrx_word' id='word_1_254' title='bbox 980 4176 1017 4246; x_wconf 86' lang='lat' dir='ltr'><strong>si,</strong></span> <span class='ocrx_word' id='word_1_255' title='bbox 1034 4178 1115 4260; x_wconf 87' lang='lat' dir='ltr'><strong>quod</strong></span> <span class='ocrx_word' id='word_1_256' title='bbox 1138 4177 1228 4251; x_wconf 88' lang='lat' dir='ltr'><strong>absit,</strong></span> <span class='ocrx_word' id='word_1_257' title='bbox 1251 4183 1484 4246; x_wconf 71' lang='lat' dir='ltr'><strong>necessariaiam</strong></span> 
     </span>
     <span class='ocr_line' id='line_1_33' title="bbox 298 4277 1486 4359; baseline 0.012 -23"><span class='ocrx_word' id='word_1_258' title='bbox 298 4301 397 4347; x_wconf 71' lang='lat' dir='ltr'><strong>rerum</strong></span> <span class='ocrx_word' id='word_1_259' title='bbox 414 4283 542 4359; x_wconf 75' lang='lat' dir='ltr'><strong>cogente</strong></span> <span class='ocrx_word' id='word_1_260' title='bbox 559 4277 678 4346; x_wconf 82' lang='lat' dir='ltr'><strong>deiectu</strong></span> <span class='ocrx_word' id='word_1_261' title='bbox 695 4296 748 4357; x_wconf 88' lang='lat' dir='ltr'><strong>pro</strong></span> <span class='ocrx_word' id='word_1_262' title='bbox 767 4278 877 4343; x_wconf 85' lang='lat' dir='ltr'><strong>nostris</strong></span> <span class='ocrx_word' id='word_1_263' title='bbox 894 4279 1005 4344; x_wconf 82' lang='lat' dir='ltr'><strong>debitis</strong></span> <span class='ocrx_word' id='word_1_264' title='bbox 1028 4301 1081 4346; x_wconf 86' lang='lat' dir='ltr'><strong>vos</strong></span> <span class='ocrx_word' id='word_1_265' title='bbox 1107 4291 1137 4346; x_wconf 86' lang='lat' dir='ltr'><strong>et</strong></span> <span class='ocrx_word' id='word_1_266' title='bbox 1161 4286 1236 4349; x_wconf 90' lang='lat' dir='ltr'><strong>alios</strong></span> <span class='ocrx_word' id='word_1_267' title='bbox 1253 4294 1376 4352; x_wconf 85' lang='lat' dir='ltr'><strong>nostros</strong></span> <span class='ocrx_word' id='word_1_268' title='bbox 1392 4287 1486 4352; x_wconf 84' lang='lat' dir='ltr'><strong>tideles</strong></span> 
     </span>
     <span class='ocr_line' id='line_1_34' title="bbox 301 4385 1089 4467; baseline 0.001 -15"><span class='ocrx_word' id='word_1_269' title='bbox 301 4390 491 4467; x_wconf 82' lang='lat' dir='ltr'><strong>contingeret</strong></span> <span class='ocrx_word' id='word_1_270' title='bbox 506 4385 731 4467; x_wconf 82' lang='lat' dir='ltr'><strong>pignoraoionis</strong></span> <span class='ocrx_word' id='word_1_271' title='bbox 748 4385 907 4449; x_wconf 77' lang='lat' dir='ltr'><strong>incomoda</strong></span> <span class='ocrx_word' id='word_1_272' title='bbox 924 4391 1089 4453; x_wconf 83' lang='lat' dir='ltr'><strong>molestari.</strong></span> 
     </span>
    </p>
   </div>
   <div class='ocr_carea' id='block_1_6' title="bbox 392 4507 1034 4583">
    <p class='ocr_par' dir='ltr' id='par_1_7' title="bbox 392 4507 1034 4583">
     <span class='ocr_line' id='line_1_35' title="bbox 392 4507 1034 4583; baseline -0.005 -20"><span class='ocrx_word' id='word_1_273' title='bbox 392 4525 424 4578; x_wconf 79' lang='lat' dir='ltr'><strong>a)</strong></span> <span class='ocrx_word' id='word_1_274' title='bbox 441 4507 581 4583; x_wconf 73' lang='lat' dir='ltr'><strong>grandal.</strong></span> <span class='ocrx_word' id='word_1_275' title='bbox 598 4536 628 4546; x_wconf 85' lang='lat'>-</span> <span class='ocrx_word' id='word_1_276' title='bbox 644 4507 676 4574; x_wconf 80' lang='lat' dir='ltr'><strong>b)</strong></span> <span class='ocrx_word' id='word_1_277' title='bbox 691 4509 782 4564; x_wconf 59' lang='lat' dir='ltr'><strong>Mariis</strong></span> <span class='ocrx_word' id='word_1_278' title='bbox 796 4509 822 4560; x_wconf 84' lang='lat' dir='ltr'><strong>Z.</strong></span> <span class='ocrx_word' id='word_1_279' title='bbox 838 4537 872 4548; x_wconf 90' lang='grc'><strong>--</strong></span> <span class='ocrx_word' id='word_1_280' title='bbox 887 4512 918 4580; x_wconf 81' lang='lat' dir='ltr'><strong>e)</strong></span> <span class='ocrx_word' id='word_1_281' title='bbox 935 4529 993 4565; x_wconf 86' lang='lat' dir='ltr'><strong>cum</strong></span> <span class='ocrx_word' id='word_1_282' title='bbox 1007 4514 1034 4566; x_wconf 85' lang='lat' dir='ltr'><strong>Z.</strong></span> 
     </span>
    </p>
   </div>
   <div class='ocr_carea' id='block_1_7' title="bbox 0 0 1577 5118">
    <p class='ocr_par' dir='ltr' id='par_1_8' title="bbox 0 0 1577 5118">
     <span class='ocr_line' id='line_1_36' title="bbox 0 0 1577 5118; baseline 0 0"><span class='ocrx_word' id='word_1_283' title='bbox 0 0 1577 5118; x_wconf 95' lang='lat' dir='ltr'><strong> </strong></span> 
     </span>
    </p>
   </div>
   <div class='ocr_carea' id='block_1_8' title="bbox 1540 3203 1568 5084">
    <p class='ocr_par' dir='ltr' id='par_1_9' title="bbox 1540 3203 1568 5084">
     <span class='ocr_line' id='line_1_37' title="bbox 1540 3203 1568 5084; baseline 0 0"><span class='ocrx_word' id='word_1_284' title='bbox 1540 3203 1568 5084; x_wconf 95' lang='lat' dir='ltr'><strong> </strong></span> 
     </span>
    </p>
   </div>
  </div>
 </body>
</html>
