3108 5118
1167 284 1245 352 279

60 456 135 528 tatis,
153 457 184 520 in
198 458 283 521 clade
299 458 416 532 bellica,
434 479 492 543 qua
509 461 610 548 tillia)
623 467 726 524 sancte
742 459 845 524 matris
863 459 992 521 ecclesie
1009 455 1249 524 dissecabantur,

58 565 86 626 in
112 585 146 627 se
174 566 257 647 ipsos
288 567 362 630 cede
389 574 491 631 mutua
519 570 703 638 frementes,
737 567 826 630 velud
854 568 886 629 in
912 564 1051 628 Rebecce
1079 569 1182 635 utero,
1212 564 1252 625 sit

61 692 241 745 concussus,
270 674 457 757 qualiterque
480 694 689 757 perversorum
713 673 875 736 increverit
898 673 1052 736 temeritas
1077 671 1114 734 ob
1132 671 1253 752 inpuni-

62 779 128 842 tatis
145 781 313 853 audaciam,
337 783 454 844 nemine
471 771 677 845 crassancium
694 781 732 866 b)
749 781 898 844 maliciam
920 782 1103 851 refrenante,
1126 778 1252 859 singulis

60 887 194 970 aliqualis
222 889 296 951 facti
323 891 463 970 potencia
491 891 673 972 pollentibus
696 890 834 952 iniuriam
865 887 1058 970 inhyantibus
1091 886 1194 968 spoliis
1224 891 1254 948 et

60 995 187 1076 rapinis,
218 995 416 1059 lamentabilis
446 995 560 1060 sedicio
593 1018 629 1060 ac
661 996 797 1078 lugubris
828 995 985 1058 ¹viduarum
1016 999 1046 1057 et
1075 994 1255 1075 pupillorum

60 1103 242 1184 singultuose
258 1105 495 1169 vociferanoium
511 1107 640 1186 gemitus
663 1106 776 1167 indicat
793 1110 824 1167 et
846 1104 980 1165 declarat
1002 1102 1049 1186 a).
1081 1101 1258 1166 Miseracio.

58 1230 126 1280 uum
161 1216 264 1276 autem
298 1211 402 1279 oculus
425 1210 478 1296 d),
496 1214 533 1275 de
563 1213 628 1276 celo
656 1212 856 1294 prospiciens,
883 1210 1034 1274 iusticiam
1062 1209 1127 1273 visa
1144 1209 1181 1294 e)
1211 1214 1258 1272 est

56 1320 201 1402 erigendo
230 1319 356 1388 reficere
384 1321 538 1403 imperiale
566 1321 724 1408 soliunr),
749 1322 844 1402 ipsius
870 1319 989 1401 imperii
1018 1319 1126 1403 nosf]
1143 1319 1258 1382 consti-

60 1433 142 1490 tuens
174 1429 345 1509 principum
374 1428 416 1513 9)
448 1430 616 1512 principem
655 1429 829 1510 gloriosum.
875 1429 949 1491 Curu
986 1427 1080 1508 igitur
1116 1426 1258 1507 princeps

62 1535 191 1616 gloriose
220 1533 259 1618 b)
289 1535 483 1600 dilectissime
510 1538 690 1600 venerabilis
718 1542 816 1620 pater,
845 1536 1039 1617 imperatorie
1069 1533 1258 1597 celsitudinis

62 1642 124 1704 sitis
156 1645 316 1725 columpna
347 1643 506 1708 immobilis
540 1652 570 1709 et
602 1646 754 1717 sublimis,
793 1664 884 1726 super
914 1648 1016 1706 vestre
1049 1641 1258 1706 strennuitatis

63 1751 282 1824 constanciam,
310 1752 398 1814 velud
422 1772 514 1835 super
535 1752 641 1815 basem
663 1753 697 1840 ι’)
718 1758 877 1815 ventorum
899 1751 1019 1814 turbine
1041 1771 1077 1814 ao
1106 1749 1377 1819 hominumue-un

62 1859 173 1942 impetu
202 1866 453 1944 conquassatam,
480 1861 591 1942 regalis
620 1860 719 1924 throni
749 1861 957 1923 deflexerimus
986 1859 1184 1922 architectum
1200 1857 1259 1944 t);

63 1975 190 2032 rostram
223 1968 293 2031 fidei
324 1969 530 2033 sinceritatem
563 1969 744 2033 exorandam
775 1967 806 2052 l)
840 1969 975 2030 duximus
1008 1972 1038 2030 et
1068 1966 1259 2037 hortandam,

66 2084 224 2160 quatenus,
240 2076 389 2139 beneficia
404 2077 585 2149 recolentes,
603 2077 711 2159 quibus
735 2055 988 2140 sacrosancta
1012 2074 1263 2155 Aquilegien·

65 2185 113 2246 sis
150 2184 327 2250 ecclesia
366 2184 404 2247 ab
443 2184 554 2266 inclyte
589 2183 812 2247 recordacionis
847 2181 1117 2264 predecessoribus
1152 2181 1262 2244 nostris

66 2291 137 2354 divis
153 2293 300 2372 Augustis
323 2293 529 2373 sollempniter
553 2297 600 2353 est
624 2292 735 2361 ditata,
763 2292 808 2353 sic
830 2310 885 2374 pro
907 2289 1071 2352 honoribus
1096 2295 1126 2352 et
1147 2287 1262 2351 iuribus

54 2391 178 2481 'imperii
210 2401 411 2463 reformandis
443 2401 571 2463 fideliter
601 2399 765 2471 insudetis,
798 2399 903 2481 sicque
936 2401 1040 2461 contra
1072 2397 1197 2467 hostes,
1228 2418 1263 2459 ex

67 2511 199 2590 opposito
235 2513 340 2573 contra
371 2529 425 2571 nos
458 2503 675 2579 ascendentes,
715 2525 767 2570 vos
787 2511 916 2568 muruni
949 2511 978 2568 et
1010 2511 1263 2588 propugnatorem

66 2617 270 2699 principaliter
293 2616 469 2698 opponatis,
498 2616 577 2698 quod
601 2617 751 2678 innostra
767 2608 960 2697 promocione
976 2621 1077 2677 vestra
1093 2613 1264 2676 includatur

66 2725 193 2796 utilitas,
225 2729 257 2788 et
285 2723 400 2806 regiam
418 2723 548 2786 delectet
571 2724 784 2794 clemenciam„
812 2721 1063 2803 predecessorum
1094 2727 1263 2785 nostrorum

66 2834 199 2914 vestigiis
217 2821 397 2907 inherendo,
414 2855 474 2896 non
497 2833 592 2896 solum
608 2832 750 2894 attributa
767 2851 856 2894 manu
882 2836 985 2893 tenere
1009 2826 1139 2892 ecclesie
1161 2833 1261 2894 vestre

68 2944 217 3025 largitatis
230 2943 391 3015 beneficia,
407 2961 512 3006 rerum
529 2941 624 3004 eciam
642 2960 696 3004 suo
712 2946 849 3022 tempore
867 2939 979 3002 addere
995 2939 1136 3019 largiora.

153 3125 188 3193 a]
208 3123 273 3176 filiis
291 3122 320 3177 V.
340 3151 376 3164 -
394 3122 428 3185 b)
447 3126 617 3190 grassantem
639 3137 673 3174 nu
694 3121 776 3172 lesen
796 3149 829 3158 —
849 3119 879 3188 c)
900 3119 1016 3172 indicant
1035 3121 1063 3169 at
1081 3117 1216 3170 declarant
1233 3117 1261 3170 d.

67 3244 99 3256 -
111 3214 146 3284 d)
166 3216 254 3269 oculis
272 3215 299 3266 Z.
316 3241 347 3254 ν
363 3212 393 3278 c)
411 3213 483 3266 virus
500 3230 535 3264 ιιι
551 3213 634 3264 lesen.
651 3241 685 3252 -
694 3209 727 3280 f)
748 3228 794 3262 ros
813 3210 843 3266 V.
857 3209 909 3262 und
929 3210 957 3269 Z,
977 3225 1029 3260 was
1042 3208 1160 3262 offenbar
1173 3206 1261 3260 faloch

69 3306 109 3359 ist.
125 3338 155 3346 -
169 3307 205 3376 p)
220 3303 370 3374 principum
383 3303 452 3356 fehlt
465 3303 483 3354 Z
498 3300 643 3356 arnllande
657 3301 686 3352 V.
702 3331 734 3340 -
749 3298 782 3367 b)
798 3300 916 3370 gloriose
931 3300 999 3351 fehlt
1013 3299 1040 3350 Z.
1054 3327 1090 3336 -
1105 3298 1132 3366 i)
1149 3297 1222 3351 basin
1232 3299 1259 3350 b

72 3423 95 3432 -
119 3395 151 3462 lr)
172 3396 211 3448 So
231 3393 479 3447 iibereinstimmrnd
498 3392 519 3445 V
539 3392 591 3444 uud
605 3393 631 3453 Z,
653 3390 729 3442 dafiir
748 3391 782 3442 ist
801 3391 865 3443 aber
878 3388 952 3442 ,wohl
972 3387 1140 3442 defixerhnus
1160 3393 1260 3440 tectum

69 3503 97 3536 zu
110 3487 191 3537 lesen.
211 3514 239 3522 -
257 3484 283 3552 l)
300 3484 489 3536 exhortandam
506 3482 531 3533 V.

68 3658 391 3670 *ιι-υ-

94 3773 116 3829 1)
133 3775 179 3818 bus
196 3775 250 3817 dem
268 3773 348 3816 biaher
366 3771 482 3826 Gesagten
502 3769 616 3812 schliessc
636 3767 689 3821 ich,
713 3769 766 3812 dass
785 3767 827 3812 der
848 3767 913 3810 Brief
934 3768 992 3810 nach
1014 3768 1065 3809 dem
1086 3765 1259 3822 interregnum,

126 3857 175 3898 also
189 3867 239 3897 ron
251 3853 341 3896 liudolf
352 3865 397 3894 vnn
416 3852 540 3910 lhrlraburg
558 3850 715 3906 geschn'eberr
731 3851 771 3894 ist.
797 3851 845 3892 uer
859 3851 939 3904 opiter
955 3847 1121 3892 ausdriiclrlich
1140 3845 1259 3890 crwtihrrte

130 3937 256 3981 Patriarcb
272 3948 317 3978 rou
335 3933 441 3990 Aquileja
454 3935 518 3976 'hann
535 3933 648 3976 dernnacb
665 3945 709 3976 nur
724 3931 837 3976 Raimund
852 3931 902 3974 sein
920 3929 998 3988 (lm
1012 3929 1080 3974 Febr.
1102 3929 1137 3974 lde
1151 3929 1185 3970 bi's'
1200 3924 1260 3970 12⁰8

127 4019 195 4064 Febr.
208 4017 274 4075 2l.)‚
290 4019 333 4071 dqr
346 4030 373 4060 zu
387 4014 475 4058 lludolf
484 4013 882 4069 freundschaftlicheBeziehungcn
895 4011 959 4055 hatte
971 4013 1015 4053 und
1030 4023 1073 4053 von
1086 4010 1132 4052 ihm
1143 4009 1165 4052 in
1178 4006 1259 4050 soloen

126 4101 232 4157 Kriegen
250 4077 397 4142 uhterstiitat
413 4097 502 4140 warde.
526 4094 618 4153 Ugbclli
637 4095 701 4140 ltalia
718 4106 787 4140 sacra
801 4096 866 4138 Tom.
885 4094 907 4145 ὅ,
926 4093 980 4139 aar.
998 4092 1044 4136 oud
1063 4095 1133 4135 anter
1151 4089 1200 4134 Fol.
1218 4086 1259 4140 ra,

127 4180 217 4223 no.28.
