3096 5128
251 327 328 401 420

248 501 323 568 tenti
339 502 520 576 demoratur,
537 504 592 568 sed
609 505 728 568 omnino
746 505 903 588 ignoratur
920 503 958 568 ab
975 504 1123 575 omnibus,
1141 521 1199 588 quo
1216 503 1282 568 eius
1300 503 1446 568 efferatur

248 613 397 685 intencio,
431 613 478 675 uel
518 612 549 675 in
584 612 656 697 quid
684 614 749 678 eius
775 614 888 678 effrena
917 613 1072 685 uoluntas,
1109 611 1259 676 inebriata
1282 613 1447 698 triumphis

248 722 410 807 preteritis,
433 726 464 785 et
485 721 588 804 spoliis
611 720 741 786 fidelium
764 724 946 794 tumefacta,
974 722 1168 805 frequencius
1192 721 1369 804 impellatur.
1400 722 1449 784 Ex

247 829 307 893 biis
323 830 415 913 igitur
431 835 461 894 et
478 831 542 893 aliis
559 829 681 893 infinitis
698 831 838 903 miseriis,
855 830 997 914 periculis
1016 834 1046 893 et
1058 828 1226 900 timoribus,
1239 850 1294 911 per
1307 830 1449 894 diversas

246 938 350 1002 literas
368 944 398 1003 et
414 941 563 1022 speciales
580 939 706 1003 nuncios
722 941 864 1005 intimatis
881 939 1011 1004 fideliter
1026 943 1109 1002 tanto
1126 939 1203 1020 regi,
1221 939 1330 1022 quibus
1344 960 1449 1024 usque

249 1047 285 1110 ad
299 1047 434 1111 cordium
450 1049 567 1112 viscera
585 1053 615 1112 et
629 1048 825 1113 fundamenta
842 1050 1049 1119 concutimur,
1076 1048 1145 1112 loca
1167 1052 1287 1118 nostra,
1312 1068 1371 1133 que
1399 1047 1450 1112 sui

248 1157 308 1218 situ
336 1161 366 1218 et
392 1157 570 1219 bellatorum
598 1156 706 1220 auxilio
733 1158 827 1220 furori
850 1157 947 1221 bostis
971 1155 1116 1219 resistere
1137 1175 1229 1238 posse
1251 1154 1449 1228 confidimus,

247 1266 421 1328 muniuntur
436 1255 516 1329 iuxta
532 1265 728 1328 munientium
750 1267 927 1336 facultates,
952 1269 982 1328 et
1003 1265 1041 1328 ab
1065 1262 1315 1347 expugnabilibus
1340 1283 1451 1327 eorum

248 1374 362 1446 incole,
391 1394 451 1437 non
479 1373 594 1458 absque
616 1374 759 1456 grauibus
785 1373 970 1439 detrimentis
994 1393 1095 1436 rerum
1118 1377 1148 1436 et
1169 1392 1367 1455 personarum
1391 1392 1450 1435 an-

250 1484 370 1565 gustiis,
394 1502 463 1545 cum
484 1482 564 1555 liliis,
585 1482 677 1546 rebus
701 1488 731 1546 et
753 1482 948 1546 familiaribus
971 1481 1035 1545 suis
1058 1481 1097 1544 ad
1112 1482 1181 1546 loca
1204 1483 1322 1547 tuciora
1339 1484 1415 1546 conf
1434 1521 1453 1532 -

249 1593 350 1674 giunt,
378 1591 492 1654 laribus
513 1593 643 1673 propriis
665 1590 826 1655 derelictis.
859 1592 999 1655 Ceterum
1028 1611 1098 1655 cum
1124 1590 1241 1652 illorum
1263 1592 1395 1654 miseriis
1420 1599 1453 1655 et

248 1699 413 1783 erumpnis,
430 1721 447 1762 a
464 1699 572 1784 quibus
590 1703 621 1762 et
637 1720 728 1782 super
743 1700 852 1783 quibus
870 1699 1070 1764 diversimode
1087 1704 1118 1763 et
1134 1700 1322 1783 frequenter,
1335 1701 1454 1785 impor-

247 1813 320 1872 tune
337 1813 368 1872 et
384 1813 530 1890 oportune
546 1807 743 1893 requirimur,
766 1808 948 1873 necessariis
965 1827 1150 1892 nequeamus
1168 1808 1332 1872 subvenire
1350 1829 1453 1872 reme-

248 1915 317 1988 diis,
335 1915 447 1978 doloris
467 1916 632 1980 acerbitate
649 1917 838 1981 confodimur
861 1921 892 1981 et
913 1919 945 1980 in
962 1917 1084 1980 defectu
1101 1917 1208 1981 virium
1229 1917 1453 2000 compassionis

248 2024 389 2088 affectum
413 2025 591 2089 resolvimus
614 2027 645 2088 in
669 2025 797 2089 calicem
821 2025 1041 2109 quodammodo
1062 2026 1262 2090 lacrimarum.
1289 2026 1454 2089 Prouideat

249 2131 356 2215 igitur,
386 2152 567 2215 quesumus,
595 2133 670 2197 tanti
692 2133 774 2216 regis
797 2134 963 2197 clemencia
986 2136 1069 2198 circa
1097 2134 1231 2218 exposita
1259 2133 1454 2199 subditorum

249 2240 395 2324 pericula,
409 2248 567 2306 succurrat
580 2242 702 2305 dextere
715 2248 816 2306 vestre
829 2243 971 2326 potencia
987 2242 1085 2313 nobis,
1098 2243 1161 2326 lupi
1173 2244 1295 2325 rapacis
1308 2243 1454 2307 faucibus

252 2350 472 2432 circumseptis,
500 2352 603 2433 palpet
630 2349 721 2414 beata
747 2371 853 2414 manus
879 2351 967 2432 regia
988 2351 1096 2433 plagas
1118 2357 1238 2414 nostras
1262 2356 1294 2415 et
1316 2351 1453 2423 vulnera,

253 2464 388 2540 ungenta
404 2459 560 2523 salutifera
576 2459 635 2522 illis
652 2459 871 2530 misericordie,
884 2460 1060 2542 priusquam
1071 2459 1191 2523 illorum
1203 2459 1453 2524 saniesmedullis

252 2567 403 2640 inhereat,
420 2568 617 2632 infundendo.

348 2730 472 2796 Garbort,
484 2732 511 2795 2,
524 2731 541 2784 t
556 2731 609 2785 und
623 2731 667 2785 dio
681 2731 812 2801 Erlauger
825 2731 1001 2786 Handsebrift
1015 2730 1135 2802 (Stobbe
1148 2747 1191 2786 no.
1206 2730 1278 2804 258)
1293 2733 1386 2787 baben
1400 2735 1457 2788 dic-

252 2837 300 2875 sen
313 2821 392 2876 Brief
406 2821 614 2884 ausftibrlicher,
635 2822 684 2876 mit
701 2823 750 2876 der
763 2811 945 2878 Uborscbrift:
969 2823 1201 2877 Excellentissimo
1221 2826 1248 2878 et
1266 2825 1456 2894 potentissimo

252 2912 369 2984 principi
383 2914 436 2967 etc.
452 2913 495 2966 Fr.
510 2913 635 2976 Thomas,
651 2912 759 2967 humilis
773 2913 932 2984 peregrinus
944 2911 971 2966 in
984 2913 1161 2974 Hierusalem,
1176 2913 1321 2978 ballianus,
1339 2933 1456 2969 comme·

252 3004 375 3058 atabulus
388 3003 464 3073 regui
479 3004 744 3074 Hierosolymitarum
758 3007 785 3059 et
798 3005 915 3059 vicarius
928 3021 1069 3084 regnorum
1079 3007 1244 3060 Hierusalem
1259 3010 1287 3060 et
1299 3004 1385 3079 Cypri
1399 3015 1450 3061 etc.

251 3093 305 3147 und
325 3093 357 3148 G.
372 3095 461 3148 macbt
475 3110 504 3148 es
519 3095 758 3160 wahrscbeinlich‚
780 3095 843 3149 dass
864 3112 893 3149 er
911 3113 942 3149 aa
963 3097 1051 3168 lldnig
1069 3095 1171 3149 Rudolf
1186 3095 1325 3167 gericbtet
1343 3097 1379 3152 ist
1397 3097 1449 3151 und

253 3187 279 3240 in
292 3184 341 3240 das
356 3183 423 3238 Jabr
437 3183 508 3240 1275
522 3189 627 3257 gebdrt,
639 3188 750 3241 wonacb
764 3203 861 3241 unserc
876 3175 1050 3244 Uberscbrift
1063 3187 1152 3242 falscb
1165 3192 1245 3242 utro.

836 3413 871 3482 2.

256 3591 422 3673 imperator
443 3591 499 3654 tall
521 3590 650 3672 prluclpl
674 3592 883 3673 compeclcnds
912 3593 968 3656 slbl
996 3595 1028 3656 et
1055 3592 1307 3675 comprincipibus
1331 3597 1393 3660 suls
1419 3597 1452 3659 dc

401 3709 404 3712 '
454 3701 709 3781 oppressionum,
728 3719 803 3784 quas
820 3720 838 3764 a
854 3720 924 3782 rege
940 3701 1077 3766 bohemie
1092 3703 1259 3784 paciuntur.

816 3821 895 3876 1276.

346 3968 497 4033 Turbatur
512 3987 572 4031 non
587 3967 736 4032 immerito
754 3969 927 4034 serenitatis
944 3975 1046 4050 nostre
1062 3971 1179 4035 animus
1196 3975 1227 4034 et
1243 3971 1282 4035 ad
1294 3972 1373 4036 iram
1382 3991 1449 4036 con·

256 4079 366 4143 citatur
381 4078 595 4142 vehemencius
620 4098 657 4142 ac
679 4081 763 4142 tanto
786 4077 906 4149 iustius,
931 4083 1042 4161 quanto
1065 4084 1097 4143 te
1115 4084 1146 4143 et
1161 4083 1283 4145 ceteros
1299 4082 1382 4148 sacri
1398 4083 1450 4146 im-

255 4185 331 4270 perii
348 4187 501 4270 principes
519 4192 550 4250 et
565 4185 669 4251 fideles
686 4190 810 4271 propter
826 4184 896 4249 fidei
912 4188 1091 4269 puritatem,
1114 4206 1203 4271 quam
1227 4191 1265 4254 ad
1287 4191 1449 4256 Romanum

256 4299 367 4378 gerunt
382 4294 550 4377 imperium,
567 4291 690 4378 gravius
708 4294 903 4379 perillustris
920 4295 1002 4377 regis
1019 4295 1163 4360 bohemie
1180 4297 1335 4362 rabiosam
1351 4304 1449 4384 tyran·

258 4401 359 4465 uidem
375 4403 591 4486 perpendimus
608 4403 754 4468 tribulari.
774 4403 855 4467 Sane
872 4402 1070 4467 multill'ormis
1088 4403 1258 4471 dilectionis
1275 4408 1408 4474 animum
1423 4412 1449 4474 et

258 4510 410 4584 affectum,
422 4529 512 4594 quem
527 4513 566 4578 ad
582 4518 613 4578 te
626 4516 730 4577 nostra
742 4511 822 4596 gerit
834 4513 994 4586 serenitas,
1008 4517 1147 4578 curantes
1160 4514 1350 4584 ferventibus
1363 4522 1448 4603 atque
