3168 5124
1216 329 1265 400 37

84 510 219 589 quatenns
234 503 265 567 in
279 503 380 589 ipsum
395 511 464 570 vota
479 511 580 572 vestra
598 506 777 572 unanimiter
792 489 987 596 ¹convertatis,
1000 480 1074 587 'quia
1092 503 1181 566 sedes
1199 523 1274 586 apo-

84 613 180 700 stolica
195 615 422 718 promocionem
439 617 503 681 eius
521 617 684 690 desiderat,
702 636 828 700 sperans
846 591 925 700 quod
942 613 1090 687 ecclesie,
1114 632 1162 677 cm
1154 611 1270 708 preli-

83 723 166 796 citur,
192 723 256 787 eius
272 726 428 806 promocio
445 727 546 790 veniat
533 727 600 791 tad
615 727 776 800 honorem,
806 725 945 810 quodque
963 723 1093 788 ecclesie
1110 722 1272 787 universali

82 831 108 896 el
122 833 219 897 domui
235 834 352 898 Israhel
369 814 539 900 ascendens
557 858 593 900 ex
605 837 733 902 adverso
744 856 845 901 murus
862 837 1028 900 ferreust
998 855 1014 897 e
1044 833 1139 897 turris
1152 832 1273 898 fortitu-

83 943 151 1008 dinis
168 941 312 1028 erigatur.
331 947 400 1011 Dat.
416 953 473 1011 etc.

464 1152 619 1218 ιιιιιιιιι
636 1152 673 1217 do
690 1113 863 1216 seitonells.

561 1251 689 1323 pastinatio
702 1279 741 1324 vu
752 1280 793 1337 a).

165 1410 398 1475 Sentenciarum
414 1419 458 1476 tot
480 1395 550 1478 sunt
571 1415 761 1478 diversitates
784 1419 856 1498 quot
877 1418 947 1477 sunt
967 1411 1108 1474 iudicum
1137 1379 1276 1480 Judaeum

89 1517 159 1579 enim
185 1518 236 1581 alii
266 1526 337 1583 sunt
364 1524 535 1595 ordinarii,
564 1523 655 1588 aliit
642 1527 751 1612 itepoi,
715 1523 823 1588 talii
845 1523 958 1588 subdet
959 1522 1053 1609 epoti,
1019 1519 1125 1586 talii
1148 1493 1273 1584 arbitri.

84 1626 176 1709 Capud
193 1631 437 1697 ordinariorum
453 1632 584 1695 iudicum
608 1639 655 1696 est
671 1633 806 1696 dominus
824 1653 910 1715 papa
929 1631 1057 1719 Lepet
1044 1654 1055 1695 ι
1029 1635 1140 1696 tsunt
1154 1629 1207 1701 hii,
1226 1628 1277 1711 qui

86 1735 118 1798 ad
146 1737 280 1820 aliquam
302 1739 488 1821 provinciam
521 1741 689 1823 diriguntur
712 1741 761 1831 ὂ),
784 1742 924 1829 delegati
954 1760 1025 1802 vero
1058 1739 1196 1802 dicuntur
1226 1737 1279 1807 illi,

74 1839 183 1927 *qubus
201 1846 241 1932 e)
261 1869 279 1912 a
298 1849 416 1912 domino
434 1871 511 1932 papa
524 1851 570 1913 vel
583 1850 621 1913 ab
634 1850 691 1914 alio
712 1869 890 1934 quocunque
907 1849 1006 1912 iudice
1024 1847 1232 1924 ecclesiastico
1250 1851 1281 1931 et
1337 1871 1345 1896 ¹

90 1956 229 2023 ordinario
248 1960 424 2025 commissio
443 1961 541 2034 datur,
558 1967 590 2024 ιι
607 1961 644 2024 de
662 1961 772 2025 iudicio
789 1962 836 2024 vel
860 1961 897 2024 de
920 1961 1018 2044 aliqua
1042 1951 1282 2043 cansafso'ognos-
1312 1952 1313 1956 ’

87 2071 146 2130 cant
173 2073 203 2131 et
220 2069 274 2156 ι).
294 2069 494 2133 determinent
514 2069 594 2133 illam
610 2070 660 2157 d).
693 2071 732 2134 Et
749 2071 907 2152 contingit,
937 2068 1016 2153 quod
1043 2068 1120 2131 tales
1150 2067 1281 2148 delegati

86 2192 303 2245 eausamsnam
320 2178 536 2260 subdelegent,
560 2185 590 2241 et
612 2180 687 2242 tales
703 2185 849 2242 vocantur
869 2179 1077 2264 subdelepoti.
1095 2177 1281 2242 -Arbitri

86 2289 146 2348 sunt
174 2285 314 2360 iudices,
348 2289 397 2371 qui
415 2308 451 2350 ex
478 2289 699 2372 approbacione
728 2289 862 2372 parcium
891 2294 921 2351 et
949 2305 1099 2352 consensu
1121 2285 1280 2367 negocium

86 2393 196 2476 aliquod
213 2402 375 2460 assumunt
397 2397 435 2460 ad
459 2381 733 2470 determinandum,
757 2403 884 2481 accepta
907 2395 1069 2460 securitate
1092 2416 1109 2458 ι
1132 2393 1281 2477 partibus,

42 2563 46 2574 ,
89 2503 229 2585 ιιιιιιι
247 2497 438 2570 ordinacioni
455 2512 535 2569 stare
558 2529 618 2570 non
647 2506 813 2588 denegent,
840 2506 888 2569 vel
916 2525 1024 2588 penam
1046 2504 1194 2576 incidant,
1224 2522 1282 2588 qua

85 2608 157 2676 idem
169 2615 330 2680 arbitrium
342 2622 390 2679 est
401 2617 548 2679 vallatum.
558 2655 601 2665 —
614 2617 652 2679 ιιι
664 2616 828 2680 secundum
841 2617 920 2680 hanc
934 2614 1138 2678 diversitatem
1150 2613 1282 2676 indicum

25 2711 26 2770 Ῐ
87 2723 233 2788 formanda
251 2730 325 2788 sunt
340 2725 495 2788 sentencie
513 2725 642 2788 diverse.
1166 2730 1170 2742 '

170 2835 286 2899 Omnes
316 2842 414 2901 autem
443 2836 616 2908 sentencie,
646 2841 788 2919 quantum
816 2835 855 2898 ad
872 2835 990 2899 iudices
1013 2833 1180 2922 ordinarios
1198 2839 1229 2896 et
1244 2811 1351 2919 eyn-w
1368 2815 1421 2836 a..

89 2940 199 3022 legatos
222 2950 254 3007 et
277 2943 511 3026 subdelegatos,
534 2944 565 3006 in
587 2944 687 3007 causis
705 2944 923 3008 ecclesiasticis
956 2949 1007 3006 ιιι
1029 2949 1098 3005 sunt
1114 2944 1283 3029 diffinitive

71 3057 134 3114 ‘aut
148 3054 401 3121 interlocutorio.
435 3055 618 3141 Diffioitiva
635 3061 692 3127 est,
710 3073 767 3138 que
784 3054 816 3117 lit
833 3074 924 3136 super
939 3053 1006 3135 ipso
1024 3053 1152 3134 negocio
1170 3053 1283 3135 princi-

25 3159 26 3162 ’
91 3163 142 3243 pali
157 3183 213 3245 per
229 3184 321 3248 quam
337 3163 463 3248 quilibet
478 3185 548 3227 reus
566 3165 730 3230 absolvitur
749 3165 796 3227 vel
820 3164 1005 3246 dampnatur.
1040 3164 1284 3246 interlocutoria

92 3251 305 3337 sentenciat
256 3280 305 3338 est
322 3275 428 3357 quefit
416 3281 531 3357 tsopcr
545 3273 587 3360 ι)
605 3274 772 3357 emergenti
787 3275 916 3356 negocio
932 3274 980 3336 vel
997 3293 1088 3355 super
1101 3273 1283 3357 excepeiope

93 3382 194 3466 aliqua,
211 3383 392 3481 proposita'
384 3405 413 3444 ιι
431 3383 551 3446 iudicio.
571 3383 720 3447 Sitautem
737 3383 894 3446 sentencia
915 3387 962 3446 est
979 3381 1089 3445 domini
1105 3401 1194 3464 pape,
1218 3373 1284 3442 sine

94 3491 198 3574 scripto
215 3475 343 3555 terenda
360 3473 422 3563 est,
439 3491 522 3576 quod
536 3491 682 3574 contingit
698 3512 766 3580 cnm
782 3491 917 3576 partibus
934 3489 1109 3554 absentibus
1135 3489 1286 3553 sententia

96 3600 182 3664 lemur
196 3622 214 3664 a
232 3600 352 3664 domino
370 3621 464 3684 papa;
487 3606 558 3664 tune
575 3599 682 3684 incipit
694 3601 831 3665 narracio
845 3601 955 3664 domini
968 3619 1046 3682 pape
1063 3599 1287 3662 acommenda·

96 3711 454 3800 cioneoJilliuspersone,
463 3733 521 3796 que
534 3718 581 3775 est
592 3734 647 3796 per
660 3700 724 3777 eins
737 3711 923 3777 sentenciam
940 3711 1287 3795 condempnanda,eom-

96 3801 232 3894 mendans
250 3844 410 3906 personam
427 3823 464 3886 de
480 3824 698 3907 prosecucione
721 3825 794 3888 iuris
818 3823 880 3895 sni,
905 3823 1010 3886 exinde
1032 3810 1176 3887 transfert
1192 3844 1226 3886 se
1249 3822 1287 3886 ad

97 3933 386 3997 commendacionem
401 3954 542 4016 persone,
558 3955 612 4016 pro
631 3955 688 4018 qua
704 3934 829 3998 ferenda
847 3935 894 3996 est
909 3921 1074 4006 sentencia,
1090 3933 1121 3994 in
1136 3931 1196 3996 fine
1214 3953 1288 3996 eon-

99 4041 184 4105 cludit
194 4064 269 4117 rem,
286 4044 324 4107 de
341 4063 399 4128 qua
412 4045 521 4126 agitur,
534 4044 711 4108 adiudicans
725 4065 791 4107 eam
804 4043 854 4106 uni
867 4063 1071 4125 personarum.
1091 4042 1125 4107 Si
1141 4048 1240 4106 autem
1256 4042 1288 4104 in

99 4154 213 4235 scriptis
229 4155 355 4219 ferenda
372 4161 419 4219 est
435 4155 602 4228 sentencia,
620 4155 699 4239 quod
717 4154 865 4238 contingit
881 4173 940 4217 una
955 4143 1040 4236 parte
1057 4152 1201 4228 absente,
1217 4159 1289 4218 tunc

147 4297 151 4306 ’
183 4307 217 4377 α)
230 4305 294 4360 bist.
301 4302 476 4373 vlint-o)
491 4321 505 4356 a
519 4304 622 4358 domino
633 4321 712 4376 papa,
723 4305 826 4358 hocost
840 4319 855 4356 a
867 4303 952 4356 latere
966 4301 1094 4364 eiusdem,
1108 4301 1204 4370 quibus
1218 4299 1288 4353 idem

103 4393 213 4450 dominus
226 4414 297 4469 papa
318 4394 511 4451 iurisdictionis
530 4413 579 4450 sue
598 4395 729 4450 terminos
743 4412 793 4464 pro
809 4411 857 4448 suo
876 4393 1045 4464 beneplacito
1065 4393 1159 4445 minuit
1180 4394 1208 4444 et
1222 4407 1291 4462 aug·

104 4491 195 4542 montet
206 4490 233 4542 Ζ.
249 4519 273 4528 -
287 4489 318 4559 e)
332 4490 373 4541 vel
386 4489 413 4542 Z.
429 4519 461 4526 -
475 4488 508 4558 c)
523 4493 552 4540 ut
565 4489 595 4541 Z.
606 4518 633 4526 -
644 4487 678 4555 d)
694 4489 733 4540 vel
748 4487 912 4541 decidantZ.
922 4516 949 4524 —
959 4484 991 4554 e)
1005 4487 1033 4537 et
1045 4485 1111 4536 ιιιιιι
1119 4485 1145 4536 Ζ.
1158 4514 1184 4523 -
1193 4481 1226 4555 f)
1241 4485 1289 4536 sub

106 4575 186 4652 aliquo
199 4581 227 4635 Z.
242 4611 269 4620 -
282 4582 316 4653 p)
332 4581 366 4634 ad
380 4580 636 4636 commandationem
649 4581 679 4634 V.
