3120 5126
297 263 372 335 loo

293 437 351 501 boc
369 437 502 504 cernitur
518 441 655 505 subiisse.
688 442 769 507 Ecce
786 443 933 536 siquidem
955 441 1289 507 Charesminorum
1313 460 1390 526 gens
1406 462 1492 528 per-

293 543 363 619 ota,
380 546 418 618 de
434 568 487 618 sue
504 549 637 631 regionis
653 549 760 622 tinibus
777 558 901 636 repente
917 551 1090 637 prosiliens,
1114 556 1145 614 et
1166 550 1196 613 in
1217 556 1335 617 tumore
1352 550 1493 640 grandis
1554 606 1556 649 4

294 655 443 728 exercitus
465 662 563 727 terras
589 664 658 729 ante
680 659 790 730 iacisrn
811 680 895 730 suam
917 660 1100 744 depopulans
1132 659 1305 734 universas.
1327 659 1495 728 avitam

293 769 429 834 sanctam
443 764 611 836 Jerusalem
627 765 691 836 diro
708 767 871 838 obsidionis
887 768 1026 850 augustia
1042 769 1211 850 occupavit.
1227 767 1259 836 ia
1274 767 1493 838 christicolas.

292 867 477 937 habitatores
492 873 597 956 ipsius,
620 870 827 940 convertentes
845 897 878 940 se
895 876 932 940 ad
950 878 1020 960 iuge
1036 875 1211 963 presidium,
1234 875 1278 938 sic
1294 873 1495 938 horribiliter

292 981 372 1052 vires
389 982 584 1050 austeritatis
607 983 772 1059 effundens,
794 990 827 1049 ut
850 1005 952 1052 omncs
973 986 1087 1068 pariter
1108 1005 1160 1048 ore
1177 984 1269 1071 gladii
1287 983 1491 1066 degluciens,

293 1089 466 1171 aspersione
483 1092 597 1155 cruoris
614 1103 715 1157 eorum
731 1114 902 1177 camporum
929 1095 1088 1177 planiciem
1114 1094 1258 1164 irroraret
1289 1100 1321 1162 et
1335 1131 1381 1148 *—
1397 1090 1512 1179 quod,

172 1215 173 1222 ¹
292 1197 402 1262 intima·
417 1200 571 1264 amarioris
594 1203 689 1266 nostri
711 1204 812 1266 cordis
833 1203 961 1267 tristicie
983 1202 1043 1268 telo
1066 1204 1135 1266 ierit
1157 1222 1335 1285 omnemque
1357 1200 1491 1264 fidelem

293 1307 405 1371 offense
422 1309 532 1374 dehent
546 1311 719 1376 inmanitate
736 1332 927 1396 conpungere
945 1351 983 1363 -
1003 1312 1041 1376 ad
1057 1317 1194 1376 sanctum
1209 1311 1487 1394 venerandumque

292 1418 483 1500 sepulchrum
500 1420 662 1484 salvatoris
690 1423 797 1485 suroris
820 1425 941 1486 extensa
961 1422 1006 1486 ira
1028 1422 1108 1486 etin
1130 1423 1227 1504 ipsum
1249 1440 1339 1484 manu
1362 1418 1487 1482 iniecta
1558 1491 1559 1494 Ἴ

293 1527 451 1609 sacrilega,
467 1529 538 1592 iilud
553 1531 648 1611 proch
665 1531 763 1594 dolori
780 1532 926 1596 asseritur
941 1532 1080 1604 violasse,
1093 1537 1126 1596 ut
1140 1529 1230 1594 animi
1243 1531 1291 1592 sui
1305 1528 1425 1593 rabiem
1443 1547 1485 1590 eo

293 1636 451 1718 ardencius
468 1637 510 1701 ad
522 1637 633 1701 Christi
650 1640 858 1703 contumeliam
872 1640 1079 1704 inflammaret.
1096 1641 1152 1713 iia,
1167 1658 1258 1723 quem
1277 1637 1397 1701 fidelem
1419 1643 1491 1701 tarn

294 1744 369 1809 dura
384 1751 489 1810 sancte
511 1751 591 1811 terre
613 1749 768 1830 oppressio
791 1769 851 1816 non
873 1749 997 1834 aitligit!
1021 1748 1071 1822 ha,
1094 1768 1183 1833 quem
1210 1747 1419 1810 christicolam
1437 1751 1488 1809 tot

177 1867 221 1912 Μ.
233 1860 325 1919 ³¹1¹·et
340 1859 400 1918 tam
423 1859 540 1918 atroces
562 1855 669 1920 iniuria
684 1857 758 1921 Jesu
773 1855 886 1924 Christi
907 1879 966 1922 non
987 1863 1126 1943 poterunt
1147 1859 1352 1921 commovere!
1377 1853 1490 1918 Relin-

295 1968 440 2046 quetnrne
457 1964 556 2044 gentis
572 1964 650 2028 riiius
675 1965 811 2052 impietas
839 1967 957 2051 inpunis
985 1972 1016 2030 et
1041 1964 1265 2050 permitteretur
1280 1963 1321 2050 a)
1337 1981 1491 2026 mucrone

294 2071 387 2135 libero
405 2072 562 2136 desevire?
584 2072 691 2136 Nonne
708 2080 812 2138 contra
828 2075 925 2158 ipsam
941 2074 1113 2139 devocionis
1131 2074 1195 2137 zelo
1216 2093 1301 2136 mens
1318 2071 1491 2136 Christiani

238 2223 241 2230 ·
295 2180 454 2254 cuiuslibet
474 2183 675 2256 ascendetur.
701 2183 851 2256 munietur
871 2183 1044 2256 wastensis
1066 2185 1171 2268 clypco
1195 2187 1226 2254 ct
1240 2182 1364 2252 dextera
1380 2199 1489 2244 arma-

293 2288 373 2362 bitur
389 2289 489 2372 gladio
504 2290 651 2360 arenoso
666 2291 793 2374 Expedit
808 2292 899 2374 igitur
915 2291 1015 2374 gentis
1030 2292 1166 2364 duodeni
1180 2290 1321 2374 potencia
1335 2293 1486 2371 potenter

295 2403 326 2472 st
360 2398 459 2472 talltsr
493 2398 666 2480 inpugnari.
710 2421 748 2470 nc
785 2401 823 2472 ad
858 2401 981 2472 aliarum
1023 2397 1288 2482 snamlniunt)
1318 2397 1485 2478 regionum

294 2525 470 2589 praessum
484 2506 597 2578 habore
608 2508 703 2580 valcat
718 2509 896 2592 expeditum.
914 2508 1217 2578 Univorsitatern
1231 2507 1332 2588 itaque
1348 2510 1485 2577 aaaron

296 2634 467 2689 monemus,
503 2633 644 2696 rosanus
675 2623 705 2687 ot
735 2617 890 2689 hortamur
919 2623 1048 2689 attento,
1085 2635 1141 2698 por
1171 2615 1336 2698 aposmlioa
1367 2614 1484 2706 scrpta

297 2722 541 2796 trstsrnitsti
563 2729 694 2796 vestro
710 2726 896 2799 mandamns.
914 2731 1061 2810 quatenus
1077 2763 1121 2780 --
1138 2724 1327 2794 considerato
1344 2721 1479 2806 mcum

296 2833 375 2918 quod
392 2852 459 2905 ooot
473 2831 603 2906 trelius
619 2853 740 2906 suorum
754 2853 882 2916 rasum
894 2856 949 2901 vos
964 2835 1129 2918 profecerit
1142 2834 1287 2905 Dominus
1304 2831 1477 2903 ostansa,

297 2963 333 3014 so
364 2962 478 3024 supero
507 2939 596 3013 tucn
626 2940 823 3016 katholicam.
860 2949 892 3017 ot
923 2943 1135 3014 conchoretnr
1165 2962 1202 3012 as
1232 2939 1482 3024 propagatoris

298 3051 438 3124 cordibus
465 3051 618 3124 hominum
641 3089 686 3107 -v
712 3052 818 3134 prelati
846 3053 973 3125 ceteris.
1003 3073 1047 3122 sr
1073 3051 1209 3120 oiiioio
1239 3048 1484 3132 propensius

297 3161 481 3235 tenemini
502 3161 709 3245 postorali.
732 3160 911 3244 navimque
928 3167 1027 3234 restro
1043 3181 1133 3244 saper
1148 3161 1206 3232 hoo
1222 3158 1262 3230 ab
1277 3178 1316 3226 eo
1329 3158 1367 3245 c)
1383 3157 1487 3239 aesli-

298 3272 405 3352 mucio
432 3291 492 3342 con
523 3269 669 3342 inmerito
703 3269 862 3350 punietur.
899 3271 957 3338 nisi
991 3270 1023 3337 ia
1056 3289 1233 3342 succussor
1264 3273 1346 3342 ane
1377 3271 1487 3338 sancte

297 3383 580 3454 conoscimento
596 3376 694 3460 scobs
711 3376 864 3459 poridlsm
880 3378 1008 3449 iorvcmi
1028 3379 1124 3448 anino
1149 3382 1356 3460 assurgentes.
1374 3375 1485 3458 siesse

296 3489 329 3562 oi
343 3487 507 3560 efficaciter
518 3487 549 3558 in
559 3491 642 3558 tonte
658 3486 987 3558 occossltatis'articslo
1004 3486 1165 3558 subvenire
1182 3488 1305 3566 corais,
1329 3490 1482 3570 nasicam

298 3603 400 3670 vestro
415 3597 596 3679 chorumque
613 3594 749 3666 subsidio
765 3595 801 3665 de
817 3595 936 3677 pollutis
952 3594 1113 3666 infidelium
1129 3595 1267 3668 morbus
1283 3595 1361 3678 cripi
1383 3594 1485 3666 vslost

298 3711 342 3778 rt,
358 3707 474 3776 brento
486 3705 625 3777 hunino.
638 3703 773 3775 totaliter
784 3703 905 3774 restitui
916 3705 1026 3786 popolo
1049 3704 1214 3776 christino
1230 3709 1261 3770 ct
1276 3708 1339 3774 tan
1352 3721 1409 3786 prr
1425 3721 1483 3774 vos

299 3833 392 3900 aaut
403 3833 457 3896 por
473 3813 559 3885 alios.
573 3831 650 3896 qnos
665 3813 703 3882 ad
718 3813 777 3882 hoo
798 3832 866 3882 osas
888 3813 1089 3894 cognoveritis
1112 3813 1258 3894 ydoneos,
1278 3815 1485 3894 proponentes

298 3924 380 3994 iaxta
396 3922 497 3992 man
509 3920 594 3991 vobis
611 3941 629 3990 a
644 3920 709 3990 Deo
723 3920 917 4003 prudenciam
933 3940 991 4010 por
1003 3925 1121 3992 vostras
1138 3919 1276 3990 civitates
1290 3920 1484 4003 advocares

300 4030 412 4102 Christi
427 4028 564 4100 tontibus
580 4028 706 4098 verbum
720 4029 839 4100 crocis,
851 4029 1004 4112 meosque,
1020 4035 1055 4100 ut
1068 4029 1107 4096 ad
1123 4030 1359 4099 succurrendum
1382 4027 1484 4099 siden

300 4145 405 4210 contra
420 4140 566 4222 proiciam
583 4142 703 4220 gentem
719 4143 872 4221 assumpto
887 4137 985 4204 orsus
997 4138 1152 4220 signaculo
1165 4138 1306 4208 celeritas
1315 4142 1346 4207 ct
1356 4135 1485 4208 vatins

300 4269 336 4318 se
351 4248 525 4331 sedarent„
537 4246 658 4316 olenus
676 4251 707 4314 rt
727 4245 839 4312 sodubs
862 4245 1119 4330 exhortacionibus
1141 4246 1299 4316 bassos
1321 4245 1386 4316 Nos
1403 4243 1485 4316 cna

393 4467 427 4537 c)
441 4465 647 4537 permittaturru
660 4465 741 4518 lesen.
759 4493 786 4503 -
801 4463 1010 4530 bJexterminum
1029 4463 1050 4517 V
1069 4494 1097 4504 -
1125 4464 1156 4533 e)
1173 4464 1298 4519 abesam
1307 4461 1399 4524 aanor
1408 4463 1440 4520 li.
1452 4492 1483 4510 -v
