3168 5124
331 313 380 388 lu

318 486 390 560 tali,
420 488 468 552 rel
499 487 587 561 duci,
618 489 666 552 rel
696 487 861 556 marchioni
891 489 960 554 talis
995 492 1076 552 terre
1107 485 1238 568 gratiam
1265 504 1353 550 suam
1378 492 1410 552 et
1433 507 1508 553 omne

320 595 442 662 bonnm.
476 597 530 662 Sic
557 598 648 662 etiam
674 606 802 681 possunt
828 597 962 664 scribere
992 595 1155 662 maioribus
1188 595 1328 678 personis
1361 597 1393 660 in
1425 598 1511 674 clero,

320 707 373 790 qui
406 713 478 772 sunt
508 705 540 770 in
584 707 771 774 districtibus
799 708 958 792 legationis
981 726 1046 772 sue.
1079 705 1192 770 Omnes
1214 724 1308 778 vero,
1330 704 1383 787 qui
1403 707 1511 770 suntin

318 815 415 897 ipsius
435 813 626 880 dedicabis
641 816 849 900 cuiuscunque
870 816 982 880 luennt
1003 813 1200 887 conditionis,
1222 812 1328 876 clerici
1350 813 1414 878 sire
1432 814 1511 898 layci,

318 925 419 1007 ipsum
449 930 621 1008 preponunt
646 925 678 988 in
704 925 899 997 mantione,
929 923 1064 988 vocando
1096 942 1165 986 eum
1195 923 1344 988 illustrem
1375 922 1512 988 dommum

317 1052 406 1098 suum
428 1040 460 1097 et
480 1032 587 1098 dicim
602 1033 631 1098 ei
647 1032 797 1116 condigne
813 1032 980 1098 reverentie
997 1031 1189 1104 famulatum,
1212 1032 1288 1098 alias
1304 1051 1395 1106 vero,
1411 1031 1460 1100 ubi
1476 1034 1513 1123 a)

318 1161 378 1208 oon
395 1143 531 1227 iungitur
546 1141 645 1208 cilicio
661 1143 838 1226 legationis,
855 1142 962 1207 scribit
976 1163 1011 1206 se
1027 1141 1204 1225 simpliciter
1218 1148 1375 1228 unquam
1389 1142 1511 1208 marchio

318 1251 367 1316 vel
384 1251 454 1317 dun

411 1378 585 1444 Notandum
599 1379 701 1451 etiam,
717 1379 798 1463 quod
814 1385 862 1442 est
877 1376 1044 1442 differentia
1064 1377 1145 1442 iuter
1160 1379 1348 1466 prinoipem
1362 1386 1402 1446 ct
1418 1385 1514 1470 preci·

319 1488 410 1554 dcm:
421 1489 580 1575 princepe
595 1495 653 1560 est,
669 1489 721 1571 qni
736 1488 801 1551 iure
818 1487 999 1550 hereditario
1017 1487 1055 1550 ad
1067 1487 1166 1550 minus
1180 1487 1275 1551 habet
1290 1509 1384 1553 unam
1400 1495 1511 1561 terram,

314 1617 430 1684 preses
459 1603 524 1669 est,
555 1598 606 1681 qui
636 1604 753 1661 tantmu
786 1597 986 1660 demandato
1013 1596 1204 1678 imperatoris
1227 1598 1279 1660 uni
1307 1599 1357 1662 vel
1390 1599 1515 1682 pluribus

316 1706 479 1788 provinciis
501 1713 605 1788 preest
630 1707 676 1770 vel
703 1706 838 1788 presidet
865 1706 904 1769 ad
930 1712 1067 1787 tempus,
1092 1706 1172 1769 sicut
1192 1707 1326 1772 faciebat
1349 1709 1468 1791 Pylatus
1490 1709 1516 1770 in

209 1814 418 1879 rosseiuoea
436 1834 491 1897 pro
504 1815 634 1898 'l'yberio
651 1817 772 1879 Cesare.
790 1815 912 1878 Romani
930 1835 1050 1898 quoqne
1066 1819 1222 1879 senatores
1238 1823 1270 1880 et
1285 1819 1418 1900 prefecti
1433 1818 1517 1890 urbis,

320 1925 373 2008 qui
395 1925 526 2007 pretorie
548 1932 689 2007 preerant
708 1925 851 2007 potestati
872 1925 1051 1988 auctoritate
1073 1931 1196 1988 senatus
1219 1931 1252 1989 et
1271 1928 1463 2008 protectore,
1487 1933 1514 1990 ct

321 2034 390 2117 quia
405 2035 500 2098 Roma
516 2039 599 2097 esset
614 2040 706 2115 capot
720 2033 812 2097 totins
828 2031 941 2104 mundi,
958 2054 992 2095 se
1008 2032 1145 2096 onlnibus
1160 2034 1350 2118 principibus
1373 2055 1514 2120 prepone-

316 2143 389 2207 bant
410 2151 493 2208 extra
514 2162 642 2225 papam,
668 2142 891 2224 imperatorem,
912 2142 1145 2236 imperatricem.
1179 2144 1243 2210 Sed
1265 2147 1411 2228 qnoniam
1434 2147 1513 2210 modo
1549 2145 1550 2148 ’

316 2255 397 2317 lactu
413 2258 461 2317 est
475 2252 557 2316 velut
571 2252 695 2324 ancilla,
717 2270 776 2336 que
793 2250 942 2334 quondam
957 2251 1015 2315 luit
1029 2251 1140 2324 libera,
1162 2262 1304 2319 cessante
1326 2277 1411 2320 nunc
1427 2275 1511 2320 causa

315 2363 448 2428 cessavit
477 2360 622 2433 effectus,
653 2361 732 2425 unde
764 2361 843 2424 sicut
874 2360 968 2423 duces
1001 2361 1046 2423 vel
1078 2362 1269 2426 marchiones
1297 2366 1390 2430 modo
1421 2366 1459 2429 de
1486 2385 1514 2427 se

315 2471 467 2536 scribunt:
502 2473 625 2548 ,lnclito
642 2471 771 2554 principi
799 2490 836 2533 ac
859 2470 977 2532 domino
999 2471 1035 2532 H.
1051 2471 1108 2533 Dei
1130 2472 1228 2552 gratia
1246 2473 1362 2555 Sycilie
1379 2475 1464 2558 regi,
1479 2475 1512 2537 ld.

315 2583 422 2646 eadem
437 2583 535 2664 gratia
550 2583 627 2645 alme
644 2580 727 2644 urbis
743 2581 790 2643 vel
806 2598 939 2644 summus
956 2585 1078 2642 senatur
1100 2581 1146 2643 vel
1166 2583 1325 2663 prelectus
1344 2586 1515 2649 salutemet

315 2692 522 2775 prosperitatis
548 2689 735 2755 obtentum“.
753 2727 798 2738 -
814 2689 867 2752 Sic
883 2687 1019 2753 scribunt
1034 2689 1226 2754 inferioribus
1243 2693 1307 2756 suis
1335 2700 1401 2758 tam
1427 2693 1513 2777 laycis

314 2821 403 2886 quam
429 2801 549 2865 clericis
577 2797 826 2883 quemadmodum
842 2797 935 2860 duces
962 2799 1008 2861 uel
1036 2799 1243 2873 marchiones,
1273 2807 1307 2866 ut
1335 2805 1519 2868 dictumest

312 2913 451 2995 superius
474 2912 506 2974 in
525 2910 585 2972 hac
607 2915 714 2993 quarta
735 2907 845 2972 tabula.
863 2908 1063 2971 -Ceterum
1085 2908 1155 2991 quia
1178 2913 1319 2975 consules
1351 2915 1514 2983 civitatum,

312 3021 504 3086 castellorum
520 3040 575 3083 seu
591 3019 726 3081 uillarum
740 3017 772 3079 in
787 3016 898 3079 nostris
915 3037 975 3078 non
990 3015 1140 3081 habentur
1154 3019 1263 3091 terris,
1280 3020 1350 3084 ideo
1367 3023 1451 3105 apud
1467 3041 1514 3084 nos

312 3151 372 3196 non
387 3137 435 3194 est
450 3151 523 3194 usus
539 3127 693 3192 scribendi
707 3125 790 3208 ipsis.
824 3125 1035 3189 Verumtamen
1056 3126 1082 3188 si
1099 3128 1255 3211 contingat
1275 3130 1320 3194 eis
1344 3131 1385 3194 de
1410 3131 1515 3195 nostris

311 3240 447 3305 terminis
478 3237 543 3302 deri
573 3237 770 3319 legationem,
802 3233 912 3298 debent
942 3235 1014 3317 poni
1044 3241 1169 3320 tanqum
1200 3237 1331 3302 barones
1365 3247 1513 3304 terrarum

313 3357 483 3415 nostrarum
503 3354 534 3411 et
554 3348 614 3410 hoo
636 3366 696 3412 non
717 3366 754 3408 ex
775 3351 855 3417 arte,
880 3344 935 3407 sed
956 3344 1057 3426 potins
1079 3348 1309 3421 consuetudine,
1333 3369 1396 3434 que
1413 3351 1471 3415 arti
1486 3349 1512 3411 in

312 3459 413 3524 multis
429 3457 607 3541 preiudicat.

615 3713 657 3778 lle
680 3711 785 3796 qma
808 3709 911 3775 tabula
934 3707 1215 3796 salutamen-1⁶).

402 3919 474 3983 Viso
495 3914 533 3980 de
557 3918 664 3998 quarta
680 3909 793 3981 tabula,
810 3927 890 3973 nunc
913 3907 1098 3974 subinfertur
1120 3911 1221 3975 ultimo
1243 3912 1307 3976 sive
1335 3916 1455 3998 quinta.
1487 3916 1516 3980 ln
1572 3959 1573 3992 2

312 4029 416 4114 quinta
431 4025 533 4092 tabula
549 4025 686 4096 docetur,
703 4019 852 4106 quomodo
868 4019 1027 4102 populares
1045 4041 1079 4084 se
1095 4022 1225 4087 salutent
1240 4041 1337 4108 usque
1353 4026 1396 4090 ad
1414 4045 1517 4091 servos

312 4138 411 4223 glebe.

402 4267 519 4335 Mariti
532 4285 655 4332 uxoreo
671 4261 818 4328 uolutant
834 4263 866 4324 ut
882 4239 1033 4342 principes
1050 4279 1156 4324 uxores
1174 4281 1244 4326 suns
1261 4268 1366 4346 preter
1382 4264 1517 4350 impera·

312 4387 423 4452 torem,
452 4378 489 4442 de
513 4395 572 4461 quo
595 4370 765 4457 predictum
790 4373 852 4441 est;
878 4369 922 4432 sic
944 4368 1094 4434 scribunt:
1122 4371 1226 4436 lnclite
1254 4392 1290 4436 ac
1326 4374 1514 4457 preamande

402 4560 435 4630 n)
455 4558 501 4615 ubi
519 4556 589 4612 fehlt
607 4554 638 4609 V.
650 4580 687 4591 —
699 4551 732 4617 l)
753 4547 894 4605 Distinclio
906 4548 961 4615 Vll,
971 4565 1012 4603 am
1031 4549 1122 4605 Raude
1141 4551 1172 4606 V.
1183 4553 1212 4608 V.
1227 4555 1281 4608 und
1296 4553 1323 4609 Z.
