3168 5124
1213 355 1258 427 51

170 540 326 625 Perpetua
355 542 400 599 est
428 537 492 607 illa,
523 556 580 618 que
608 535 666 598 hoc
684 535 828 598 vocabulo
854 537 1037 615 „perpetuo“
1062 534 1265 613 perpetuetur,

88 648 261 732 temporalis
283 650 331 708 est
352 646 417 717 illa,
440 665 498 728 que
521 644 566 706 sui
589 644 697 708 valoris
719 649 836 725 tempus
865 641 998 705 eontinet
1026 638 1265 708 determinatum,

91 754 267 819 reeoeadilis
284 759 330 816 est
355 754 414 826 illa,
438 774 496 837 que
514 751 629 836 tempus
647 752 876 814 determinatum
896 772 955 813 non
983 748 1131 818 continet,
1159 747 1213 808 sed
1231 766 1266 807 ex

87 863 173 924 dantis
197 862 383 944 beneplacito
412 869 580 935 revocatur,
599 867 629 925 et
644 862 685 924 ibi
703 862 741 923 de
763 861 863 922 valore
881 857 1022 941 temporis
1040 855 1130 920 nichil
1147 855 1265 918 dicitur.

164 971 223 1032 Hee
254 979 323 1033 sunt
351 972 389 1034 de
418 971 612 1054 indulgentiis
640 971 744 1052 regule
774 970 941 1050 generales.
975 967 1072 1051 Primo
1102 965 1268 1034 sciendum,

87 1079 158 1160 quod
188 1080 283 1142 omnis
315 1079 500 1161 indulgentia
532 1081 623 1143 debet
659 1079 845 1161 prohemium
883 1077 1037 1140 continere
1075 1071 1270 1156 subsequenti

86 1189 198 1251 materie
236 1209 418 1253 consonum:
459 1190 543 1252 verbi
560 1189 674 1272 gratia,
708 1189 734 1250 si
752 1187 900 1250 scribatur
916 1186 953 1247 ad
970 1183 1199 1246 veneracionem
1215 1181 1271 1244 ali·

90 1295 163 1357 euius
175 1297 306 1360 martiris
314 1299 360 1359 vel
375 1297 559 1361 confessoris
572 1298 619 1359 vel
633 1297 729 1359 sancti
744 1296 913 1367 cuiuslibet,
921 1293 1101 1376 premittitur
1109 1289 1192 1378 aJue
1207 1290 1271 1353 eius
1281 1302 1325 1344 Μ·
1334 1301 1358 1345 ¹⁶
1370 1315 1388 1340 ¹·

87 1403 163 1467 laude
180 1411 209 1468 et
226 1406 322 1486 gloria
340 1405 400 1467 sic:
428 1407 499 1488 „qui
522 1411 569 1469 est
590 1405 747 1468 laudabilis
771 1411 801 1469 et
823 1403 971 1484 gloriosus
993 1401 1024 1464 in
1048 1401 1160 1465 sanctis
1177 1400 1271 1462 suis“.

87 1511 191 1576 Deinde
209 1514 382 1577 exhortacio
395 1515 432 1576 ad
445 1515 560 1587 fideles,
574 1520 606 1576 ut
618 1515 656 1577 ad
669 1513 735 1575 talis
750 1511 790 1599 ὁ)
805 1513 901 1575 sancti
913 1511 1079 1594 patrocinia
1096 1509 1275 1572 conveniant

85 1620 199 1693 inlidis,
218 1628 249 1685 et
263 1628 371 1704 postea
388 1622 580 1704 subiungitur
596 1623 711 1684 fructus
728 1621 839 1684 laboris
862 1640 917 1682 seu
945 1619 1124 1691 elemosine,
1142 1637 1199 1702 que
1218 1617 1274 1680 erit

84 1728 140 1812 ipsa
155 1729 351 1811 indulgentia.
369 1769 413 1779 -
430 1732 503 1793 Item
520 1731 546 1793 si
563 1731 705 1794 scribitur
721 1752 774 1813 pro
791 1730 890 1812 aliqua
913 1728 1059 1820 ecclesia,
1082 1727 1293 1790 scribendum

85 1845 124 1900 est
138 1843 234 1901 utrum
252 1840 290 1901 de
316 1860 392 1902 novo
415 1845 536 1921 surgat,
563 1840 610 1902 rel
634 1840 674 1902 sit
695 1839 870 1922 antiquitate
894 1837 1008 1910 diruta,
1036 1837 1082 1899 rel
1106 1836 1272 1902 combusta,
1322 1897 1325 1902 .

87 1947 145 2028 quia
162 1946 329 2010 secundum
341 1947 399 2010 hoc
413 1949 487 2010 alius
506 1947 543 2035 ο)
560 1949 665 2010 modus
684 1949 749 2011 erit.
767 1949 850 2018 item,
868 1946 993 2034 sicutd)
1011 1946 1122 2009 dictum
1135 1951 1192 2015 est,
1209 1965 1275 2006 om-

85 2055 123 2117 nis
134 2055 324 2137 indulgencia
337 2057 527 2130 revocabilis,
535 2056 705 2138 temporalis
722 2057 769 2119 vel
784 2063 937 2138 perpetua.
957 2055 991 2119 Si
1008 2061 1055 2117 est
1066 2059 1210 2137 perpetua
1225 2053 1273 2140 e),

84 2172 145 2227 tunc
160 2165 226 2228 finis
241 2171 290 2228 est
307 2165 516 2247 „presentibus
533 2172 678 2248 perpetuo
695 2165 847 2227 valituris“
857 2186 866 2237 ;
884 2164 909 2226 si
927 2171 974 2226 est
989 2163 1173 2245 temporalis,
1190 2161 1272 2240 finis:

32 2343 33 2362 ἶ
86 2273 286 2354 „presentibus
304 2247 358 2356 pei
374 2273 525 2336 biennium
541 2274 708 2345 valituris“‚
727 2274 753 2336 si
770 2280 817 2336 est
832 2272 1021 2343 revocabilis,
1040 2273 1077 2334 de
1093 2272 1193 2334 valore
1208 2271 1272 2332 eius
1381 2349 1385 2357 ‚

32 2365 34 2458 l
84 2381 166 2444 nichil
182 2382 311 2445 dicetur.
320 2365 375 2444 Est
391 2388 490 2445 autem
504 2388 535 2445 et
546 2383 625 2445 aliud
642 2397 737 2464 genus
754 2358 1015 2464 ihdulgentiarum
1030 2381 1109 2464 quod
1123 2380 1177 2443 soli
1194 2364 1285 2462 pape¹

32 2495 33 2506 ¹
84 2491 230 2562 convenit,
255 2491 335 2575 quod
353 2491 409 2554 alio
428 2491 546 2554 nomine
563 2492 755 2575 prerogativa
776 2491 879 2554 vocari
901 2495 1018 2572 potest,
1041 2489 1182 2553 videlicet
1205 2508 1272 2550 eum

81 2617 148 2681 papa
162 2599 346 2682 pontificalia
364 2600 492 2680 insignia
508 2600 644 2682 indulget
660 2601 747 2663 alicui
765 2599 866 2664 abbati
882 2599 928 2662 vel
948 2598 984 2686 f)
1002 2599 1154 2681 preposito
1172 2597 1272 2677 eccle,

84 2707 207 2780 siastico,
223 2708 305 2792 quod
317 2709 499 2790 permittitur
512 2709 556 2771 eis
569 2710 599 2772 in
612 2710 712 2772 inlirlis
725 2711 770 2772 vel
785 2711 815 2772 in
828 2709 893 2771 aliis
905 2709 1039 2772 vestibus
1052 2707 1271 2791 pontificalibus

83 2816 236 2880 celebrare.
271 2818 309 2880 Et
325 2818 382 2880 hee
399 2817 590 2900 indulgencie
607 2819 670 2882 sire
687 2819 877 2900 prerogativa
896 2819 1061 2882 secundum
1077 2837 1271 2900 personarum

83 2930 108 2985 et
127 2926 323 2989 ecclesiarum
346 2926 523 3016 dignitatem
545 2933 672 3009 possunt
694 2947 711 2990 a
733 2927 865 2991 discreto
895 2929 1010 3022 notario
1028 2926 1158 2990 formari.
1182 2926 1222 2988 Ut
1244 2925 1269 2986 si

83 3033 159 3096 alicui
182 3035 275 3098 infula
298 3036 490 3108 conceditur,
514 3056 572 3118 que
594 3036 713 3119 proprie
737 3042 784 3111 est
805 3037 912 3120 capitis
935 3043 1066 3107 ornatus,
1084 3034 1270 3118 prohemium

83 3143 225 3220 materiam
242 3164 327 3206 suam
344 3144 466 3207 habebit
482 3145 519 3208 ab
537 3166 590 3216 eo;
614 3145 698 3208 verbi
721 3144 834 3226 gratia:
866 3145 937 3228 „qui
960 3151 1006 3209 est
1028 3121 1117 3228 caput
1140 3141 1270 3206 ecclesie

84 3256 109 3312 et
134 3273 244 3342 corona
262 3254 472 3316 cenantium.
504 3254 543 3317 Et
565 3254 591 3314 si
608 3254 740 3317 sandalia
757 3256 973 3327 conceduntur,
991 3274 1048 3337 que
1065 3254 1185 3337 proprie
1202 3260 1271 3318 sunt

84 3361 182 3438 pedum
199 3362 340 3442 insignia,
357 3362 542 3443 prohemium
559 3362 712 3425 materiam
730 3384 813 3425 suam
830 3363 985 3428 habebita
1006 3362 1151 3446 pedibus;
1186 3363 1272 3425 verbi
1369 3368 1383 3391 ’

85 3469 188 3544 gratia:
223 3469 340 3550 „Quam
354 3470 396 3555 p)
423 3471 556 3554 speciosi
582 3473 677 3554 pedes
709 3473 987 3554 ewangelizantium
1013 3492 1136 3554 pacem,
1169 3491 1272 3534 ewan-

86 3576 267 3654 gelizantium
283 3578 396 3652 bona“,
417 3579 444 3666 1)
462 3586 494 3643 ut
511 3580 617 3642 similia
634 3580 778 3644 similibus
796 3581 1006 3662 congaudeant
1029 3586 1059 3644 et
1075 3580 1270 3642 concordent.

87 3684 115 3746 Si
149 3694 248 3749 autem
277 3687 382 3770 aliquis
410 3689 574 3752 secundum
612 3709 697 3751 usum
730 3690 940 3752 modernorum
973 3689 1141 3751 huiusmodi
1175 3689 1272 3751 indul-

86 3794 194 3871 gentias
211 3797 301 3858 vellet
322 3795 479 3878 privilegia
502 3783 663 3880 appellare,
687 3819 747 3878 npn
768 3804 926 3879 peccaret,
955 3797 1107 3881 pulchrius
1124 3802 1224 3859 tamen
1242 3803 1283 3859 et·

86 3903 176 3964 terius
193 3904 396 3986 indulgentias
412 3906 602 3988 appellamus.

169 4083 202 4152 a)
222 4085 392 4153 promereor
411 4085 438 4136 z.
458 4117 488 4127 -
512 4085 543 4152 a)
564 4102 578 4138 a
597 4085 643 4137 tau
662 4085 691 4138 v.
716 4114 744 4124 -
768 4084 799 4153 ο)
816 4086 883 4139 auus
897 4090 924 4140 a
941 4085 1007 4140 airus
1020 4087 1048 4138 z.
1064 4115 1092 4125 -
1108 4084 1142 4154 a)
1160 4059 1181 4137 ir
1195 4086 1224 4138 v.
1237 4115 1273 4126 --

89 4170 117 4237 e)
130 4188 150 4223 s.
164 4189 186 4226 e.
201 4191 229 4244 p.
242 4172 310 4226 fehlt
322 4173 352 4227 V.
371 4204 398 4212 —
413 4172 445 4243 f)
459 4174 500 4228 vel
515 4172 573 4230 aliis
592 4174 703 4246 prelatis
720 4174 1000 4246 ecclesiasticisquod
1020 4174 1047 4227 Z.
1070 4205 1098 4214 -
1119 4176 1273 4247 pipulehri
1350 4217 1362 4242 ,

90 4275 164 4330 super
193 4265 398 4335 rnontespedes
418 4265 445 4317 Z.
550 4287 552 4292 ’

91 4431 404 4449 Ἢ

122 4565 143 4623 ¹)
155 4570 193 4626 Ep.
206 4571 269 4617 Pauli
281 4575 308 4618 ad
322 4575 385 4619 llum.
399 4574 436 4628 10,
450 4581 483 4620 ¹⁵.
