3096 5128
59 490 213 555 quaquam
242 472 430 538 subiciamus
453 474 607 537 exsolvere
624 473 777 545 actiones,
806 495 858 538 eas
885 479 1002 546 tamen,
1032 496 1106 559 quas
1129 475 1262 540 universi

60 583 161 645 nostri
183 582 311 647 affectus
340 588 371 646 et
399 583 488 646 animi
509 583 589 646 vires
613 589 755 664 possunt,
779 584 978 648 dominacioni
1000 591 1101 649 vestre
1124 585 1262 650 duximus

61 692 255 765 referendas,
278 713 353 776 pura
374 698 406 756 et
427 694 510 758 clara
532 691 723 756 confessione
746 693 778 756 in
799 695 892 758 vestri
910 695 1032 758 honoris
1049 695 1175 778 tytulum
1195 715 1264 759 cum

61 803 175 884 gaudio
192 803 382 886 prolitentes,
403 824 457 868 nos
475 809 505 866 et
521 809 640 867 nostros
657 823 712 885 pro
729 805 804 866 tanti
820 804 885 866 fore
902 803 1042 867 beneficii
1059 803 1160 868 debito
1178 803 1264 868 vobis

62 931 182 975 exnunc
213 910 413 992 obligacionis
442 919 587 994 perpetue
616 910 761 974 obnoxios
792 909 955 975 debitores.
979 911 1105 983 Verum,
1120 913 1264 997 quamvis

60 1038 123 1081 non
148 1021 245 1084 solum
268 1021 298 1082 in
319 1021 378 1082 boc
401 1021 476 1083 tanti
492 1020 614 1083 honoris
632 1019 727 1084 nostri
744 1021 889 1102 negocio,
914 1021 969 1084 sed
987 1021 1083 1084 eciam
1099 1019 1182 1084 circa
1198 1019 1266 1084 uni·

59 1148 152 1192 versa
169 1127 332 1212 obsequia,
358 1128 515 1191 commoda
538 1134 569 1190 et
591 1128 781 1212 beneplacita
799 1133 902 1193 vestra
917 1134 998 1192 totos
1016 1149 1070 1192 nos
1089 1129 1220 1193 subdere
1237 1132 1383 1191 atrones..

61 1255 215 1320 exponere
240 1255 354 1300 summo
379 1236 529 1299 desiderio
553 1237 741 1308 ferveamus,
771 1237 841 1322 quia
864 1242 965 1301 tamen
988 1237 1019 1303 in
1041 1240 1099 1301 hac
1121 1244 1207 1320 parte
1231 1238 1268 1300 de

63 1344 170 1408 oblata
186 1345 378 1408 assumcione
395 1344 486 1407 officii
502 1345 610 1408 vestris
627 1346 751 1409 obedire
763 1346 912 1410 mandatis
925 1346 1049 1428 grandis
1062 1366 1153 1410 cause
1166 1345 1270 1410 obsta-

65 1456 137 1518 culo
158 1454 356 1538 impedimur,
380 1453 581 1517 dominacioni
605 1461 705 1519 vestre
729 1454 946 1519 instantissime
972 1455 1192 1538 supplicamus,
1214 1475 1269 1539 pro

63 1563 146 1626 dono
163 1562 268 1644 gracie
285 1562 482 1645 postulantes,
496 1567 644 1644 quatenus
661 1563 748 1626 nobis
765 1564 874 1636 velitis,
892 1565 972 1648 quod
988 1563 1126 1646 regimen
1137 1569 1270 1629 vestrum

60 1693 125 1736 non
142 1672 343 1743 admittimus,
356 1669 523 1752 indulgere,
539 1672 626 1743 certi,
645 1672 726 1756 quod
740 1691 851 1755 magna
864 1677 910 1736 est
922 1673 1094 1746 excusacio,
1107 1695 1165 1759 que
1178 1673 1271 1738 effec-

64 1787 113 1844 tus
140 1781 238 1844 nostri
261 1781 408 1843 fervorem
432 1777 469 1840 ab
493 1777 650 1864 obsequiis
673 1781 781 1842 vestris
809 1781 1039 1862 presencialiter
1066 1782 1214 1846 subtrahit
1241 1788 1272 1846 et

62 1887 186 1952 avertit.
207 1926 250 1937 —
268 1886 396 1970 Explicit
414 1891 471 1949 etc.
494 1886 520 1972 1)

637 2088 686 2161 Π.

656 2268 684 2329 1.

61 2401 112 2456 Eia
126 2421 228 2467 armer,
243 2400 446 2456 verechaldeter
458 2400 593 2464 Kleriter,
610 2400 722 2456 Student
734 2401 763 2456 in
775 2402 872 2466 Poris,
886 2403 959 2460 dietat
970 2404 1047 2460 eiam
1058 2404 1273 2462 Archidiacooao

537 2509 580 2544 um
597 2491 804 2566 Uetereldtzunq.

651 2665 680 2706 a.

190 2771 443 2836 Reverentissimo
461 2777 579 2840 domino
596 2799 661 2849 suo,
677 2782 833 2861 paternam
855 2779 1115 2844 mansuetudinem
1131 2784 1277 2850 recolenti

69 2883 194 2946 domino
216 2883 363 2946 Clementi
379 2885 431 2947 tali
449 2892 479 2949 et
495 2889 719 2972 archidyacono
737 2909 808 2951 suus
826 2889 879 2960 ll,
903 2891 1028 2953 scolaris
1046 2891 1172 2956 devotus
1189 2893 1274 2957 Pari-

71 2991 196 3063 siensis,
218 2992 348 3055 salutem
365 2999 394 3056 et
411 2998 547 3076 paratam
564 2997 602 3058 ad
619 2997 684 3060 eius
703 2997 848 3086 obsequia
863 2998 1054 3062 voluntatem.

163 3101 197 3161 ln
217 3102 392 3165 memoriam
410 3105 491 3166 venit
510 3105 649 3169 Tulliana
666 3107 841 3171 sentencia:
866 3107 978 3190 optima
996 3109 1161 3183 hereditas,
1180 3110 1275 3172 omni-

75 3226 137 3290 que
162 3209 332 3292 patrocinio
352 3213 542 3292 prestancior
558 3233 574 3276 a
591 3214 766 3296 parentibus
785 3215 965 3298 relinquitur
981 3217 1084 3281 liberis
1103 3218 1199 3300 gloria
1215 3218 1277 3282 vir-

69 3321 193 3387 tutum;
221 3322 252 3379 et
268 3318 339 3401 quia
354 3339 454 3382 rerum
471 3324 623 3401 gestarum
640 3321 778 3402 ignarum
794 3344 863 3387 esse
879 3327 994 3410 nephas
1011 3333 1059 3391 est
1071 3328 1276 3404 iudicandum,

69 3425 140 3488 ideo
159 3430 265 3487 vestre
283 3426 488 3490 dominacioni
505 3431 715 3508 congratulor,
738 3452 827 3515 quem
849 3433 954 3496 felices
976 3444 1118 3519 parentes
1139 3440 1277 3504 felicitati

70 3553 126 3595 suc
160 3531 310 3595 heredem
342 3534 544 3617 reliquerunt,
574 3555 699 3618 quorum
733 3558 839 3602 manus
871 3550 1094 3608 consueverunt
1125 3547 1277 3613 destillare

71 3640 265 3710 muneribus,
282 3661 411 3725 quorum
430 3640 526 3706 eciam
543 3643 782 3711 munificenciam
800 3667 859 3709 non
876 3648 959 3712 licuit
971 3652 1120 3733 ignorare.
1140 3655 1278 3724 Vestram
1287 3675 1332 3714 ra.
1340 3675 1396 3716 aas.

73 3748 169 3830 igitur
185 3767 256 3810 cum
272 3747 410 3811 libertate
428 3752 565 3822 naturali,
583 3772 641 3813 non
657 3752 732 3816 meis
748 3755 873 3824 meritis,
890 3755 1045 3822 subnixius
1059 3760 1277 3832 discrecionem

76 3857 258 3940 suppliciter
274 3859 381 3921 invoco
400 3865 430 3922 et
446 3860 583 3944 requiro,
606 3866 754 3944 quatenus
770 3860 880 3932 michi,
903 3863 1012 3930 devoto
1035 3868 1147 3934 clerico
1164 3880 1276 3948 vestro,

76 3965 133 4029 iam
152 3966 290 4030 studenti
306 3966 452 4039 Parisius,
480 3973 601 4031 onerato
628 3968 753 4039 debitis,
784 3989 929 4053 oppresso
953 3974 1150 4057 indigenciis,
1175 3988 1277 4048 notam

74 4074 199 4138 faciatis
218 4074 432 4138 hereditariam
448 4075 608 4160 pietatem,
632 4082 665 4140 ut
687 4077 870 4157 patrizantes
894 4080 924 4141 in
945 4080 1101 4147 beneficiis
1123 4091 1277 4170 patrizetis

76 4183 173 4265 gloria
191 4187 222 4245 et
238 4183 361 4245 honore.

76 4339 404 4350 —.-..—.·—--—-

108 4422 131 4483 1)
153 4427 201 4469 Der
214 4425 300 4484 vibrige
312 4424 379 4470 Theil
393 4425 436 4469 der
448 4426 512 4470 Seite
526 4426 556 4471 ist
569 4428 627 4472 lecr.
643 4427 693 4470 Fol.
704 4425 736 4471 sl
750 4447 781 4456 -
795 4427 849 4473 aaa
862 4429 925 4488 lolgt
936 4431 979 4474 der
991 4434 1105 4482 tractatus
1118 4438 1147 4484 do
1157 4440 1278 4488 Pharaone

80 4520 103 4562 et
115 4516 213 4574 loseph.
233 4516 257 4560 S.
272 4515 414 4576 liinleitung.
