3100 5116
1215 331 1293 402 327

87 502 210 586 Quibus
232 502 375 586 perlectis
398 503 526 585 concepi
548 502 590 589 o)
613 501 744 566 leticiam
767 500 917 583 duplicem
939 508 1001 567 tam
1023 503 1189 588 ingentem,
1212 504 1293 590 quod

85 613 218 694 spiritus
247 633 331 677 meus
349 609 404 696 b),
433 611 522 674 immo
551 631 659 675 sensus
688 609 798 693 singuli
827 616 897 675 sunt
923 631 978 694 pre
1007 614 1118 695 gaudio
1146 615 1290 680 renovati.

85 720 143 782 Est
160 720 238 783 mihi
256 720 295 807 e)
315 719 510 784 iocunditatis
528 719 676 802 siquidem
700 724 731 783 et
747 719 942 783 exultacionis
959 722 1084 786 materia
1100 723 1245 806 precipua
1263 727 1293 784 et

85 828 211 900 votiva,
240 828 319 912 quod
343 827 490 891 celsitudo
512 826 596 910 regia
620 827 657 889 de
681 847 748 890 mea
771 846 964 911 meorumque
989 830 1030 916 d)
1052 829 1111 895 lide
1128 831 1294 903 confidens,

85 936 171 1000 iuxta
190 942 327 1001 nostrum
344 935 500 998 consilium
519 936 605 1019 quasi
623 935 680 998 sibi
699 935 848 1000 salubrius
863 935 1006 1011 oblatum,
1023 939 1113 1023 dirigi
1129 961 1293 1024 processus

3 1113 7 1122 ,
85 1065 237 1110 cesareos
257 1045 343 1128 eligit
364 1051 454 1129 atque
476 1045 543 1128 regi
561 1045 609 1131 e).
643 1045 698 1108 Est
719 1045 791 1107 mihi
806 1045 844 1130 f)
868 1046 964 1110 eciam
987 1049 1161 1131 specialiter
1185 1070 1293 1133 super-

85 1153 221 1218 effluens
245 1154 371 1216 materia
392 1153 585 1234 gaudiorum,
618 1155 696 1238 quod
721 1160 822 1218 vestra
844 1157 1011 1229 serenitas,
1039 1156 1203 1239 imperialis
1226 1158 1293 1220 solii

87 1263 207 1335 decus,
241 1261 383 1326 virtuosis
417 1262 576 1344 operibus,
609 1283 667 1346 que
701 1264 775 1326 tanti
809 1264 922 1327 domini
954 1265 1080 1348 gloriam
1112 1265 1293 1337 condecent,

86 1370 241 1434 decorare
258 1389 435 1453 procurans,
457 1377 488 1434 et
510 1377 628 1434 vestros
646 1376 883 1453 contemptores,
906 1371 956 1454 qui
979 1379 1121 1456 tanquam
1137 1375 1294 1456 columpne

86 1486 117 1542 ct
133 1478 230 1542 bases
255 1479 371 1561 imperii
395 1499 462 1543 cum
488 1478 567 1541 omni
590 1479 825 1562 promptitudine
848 1480 879 1543 in
895 1480 944 1544 via
959 1487 1129 1547 vestrorum
1146 1483 1294 1546 deberent

87 1608 218 1652 currere
235 1588 456 1661 mandatorum,
472 1587 529 1652 sub
546 1594 647 1653 vestre
664 1589 805 1671 potencie
823 1588 945 1654 dextera
962 1589 1117 1673 dispositis
1134 1592 1292 1656 humiliare

87 1702 130 1770 et,
159 1696 336 1760 rebellionis
359 1696 499 1778 exigente
516 1695 678 1778 protervia,
702 1697 906 1779 depressionis
922 1698 1029 1762 malleo
1047 1698 1238 1772 conculcare,
1261 1705 1294 1762 ut

88 1806 142 1890 qui
160 1807 253 1870 modo
270 1806 447 1890 tranquillus
464 1805 494 1868 in
510 1805 664 1888 preceptis
682 1806 744 1870 suis
762 1804 945 1889 despicitur,
968 1806 1063 1871 iratus
1086 1807 1295 1871 invindictam

87 1917 290 1999 postmodum
311 1916 476 1986 senciatur,
499 1914 640 1998 quodque
662 1913 766 1978 fideles
789 1915 882 1978 vestri
906 1915 1036 1978 universi
1054 1921 1085 1979 et
1101 1916 1221 1998 singuli,
1243 1918 1296 2000 qui

89 2025 279 2090 excellencie
308 2031 409 2089 vestre
437 2022 590 2087 fidelitatis
619 2023 753 2088 debitum
783 2031 1006 2106 representant,
1035 2025 1155 2089 dulcem
1182 2046 1236 2090 vos
1265 2033 1297 2090 et

89 2135 175 2219 pium
200 2133 351 2198 dominum
374 2133 513 2197 noverint
535 2138 566 2198 et
588 2133 618 2197 in
642 2133 850 2198 confusionem
872 2134 1024 2216 propriam
1047 2135 1185 2198 seueiant
1207 2134 1295 2198 emuli

88 2249 299 2308 correctorem
313 2242 366 2328 q).
390 2241 508 2324 Quanto
529 2241 607 2304 enim
624 2242 811 2306 temeritates
827 2241 925 2325 magis
943 2247 1092 2324 augentur
1109 2242 1295 2312 excessibus,

87 2359 174 2417 tanto
199 2351 295 2414 maior
317 2350 560 2433 delinquentibus
584 2351 756 2414 adhibenda
780 2356 827 2413 est
849 2352 1017 2424 correctio,
1041 2357 1073 2416 ut
1096 2350 1153 2434 ipsi
1176 2351 1294 2415 facinus

91 2482 196 2532 suum,
220 2479 300 2542 pena
323 2459 429 2523 saltem
451 2459 635 2533 vindicante,
659 2465 847 2544 cognoscant
870 2465 900 2524 et
922 2459 997 2522 alios
1020 2459 1058 2522 ab
1081 2458 1193 2524 illicitis
1217 2479 1296 2541 pene

88 2573 184 2634 timor
206 2569 370 2632 coherceat
391 2568 533 2633 vindicte.
567 2570 660 2634 Porro
684 2588 752 2632 cum
776 2567 939 2632 scribentis
963 2568 1079 2631 animus
1102 2567 1179 2630 adeo
1203 2566 1242 2629 sit
1264 2567 1295 2630 in

89 2677 291 2742 exaltacionis
314 2683 416 2740 vestre
437 2679 633 2760 promocione
658 2677 791 2750 defixus,
820 2683 852 2742 ut
881 2677 1101 2741 desideriorum
1124 2682 1295 2740 nostrorum

89 2806 210 2852 summa
232 2785 428 2869 principalius
451 2787 554 2868 cupiat
575 2787 698 2849 honoris
722 2792 753 2851 et
775 2786 903 2849 nominis
927 2785 1021 2848 vestri
1045 2785 1138 2848 decus
1156 2805 1295 2848 sermone
1339 2778 1343 2785 “

92 2903 123 2960 et
153 2916 248 2979 opere
275 2916 457 2978 procurare;
490 2895 750 2978 magnificenciam
778 2902 908 2958 vestram
938 2895 1017 2957 scire
1046 2894 1134 2976 cupio
1166 2893 1207 2979 Ιι)
1239 2913 1295 2976 per

89 3009 266 3087 presentes,
289 3005 369 3088 quod
392 3005 463 3068 viris
486 3011 517 3067 et
540 3004 654 3069 viribus
678 3024 839 3086 congeram
857 3003 890 3087 τ’)
905 3023 998 3086 posse
1021 3022 1119 3065 merim
1135 3003 1188 3090 lc),
1205 3006 1239 3066 ut
1255 3000 1294 3087 α)

95 3135 144 3178 me
177 3119 203 3196 l)
239 3115 278 3177 ad
310 3115 491 3177 excellencie
524 3119 625 3177 vestre
657 3114 786 3178 servicia
817 3112 941 3176 reddam
970 3113 1020 3200 m)
1049 3111 1129 3176 omni
1159 3117 1296 3194 tempore

89 3229 286 3308 preparatum
303 3223 344 3309 o]
361 3223 410 3310 β).

67 3451 76 3468 ὓ
192 3388 353 3458 Erglnzung
366 3403 415 3441 uus
430 3387 546 3441 Gerbort
559 3387 584 3446 2,
599 3384 642 3438 53.
666 3384 819 3440 Patriarcha
842 3382 1029 3454 Aquilegensis
1047 3383 1143 3438 scribit
1155 3381 1295 3452 Rudolpho

96 3479 254 3551 imperatori
275 3479 307 3531 de
321 3479 423 3542 multis,
444 3479 587 3549 presertim
611 3478 644 3532 de
663 3494 729 3548 rego
742 3477 883 3532 Bohemise
897 3474 1035 3531 domando.
1052 3505 1084 3514 —
1100 3474 1134 3546 α)
1148 3474 1295 3546 quamcito

99 3570 134 3626 de
149 3585 285 3640 processu
299 3577 388 3624 vestro
402 3571 475 3626 felici
489 3577 580 3624 contra
600 3584 691 3639 regem
709 3569 849 3622 bohemiae
874 3567 932 3639 (qui
948 3575 1041 3622 contra
1054 3568 1138 3621 Deum
1153 3569 1180 3620 st
1193 3582 1297 3620 ornnem

98 3661 235 3715 iusticiam
251 3661 317 3713 meis
335 3667 362 3714 et
373 3660 505 3715 ecclesiae
515 3677 589 3714 meae
602 3658 703 3714 iuribus
715 3659 804 3712 existit
817 3659 925 3714 iniurius
937 3661 965 3712 et
974 3657 1117 3712 honoribus
1130 3655 1298 3728 inhonorus),

93 3752 157 3806 mihi
172 3751 333 3806 constiterit.
342 3781 374 3790 -
387 3749 422 3822 β)
438 3749 578 3806 Caeterum
591 3750 727 3804 literarum
741 3753 885 3805 vestrarum
899 3748 1050 3803 favorabilis
1064 3747 1182 3802 inductio
1194 3747 1295 3812 babuit,

97 3847 200 3898 utcum
215 3843 246 3897 N.
261 3842 295 3896 ad
319 3841 542 3912 composicionem
563 3859 604 3895 me
627 3842 770 3911 disponere
792 3856 974 3912 procurarem.
997 3841 1087 3911 Super
1109 3856 1162 3910 quo
1185 3840 1225 3892 sic
1247 3855 1298 3909 per

95 3938 258 4007 praesentes
277 3933 385 4002 explico
406 3934 473 3986 velle
486 3949 588 3986 meum:
603 3932 677 4002 quod
689 3932 759 3986 inter
772 3948 813 3984 sne
827 3934 855 3984 et
864 3929 954 4000 ipsum
968 3947 1019 3984 non
1033 3928 1106 4000 viget
1120 3929 1297 4000 adpraesens

94 4025 210 4080 alicuius
230 4023 405 4080 dissensionis
425 4026 532 4078 materia
552 4026 594 4078 vel
614 4024 743 4084 runcoris,
768 4041 818 4078 nee
838 4040 869 4078 ex
887 4040 928 4076 mo
946 4023 1021 4077 circa
1039 4023 1127 4093 ipsum
1146 4021 1295 4076 discordiae

94 4116 237 4184 scrupulus
258 4115 376 4178 orietur,
401 4115 463 4185 quin
485 4114 623 4167 internos
643 4110 776 4166 amicitiae
798 4128 831 4166 ac
844 4110 996 4167 dilectionis
1012 4111 1152 4182 integritus
1165 4110 1256 4180 vigeat
1268 4124 1296 4168 st

191 4265 226 4331 a)
241 4263 413 4334 concepimus
426 4263 453 4316 Z.
473 4292 499 4300 -
516 4262 548 4331 d)
563 4261 655 4315 noster
667 4262 695 4314 Z.
706 4291 742 4299 -
752 4262 785 4331 e)
798 4261 876 4315 nobis
888 4262 917 4314 Z.
929 4291 961 4299 -
975 4262 1010 4331 d)
1026 4265 1115 4315 nostra
1128 4261 1296 4315 nostrorum-

101 4374 153 4428 que
164 4357 193 4410 Z.
211 4385 244 4396 -
264 4356 295 4423 e)
311 4355 382 4427 regit
394 4355 423 4408 V.
439 4384 475 4394 -
490 4354 522 4425 f)
543 4353 618 4409 nobis
638 4355 665 4407 Z.
683 4383 714 4390 -
727 4352 762 4425 g)
778 4356 912 4407 rectorem
931 4353 960 4405 V.
979 4383 1006 4392 -
1024 4351 1058 4423 b)
1078 4352 1199 4424 cupimus
1219 4352 1247 4404 Ζ.
1261 4381 1295 4390 -

81 4447 126 4516 .i)
140 4464 319 4517 congeremus
332 4448 359 4500 Z.
380 4477 409 4498 -,
432 4445 466 4514 a)
491 4449 608 4500 nostrum
628 4446 654 4498 Z.
678 4473 709 4484 -
733 4445 759 4510 t)
780 4447 806 4499 et
826 4460 873 4499 nos
896 4443 922 4497 Z.
942 4472 973 4485 -
995 4444 1035 4515 m)
1054 4441 1198 4498 reddemus
1216 4443 1243 4497 Z.
1267 4471 1294 4480 —

100 4538 133 4610 n)
146 4541 307 4613 preparatus
318 4537 345 4590 Z.
