3168 5124
1255 335 1302 411 13

183 510 348 588 Quomodo
371 511 531 600 ss'mpls'ecs
554 521 660 580 cotem
681 515 829 604 epiceopi
852 515 916 588 suis
942 509 1136 578 inferioribus
1159 512 1296 577 clericis:

89 617 236 701 Episcopi
253 619 407 703 simplices
424 621 561 687 scribunt
576 622 716 687 humilius
729 624 891 707 unicuique
903 623 1021 688 illorum
1034 622 1201 688 secundnm
1213 641 1298 686 suam

7 781 8 784 ,
92 728 271 810 dignitatem
292 734 324 793 et
344 729 492 804 officium,
514 733 700 815 applicantes
721 733 843 817 propria
865 738 896 797 et
917 732 1125 797 convenientia
1146 730 1401 795 adiectivarosor.

97 838 322 903 conditionibus
338 839 534 922 singulorum.

189 949 353 1028 Quomodo
375 952 536 1038 simplices
558 975 633 1019 vero
658 955 789 1022 abbates
810 962 842 1020 ot
856 953 985 1041 prelati
1000 951 1040 1038 α)
1056 953 1133 1018 suis.
1166 950 1298 1014 Abbates

92 1057 248 1141 simplices
271 1065 303 1123 et
324 1060 482 1152 prepositi,
505 1061 670 1145 simplicem
694 1063 814 1126 modum
838 1061 991 1127 scribendi
1018 1062 1150 1125 habeant
1176 1060 1208 1123 in
1236 1059 1298 1123 snis

90 1167 301 1242 inferioribus,
318 1188 370 1232 eos
386 1169 417 1232 in
433 1170 613 1234 salutatione
628 1171 838 1255 postponendo
856 1177 886 1236 et
902 1171 1079 1256 appellando
1103 1190 1155 1234 eos
1172 1170 1298 1234 dilectos

93 1277 126 1342 in
143 1276 356 1342 Christo‘lilios
370 1280 496 1343 salutem
514 1284 544 1343 et
560 1280 709 1346 sinceram
724 1283 756 1346 in
766 1281 890 1346 'domino
907 1279 1075 1346 karitatem.

185 1389 363 1473 Inferiores
384 1390 419 1454 im
442 1391 545 1466 odoro,
568 1394 601 1454 nt
622 1389 749 1455 abbates
772 1391 925 1474 simplices
949 1398 981 1456 et
1001 1381 1148 1475 prepositi
1169 1395 1200 1454 ct
1220 1389 1299 1452 inira

93 1496 235 1562 scribunt
261 1498 323 1562 snis
351 1497 556 1580 superioribus
584 1499 720 1564 vocando
749 1521 818 1576 eos,
848 1502 973 1586 scilicet
995 1503 1124 1566 maiores
1145 1501 1177 1565 in
1199 1500 1297 1563 clero:

92 1607 280 1672 reverendos
296 1608 329 1671 in
344 1607 462 1672 Christo
479 1613 581 1692 patres
599 1615 629 1673 et
646 1609 782 1675 dominos
805 1611 1006 1675 obedientiam
1030 1611 1062 1674 iu
1083 1608 1220 1674 omnibns
1236 1614 1299 1672 tam

95 1716 240 1780 humilem
272 1736 360 1802 quam
393 1717 583 1802 condignam.
631 1720 685 1784 Sic
715 1721 881 1786 monachus
918 1721 1032 1794 abbati,
1062 1719 1211 1802 regularis
1243 1738 1297 1782 suo

94 1826 254 1909 preposito
270 1832 301 1890 et
317 1827 361 1890 sic
379 1828 416 1891 de
432 1827 507 1892 aliis.

189 1937 353 2015 Quomodo
375 1937 536 2026 simplices
560 1941 707 2028 rolipiosi
732 1942 877 2007 scribunt
902 1941 965 2008 sios·
990 1949 1113 2009 mutuo:
1139 1937 1298 2021 Simplices

94 2044 230 2127 religiosi
246 2052 280 2109 ut
295 2046 389 2110 abbas
405 2047 526 2124 abbati,
542 2050 714 2133 prepositus
737 2051 891 2133 preposito
909 2049 1046 2115 scribunt
1062 2049 1248 2119 sibismutun
1266 2051 1299 2111 ut

95 2173 187 2236 snpra
220 2155 335 2220 dictum
366 2163 429 2231 est3
471 2158 634 2246 abbatissis
664 2165 698 2223 ut
728 2158 888 2223 abbatibus
920 2159 1058 2224 scribunt
1078 2197 1122 2209 -
1144 2156 1298 2221 abbatissa

90 2263 209 2338 abbati,
225 2272 260 2330 ut
280 2266 375 2331 abbas
392 2267 494 2332 abbati
522 2269 639 2342 scribit,
666 2273 779 2333 mutata
801 2275 916 2334 tanturn
938 2291 1027 2336 sexus
1045 2267 1236 2342 discretione
1253 2301 1297 2314 -

91 2373 258 2439 Abbatissa
274 2377 337 2441 suis
354 2377 531 2444 monialibus
548 2385 579 2443 et
594 2379 737 2442 moniales
754 2378 919 2452 abbatisse,
936 2385 968 2444 ut
992 2379 1087 2444 abbas
1103 2375 1250 2440 monacho
1268 2380 1298 2440 ct

95 2485 264 2550 monachus
281 2486 394 2561 abbati,
412 2489 544 2552 discreto
561 2493 678 2553 tantum
694 2509 766 2554 sexu
783 2487 952 2572 utrobique.

187 2597 365 2664 Monachus
373 2599 548 2665 momocbo:
560 2598 724 2662 Karissimo
736 2599 767 2662 in
780 2599 898 2663 Christo
915 2599 1012 2671 tratri,
1027 2599 1090 2664 viro
1102 2598 1243 2680 religioso
1260 2616 1296 2661 ac

91 2704 234 2784 professo
250 2706 282 2769 in
297 2707 350 2771 tali
365 2708 547 2773 monasterio
563 2710 658 2771 l'rater
673 2708 708 2772 ll.
726 2716 872 2791 peccator
888 2714 918 2772 et
933 2708 1044 2773 inutilis
1061 2707 1238 2778 monachus,
1250 2708 1297 2769 vel

89 2819 190 2880 frater
203 2817 273 2879 talis
285 2819 481 2901 professionis
499 2839 553 2884 seu
570 2818 693 2890 ordinis,
709 2819 757 2882 vel
772 2819 908 2901 ejusdem
924 2818 1121 2901 professionis
1138 2823 1168 2880 et
1184 2816 1296 2880 ordinis

7 2989 8 2992 ,
89 2927 247 2990 orationes
274 2928 306 2990 in
334 2929 452 2992 domino
482 2934 512 2992 et
545 2929 583 2992 de
609 2928 685 2992 valle
717 2929 907 2992 lacrimarum
940 2928 1068 2992 transire
1102 2927 1140 2990 ad
1173 2926 1295 2990 delicias

90 3037 274 3117 gratiarum,
295 3037 359 3100 vel:
389 3043 459 3120 post
480 3038 639 3101 decursum
663 3038 722 3100 vite
738 3038 826 3101 huius
844 3057 912 3102 cum
928 3036 1044 3119 angelis
1060 3036 1191 3120 gloriari,

185 3148 336 3214 Moniolis
347 3149 497 3212 moniali:
513 3148 545 3210 ln
558 3147 676 3211 Christo
690 3148 786 3210 sorori
798 3148 990 3230 preamande,
1008 3147 1116 3210 dilecte
1133 3147 1295 3210 sanctimo-

87 3255 161 3318 niali
179 3256 247 3320 talis
262 3258 322 3321 loci
344 3262 375 3320 et
395 3258 463 3321 telis
486 3256 598 3320 ordinis
616 3277 702 3320 soror
717 3258 765 3329 ll,
782 3259 843 3320 solo
861 3258 979 3320 nomine
996 3257 1144 3329 mundalis,
1161 3255 1294 3319 eiusdem

87 3367 136 3428 vel
154 3366 280 3430 alterius
296 3367 493 3450 professionis
511 3372 542 3430 et
558 3367 670 3430 ordinis
688 3387 757 3430 curn
775 3366 890 3431 devotis
908 3366 1092 3432 orationibus
1114 3366 1294 3449 virginitatis

7 3553 8 3566 χ
86 3475 195 3538 llorem
211 3476 434 3540 immaculatum
449 3476 567 3539 domino
586 3475 755 3550 custodire,
772 3478 819 3540 vel
832 3477 877 3540 sie
899 3477 924 3540 si
941 3497 1000 3540 non
1015 3476 1117 3559 virgo:
1143 3475 1293 3540 orationes

85 3583 120 3647 in
142 3585 262 3649 dominc
286 3591 317 3650 et
337 3585 368 3649 in
390 3586 439 3650 die
454 3586 558 3651 iudicii
585 3585 623 3648 ad
648 3585 801 3650 dexteram
830 3587 948 3650 domino
965 3586 1123 3658 collocari,
1150 3585 1197 3649 vel
1225 3604 1294 3650 curn

7 3737 8 3764 ;
87 3713 204 3778 sponso
220 3696 340 3778 ingredi
358 3695 396 3758 ad
413 3696 531 3779 nuptias
548 3695 644 3778 glorie
660 3696 852 3779 sempiterne.

176 3803 1292 3889 Quomodomouiolismomocboeteconversohoccolligeexparagraphis

84 3915 323 4000 precedentibus
337 3915 465 3990 dnobus,
477 3915 829 4000 ubidocctur,quomodc
841 3916 1006 3982 monachus
1020 3916 1134 3981 scribat
1145 3914 1292 3980 monacho

86 4025 1190 4114 etmcnialismoniali,masculinumctfemininumcongrueconiungendo.

177 4138 269 4210 Nota,
286 4136 367 4220 quod
383 4136 523 4220 religiose
535 4158 664 4223 persone
676 4135 734 4200 hiis
748 4143 875 4219 possunt
891 4137 1047 4204 adiectivis
1064 4133 1291 4202 circumscribi:

85 4269 216 4333 persone
224 4247 367 4330 religiose
378 4249 441 4321 tali,
454 4248 635 4331 septiformis
649 4247 796 4329 sapientie
809 4248 906 4330 gratia
918 4249 1075 4322 illustrate,
1088 4249 1135 4312 vel
1147 4247 1291 4330 religione

84 4359 254 4442 composite
271 4360 318 4422 vel
334 4366 417 4425 recto
435 4361 557 4443 speculo
575 4357 860 4424 redimite-Nota
873 4359 973 4432 etiam,
991 4345 1071 4444 qnod
1087 4361 1132 4423 sie
1149 4358 1293 4422 scribitur

82 4467 255 4536 solentibus
273 4470 311 4533 ad
328 4470 504 4552 religionem
520 4469 695 4543 convolare,
718 4470 814 4553 primo
837 4469 934 4552 posito
956 4470 1049 4553 tytulo
1074 4475 1104 4533 et
1120 4469 1290 4534 conditione

178 4603 216 4674 o)
229 4601 347 4689 prelatis
358 4603 389 4662 V,
405 4604 452 4660 das
465 4621 479 4660 s
491 4603 527 4659 ist
542 4602 660 4660 ellenbar
675 4619 734 4659 vom
745 4601 887 4675 folgenden
900 4599 993 4656 Worte
1004 4612 1169 4670 getremmon.
