3116 5124
1139 329 1212 404 131

44 505 144 569 scilieet
169 505 273 576 Petro,
301 497 380 584 apud
408 521 496 586 quem
519 503 550 566 in
579 502 808 588 dispensacione
836 505 958 569 celestis
980 504 1083 588 gracie
1101 522 1215 568 summa

44 615 127 680 divine
153 613 273 696 pietatis
301 611 464 675 auctoritas
492 613 652 680 resideret.
685 614 739 678 Cui
766 635 822 678 nos
848 613 938 698 longa
964 613 1214 678 intercedentium

42 729 143 807 patrum
164 723 277 795 series,
306 721 470 786 secundum
499 720 598 786 divine
627 723 864 808 dispensationis
893 723 1043 797 ordinem,
1071 721 1213 796 subdidit,

42 835 107 917 paris
126 833 300 916 potestatis,
320 832 392 896 licet
413 832 526 915 inparis
554 833 669 907 meriti,
693 853 898 899 successores.
930 833 1096 900 lniunctum
1111 834 1212 917 itaque

19 999 20 1002 ,
41 944 226 1028 principaliter
242 943 382 1007 divinitus
400 941 487 1006 nobis
510 942 633 1006 celestis
660 943 745 1010 verbi
760 944 935 1027 preconium
953 963 1011 1028 quo
1034 942 1073 1007 ad
1095 963 1213 1028 cogno-

19 1045 165 1118 scendum
186 1052 283 1117 solum
311 1057 341 1116 et
357 1071 460 1115 verum
475 1050 572 1117 Deum
599 1058 645 1130 et,
673 1073 761 1137 quem
788 1053 869 1116 misit
895 1041 976 1135 ipse,
1003 1050 1095 1117 lilium
1121 1073 1207 1116 suum

20 1207 21 1236 ς
42 1162 138 1226 unicum
153 1161 259 1226 desum
275 1159 437 1230 Christum,
454 1178 514 1222 non
531 1157 620 1222 decet
635 1179 723 1222 aures
739 1165 806 1224 tuas
824 1166 854 1226 et
870 1158 989 1224 subdite
1006 1159 1059 1224 tibi
1076 1159 1209 1224 multitu-

19 1247 21 1360 l
42 1271 103 1334 dinis
116 1269 271 1353 preterire.
298 1267 388 1331 Cuius
402 1287 505 1339 sonus,
522 1267 652 1332 ecclesia
668 1269 816 1342 Romana,
845 1269 892 1332 cui
908 1287 1083 1352 prosumus,
1110 1268 1213 1350 predi-

19 1373 21 1444 ἑ
41 1386 110 1444 rante
124 1419 165 1429 -
179 1398 270 1462 quam
283 1376 460 1441 idemlesus
473 1377 503 1438 in
516 1397 549 1439 se
563 1376 627 1460 ipso
641 1377 775 1442 fundavit
787 1378 816 1441 in
831 1378 942 1451 secula,
955 1384 986 1463 et
997 1377 1212 1460 primitivorum

19 1567 20 1572 ἵ
39 1489 229 1572 prophetarum
244 1493 275 1550 et
287 1486 489 1569 apostolorum
501 1486 702 1551 fundamentis
715 1486 909 1570 originalibus
921 1487 1064 1553 stabilivit
1079 1525 1122 1538 -
1142 1487 1212 1552 e‘xiit

41 1599 63 1662 in
75 1599 206 1664 terminos
232 1595 315 1661 orbis
333 1600 431 1667 terre,
453 1615 513 1680 quc
542 1595 650 1678 sepul‘t'.
668 1596 848 1679 inpeccatis
865 1597 903 1660 ad
919 1596 1027 1670 vitam,
1043 1615 1100 1680 que
1118 1597 1211 1662 estin

19 1779 20 1782 ,
43 1707 136 1772 Christo
151 1705 345 1778 abscondita,
362 1705 556 1771 suscitantur.
589 1706 666 1770 Hinc
688 1712 735 1772 est
757 1707 837 1790 quod
860 1726 915 1772 nos
937 1713 1019 1774 tuam
1040 1712 1071 1772 et
1091 1712 1211 1772 tuorum

46 1818 158 1890 rdutem,
189 1838 227 1880 ex
261 1813 371 1898 quibus
403 1820 583 1897 conceptum
614 1835 719 1880 semen
755 1822 840 1880 recte
876 1814 946 1882 fidei
977 1815 1147 1899 copiosam,
1179 1823 1213 1882 ut

48 1923 177 1998 cedimus,
194 1923 325 1988 filiorum
340 1921 397 1986 Dei
414 1920 568 2006 repperiet
584 1923 763 2004 genituram,
776 1923 848 1988 totis
860 1922 1079 1988 desideriorum
1095 1924 1209 1990 viribus

46 2032 209 2098 decantes:
237 2031 366 2096 dilectos
387 2029 463 2096 lilios
486 2037 607 2096 nostros
624 2032 662 2096 N.
680 2031 718 2096 de
741 2031 846 2096 ordine
867 2032 919 2096 tali
937 2032 992 2120 α),
1009 2031 1089 2097 viros
1106 2038 1209 2117 utiquc

41 2141 145 2208 bunius
160 2143 220 2208 Dei
238 2143 308 2225 lege
322 2141 449 2226 peritos,
466 2142 505 2206 ad
521 2147 602 2206 tuam
618 2142 827 2207 celsitudinem
844 2142 1038 2216 destinamus,
1055 2145 1085 2207 in
1102 2143 1209 2227 quibus

39 2259 118 2335 etper
132 2274 206 2338 quos
225 2252 345 2316 divinus
363 2251 484 2334 spiritus
500 2252 566 2335 pias
584 2271 672 2316 aures
698 2273 816 2318 omnem
837 2252 960 2317 docebit
981 2252 1018 2316 de
1033 2253 1098 2318 Deo
1117 2251 1162 2340 β)
1175 2241 1211 2322 ἐἴ

39 2361 113 2426 tuturo
128 2363 230 2427 seculo
248 2361 416 2432 veritatem,
433 2366 577 2445 rogantes
594 2362 741 2424 attencius
767 2367 797 2425 et
814 2381 873 2444 pro
895 2367 946 2424 tue
969 2361 1066 2425 anime
1083 2362 1209 2427 comedo

19 2529 21 2575 ἰ
41 2468 226 2553 deposcentes,
242 2476 388 2555 quatenus
405 2472 513 2535 l'ratres
526 2472 650 2537 eosdem
661 2472 791 2555 benigne
808 2471 900 2536 inDei
913 2471 1031 2536 nomine
1042 2470 1211 2555 suscipiens

40 2587 61 2642 et
73 2581 216 2647 caritative
235 2585 435 2665 pertractans,
451 2580 483 2644 in
498 2599 592 2662 reguo
605 2587 656 2644 tuo
675 2603 728 2645 eos
744 2580 845 2645 vivere
855 2560 1117 2665 paciarisutDeo
1130 2581 1210 2661 vivo,

19 2671 22 2766 5
39 2691 98 2771 patri
111 2692 279 2774 spirituum,
295 2710 350 2773 per
367 2694 471 2753 eterna
487 2689 547 2754 vite
566 2689 655 2754 verba
669 2710 726 2774 que
740 2691 904 2765 continent,
918 2691 948 2754 in
960 2697 990 2755 te
1002 2690 1115 2775 pariter
1132 2696 1163 2756 et
1178 2691 1210 2756 in

20 2785 82 2860 {tuis
105 2823 156 2864 nec
184 2823 246 2865 non
274 2799 306 2862 in
333 2799 398 2863 aliis
421 2799 614 2873 nacionibus,
646 2820 704 2884 quo
736 2802 900 2865 secundum
932 2805 1035 2866 nostre
1066 2799 1208 2866 iussionis

40 2907 148 2972 debiturn
169 2908 358 2993 procedere,
381 2916 412 2973 te
429 2908 574 2980 ducente,
597 2909 760 2984 voluerint,
784 2912 914 2974 fructum
928 2908 1075 2993 perficere
1090 2911 1210 2976 valeant

20 3053 21 3094 3
39 3016 192 3089 ruinarum;
218 3025 367 3102 quatenus
392 3039 428 3081 ex
444 3018 502 3083 hoc
517 3019 600 3082 Deus
618 3021 692 3094 celi,
721 3025 841 3084 creator
862 3025 947 3094 tuus,
975 3019 1030 3084 tibi
1046 3024 1131 3084 recta
1147 3017 1207 3084 tide

20 3127 164 3214 {ueraciter
188 3131 402 3200 innotescenS,
430 3127 552 3212 pietatis
581 3150 635 3192 sue
663 3136 694 3193 et
720 3130 949 3195 immortalitatis
973 3129 1116 3212 gloriam,
1139 3129 1213 3193 teli-r

20 3225 116 3299 nitatis
146 3238 299 3321 graciam,
331 3258 389 3322 que
421 3238 479 3302 nisi
509 3258 564 3321 per
595 3239 746 3304 Christum
779 3247 809 3306 et
839 3240 870 3304 in
901 3239 1022 3305 Christo
1053 3239 1206 3323 provenit,

43 3341 158 3426 brgiatur
174 3349 227 3435 γ).

113 3547 304 3617 Ergtnzungen
337 3565 383 3602 aus
415 3547 501 3620 Ripoll
529 3547 673 3603 bullarium
704 3549 803 3604 ordinis
825 3551 850 3604 s.
878 3548 1092 3622 praedicatorum
1116 3547 1204 3613 tatu

39 3631 151 3708 (baynald
186 3639 259 3692 1254
290 3658 333 3694 no.
367 3638 408 3711 5).
450 3640 617 3695 Innocentius
653 3659 696 3713 ep.
720 3660 741 3695 s.
773 3661 793 3696 s.
824 3643 855 3698 Ι).
891 3643 970 3699 nobili
1004 3642 1060 3697 viro
1094 3642 1205 3697 soldano

39 3722 135 3782 Terebia
148 3733 231 3785 Deum
254 3747 345 3786 verum
368 3732 458 3786 colere
476 3737 503 3786 et
523 3731 624 3786 timere.
645 3731 679 3804 α)
704 3734 800 3788 iratres
824 3734 922 3790 ordinis
945 3733 1150 3806 predicatorum.
1166 3764 1202 3774 ·-

40 3810 64 3884 β)
76 3818 175 3891 eiusque
199 3823 307 3877 iustitia.
323 3851 354 3862 -
369 3822 402 3894 p)
423 3823 481 3877 [lat.
504 3823 630 3877 Laterani
653 3824 716 3879 lllV.
739 3825 795 3878 llal.
819 3824 905 3880 Martii
927 3823 1096 3897 pontificatus
1120 3824 1204 3881 nostri

39 3919 89 3961 runo
101 3911 138 3965 nl.
754 3929 756 3936 ’
