3100 5116
1198 325 1275 394 369

73 494 215 557 lanenses
232 491 408 579 expedicius
425 492 560 560 incidant
577 499 607 558 et
622 493 745 576 gravius
762 495 900 559 sanciant
922 501 1023 559 nostre
1046 489 1274 580 persecucionis

73 604 203 688 impetus
232 608 263 666 et
290 602 442 688 inpulsus,
471 603 530 667 duo
558 620 649 686 reges
665 603 701 668 N.
720 608 751 667 et
767 603 803 667 N.
822 611 863 688 a)
880 605 910 667 in
934 604 1073 669 auxilium
1096 605 1183 670 nobis
1206 627 1275 672 cum

71 710 233 776 innumera
255 711 443 775 multitudine
459 713 502 796 b)
523 711 744 798 procedentes,
773 731 843 776 cum
865 714 963 796 nullos
985 712 1098 777 babere
1115 715 1275 781 videantur

71 820 196 894 obices,
220 840 277 885 nee
299 821 454 896 inveniant
474 821 669 894 resistentes,
686 821 880 902 territorium
903 821 1035 906 ipsorum
1062 822 1219 889 rebellium
1243 825 1274 890 in

69 929 142 1013 igne
159 933 193 994 et
208 931 289 994 ierro
305 936 367 994 tam
383 935 526 1014 potenter
541 949 631 1014 quam
648 930 775 995 viriliter
791 931 831 1015 c)
847 931 971 996 veniunt
992 953 1008 995 e
1032 932 1162 1016 vestigio
1178 935 1273 998 intra·

68 1041 139 1106 turi.
174 1039 295 1123 Exque
313 1059 384 1125 spes
400 1039 526 1124 pulchra
543 1039 621 1103 uotis
638 1041 749 1104 nostris
766 1039 886 1106 additur
908 1047 939 1105 et
959 1043 1161 1126 presumimus
1177 1044 1273 1107 mani·

67 1149 167 1221 leste,
196 1148 277 1233 quod
305 1147 543 1232 hinc-belligeri
571 1147 723 1233 proximos
752 1149 844 1212 simus
871 1149 1057 1235 triumphos,
1086 1151 1272 1217 concedente

64 1258 212 1328 Domino,
245 1256 395 1330 habituri,
427 1239 615 1322 et⁴rebelles
642 1257 789 1340 predicti,
818 1257 927 1344 quibus
950 1259 1075 1345 presidii
1098 1280 1169 1345 spes
1192 1261 1271 1326 nulla

65 1365 189 1430 videtur
205 1365 327 1438 adesse,
344 1372 488 1449 tanquam
504 1365 535 1429 in
551 1365 649 1429 medio
666 1365 793 1452 periculi
815 1367 908 1452 positi
930 1374 962 1430 et
986 1368 1081 1434 eladis
1097 1369 1270 1434 inminentis

62 1475 190 1540 aculeos
208 1473 394 1548 sencienles,
412 1495 503 1539 unum
526 1475 701 1540 necessario
724 1476 838 1558 eligant
859 1497 876 1539 e
900 1475 1028 1551 duobus,
1051 1483 1083 1542 ut
1099 1480 1145 1543 uel
1163 1480 1270 1544 victori

65 1591 172 1650 nostro
195 1583 298 1666 gladio
316 1583 473 1650 tradantur
489 1583 520 1647 in
537 1604 650 1656 escam,
672 1585 719 1649 uel
741 1604 798 1669 per
820 1585 917 1670 turpis
940 1586 999 1650 sibi
1015 1579 1088 1670 luge
1104 1589 1270 1674 presidium

62 1693 262 1760 consulentes
280 1711 297 1756 a
314 1693 393 1756 lacie
409 1698 511 1757 nostra
529 1693 572 1777 cl)
590 1713 658 1758 cum
675 1693 862 1759 confusionis
880 1695 1042 1778 obprobrio
1064 1718 1098 1762 se
1121 1703 1266 1783 avertant.

567 2017 569 2024 a
644 1934 706 2005 ao.

444 2133 505 2199 Rex
522 2133 718 2198 Romanorum
734 2133 892 2198 ludlclbns.

486 2309 565 2365 1274.
579 2311 643 2396 llou.
658 2295 683 2363 l.
696 2311 854 2382 Hagenowe.

60 2476 150 2548 Koniy
170 2475 277 2546 liudolf
288 2473 396 2530 ereuem
414 2475 464 2529 den
477 2475 566 2546 Koniq
579 2477 693 2547 Mapnua
712 2493 761 2530 aon
774 2477 930 2550 Noraaeyea,
943 2479 996 2532 den
1010 2496 1068 2534 com
1081 2478 1267 2551 Mittelpu'nete

58 2569 108 2622 des
132 2563 250 2622 aeoles
276 2565 425 2638 enlfernten
450 2567 576 2636 Bdryera
600 2567 721 2622 Litdeelra
745 2566 952 2637 ferrer-ceineas
981 2568 1076 2625 Sobata
1100 2569 1265 2642 anyedeiben

595 2676 626 2711 ru
639 2659 737 2713 laesero.

156 2801 249 2858 Codex
263 2801 426 2858 bobacensis
442 2801 466 2865 1,
480 2803 543 2858 331.

150 2948 272 3014 Adiecit
303 2955 406 3013 nostre
444 2949 597 3014 felicitatis
635 2951 780 3036 auspiciis
819 2952 1003 3016 incrementa
1041 2955 1202 3038 congaudii
1223 2959 1264 3044 e)

54 3059 192 3132 lacioris,
216 3057 309 3143 quod,
334 3058 414 3122 sicut
436 3058 567 3122 celebris
589 3061 669 3124 fame
692 3060 852 3143 clangente
869 3062 1012 3146 preconio
1031 3064 1070 3150 α)
1089 3064 1261 3139 didicimus,

55 3171 178 3252 integra
208 3166 283 3230 lides
306 3173 425 3241 uestra,
455 3169 564 3233 nativis
587 3175 689 3234 erecta
712 3172 880 3256 poteneiis,
908 3179 940 3236 et
961 3173 1106 3239 instinctu
1123 3176 1263 3244 benivolo

54 3283 236 3363 provocata,
259 3297 349 3361 quam
374 3277 412 3341 ad
435 3299 491 3342 nos
507 3285 539 3342 et
554 3286 782 3345 sacrosanctum
798 3282 963 3346 Romanum
980 3282 1138 3367 imperium
1156 3287 1263 3369 geritis

58 3390 268 3460 incessanter,
297 3388 387 3451 silere
411 3408 469 3451 non
485 3390 600 3470 potuit,
627 3410 685 3453 nec
707 3392 844 3476 permisit
868 3391 1026 3474 quiescere
1050 3395 1147 3458 zelum
1164 3415 1261 3469 suum,

56 3499 132 3582 quin
145 3497 237 3561 immo
250 3497 280 3559 in
289 3496 410 3580 publice
418 3499 555 3562 nocionis
565 3501 713 3563 exteriora
721 3501 893 3583 prosiliens,
906 3522 953 3575 ea,
967 3522 1026 3586 que
1039 3503 1125 3568 nobis
1139 3504 1262 3570 honoris

56 3612 223 3689 augmento
237 3624 362 3669 cessura
374 3608 560 3688 cognoscitis
578 3614 608 3672 et
625 3609 718 3693 quieti
735 3609 866 3674 fidelium
884 3613 1056 3695 coaspirent
1068 3615 1117 3700 f),
1133 3615 1263 3681 libenter

57 3723 88 3780 et
102 3714 275 3779 liberaliter
290 3718 512 3800 prosequamini
526 3717 572 3806 p)
589 3737 657 3781 cum
673 3717 792 3782 effectu.

150 3825 228 3888 Hinc
244 3824 290 3911 b)
303 3825 398 3905 igitur
413 3825 506 3890 uestri
522 3826 557 3911 i)
573 3827 705 3909 graciosi
722 3828 834 3891 favoris
857 3830 1033 3911 applausum
1057 3852 1130 3914 erga
1148 3834 1189 3921 β)
1207 3857 1261 3900 nos

57 3940 88 3999 et
115 3939 240 3999 nostros
256 3935 299 4020 lc)
316 3934 543 3998 affluentissime
566 3937 737 4000 sancientes
760 3936 903 4011 effusum,
927 3941 1092 4007 sinceritati
1109 3945 1143 4032 l)
1160 3951 1261 4010 vestre

149 4117 186 4184 a)
199 4115 231 4168 ll.
252 4131 297 4169 rex
311 4114 433 4170 Sandiale
447 4121 474 4171 et
492 4117 522 4170 ll.
542 4116 613 4188 (sie)
633 4117 666 4171 do
681 4119 797 4181 Rem-ano
818 4119 905 4175 ll.-Br.
922 4152 953 4161 -
968 4123 999 4192 b)
1016 4123 1072 4193 jam
1091 4142 1176 4195 usque
1189 4128 1260 4180 Lau-

57 4210 118 4264 dam
137 4209 263 4263 Veterem
277 4212 468 4278 processerant
482 4224 514 4262 ex
532 4211 608 4280 parte
628 4210 673 4263 illa
686 4227 744 4264 eum
762 4213 812 4265 ete.
826 4211 914 4266 H.·Br.
929 4245 958 4254 -
977 4215 1007 4282 c)
1019 4215 1128 4271 viriliter
1141 4219 1260 4274 venimus

57 4301 199 4357 manifeste
212 4299 243 4353 V.
254 4299 308 4352 Dar
321 4299 465 4354 Schreiber
480 4301 525 4354 bat
545 4302 660 4356 offenbar
682 4302 740 4357 eina
753 4303 826 4357 Zaile
839 4306 1021 4374 ausgalassen.
1039 4338 1067 4346 —
1084 4310 1120 4379 d)
1142 4309 1193 4366 aar
1211 4312 1259 4366 das

58 4389 217 4462 Folgandea
240 4407 291 4445 non
311 4391 368 4446 siue
388 4391 508 4461 ipsorum
521 4394 594 4462 gravi
615 4391 734 4464 periculo
755 4395 949 4466 precipitanter
961 4398 1107 4453 abscedant
1121 4401 1209 4456 n-ssr.
1223 4433 1259 4443 -
1328 4458 1332 4465 ,

58 4482 188 4554 e)gaadii
201 4480 310 4552 Z.-f)
331 4481 483 4553 conspirant
495 4484 522 4537 Z.
538 4515 571 4524 —
583 4484 618 4555 p)
638 4483 827 4555 prosequimini
847 4486 874 4539 Z.
894 4517 930 4526 -
947 4486 983 4556 a)
1002 4488 1064 4545 binc
1084 4496 1125 4546 est
1144 4493 1173 4547 V.
1188 4494 1258 4550 bunc

58 4576 123 4632 (lod.
137 4575 203 4630 Lub.
222 4605 253 4616 -
269 4571 297 4638 i)
312 4572 397 4626 nostri
410 4575 438 4627 Z.
456 4605 485 4613 .„
501 4576 535 4645 l)
549 4592 599 4630 vos
614 4577 641 4629 et
655 4577 759 4631 vestros
772 4579 799 4631 Z.
814 4607 850 4617 —
863 4579 890 4648 l)
905 4578 1043 4633 serenitati
1058 4583 1124 4639 Cod.
1137 4586 1202 4640 Lub.

119 4676 219 4722 Fontes.
231 4675 300 4720 noth.
314 4673 339 4719 ll.
355 4675 393 4719 Bd.
406 4676 473 4721 XXV.
1005 4689 1041 4742 24
