3112 5118
297 330 373 400 234

295 509 346 565 tua
365 507 395 564 et
412 503 706 566 administracionem
723 503 931 586 temporalium
949 502 1129 572 eorundem,
1163 507 1224 564 tarn
1247 498 1490 562 iurisdictionem

294 609 436 673 videlicet
468 629 557 692 quam
590 611 705 683 omnia,
738 612 974 674 illustracionem
1005 591 1203 693 principalem
1236 607 1486 689 complectencia,

294 715 472 778 exercenda.
506 715 681 778 clarescere
699 737 817 800 quoque
834 724 864 780 te
881 717 1010 779 facimus
1027 715 1057 779 in
1074 721 1197 778 caterva
1213 713 1388 796 principum
1413 714 1488 775 sicut

294 821 413 884 fidelem
439 828 574 886 nostrum
602 824 757 906 nostrique
786 825 925 888 culminis
959 823 1128 906 principem
1162 821 1301 904 apicibus
1332 828 1364 884 et
1393 821 1489 902 gloria

294 929 492 1012 principatus.
506 932 545 995 Et
557 932 697 1014 quoniam
710 931 764 995 tibi
781 938 919 996 tenemur
935 937 965 995 et
982 931 1117 993 volumus
1134 930 1261 992 inveniri
1274 931 1305 992 in
1319 928 1490 992 exhibenda

294 1038 413 1100 iusticia
429 1037 469 1123 a)
486 1037 607 1110 faciles,
636 1042 685 1102 cui
707 1059 809 1102 sumus
828 1045 858 1102 et
875 1038 985 1101 erimus
1003 1039 1034 1100 in
1051 1033 1154 1118 gracia
1171 1037 1325 1108 liberales,
1347 1035 1486 1098 omnibus

291 1144 539 1208 malefactoribus
557 1151 587 1208 et
602 1145 824 1210 iniuriatorihus
842 1146 900 1208 tuis
918 1151 948 1208 et
964 1145 1094 1207 ecclesie
1107 1151 1157 1206 tue
1170 1143 1367 1225 preceptoria
1385 1143 1491 1222 dirigi-

295 1272 361 1316 mus
378 1252 492 1334 scripta
508 1259 621 1325 nostra,
639 1254 829 1334 iniungentes
848 1253 974 1324 eisdem,
991 1257 1024 1314 ut
1040 1256 1109 1315 ante
1131 1252 1291 1314 terminum
1314 1251 1410 1313 talem
1433 1249 1487 1312 tibi

296 1360 483 1423 satisfaciant
496 1361 533 1422 de
550 1361 665 1423 iniuriis
680 1367 710 1423 et
721 1360 866 1423 molestiis
876 1366 1012 1424 ettecum
1022 1356 1219 1422 amicabiliter
1236 1377 1269 1420 se
1291 1364 1477 1439 componant
1484 1378 1492 1427 ;

295 1468 425 1549 alioquin
442 1469 574 1532 crastino
592 1467 726 1530 eiusdem
743 1468 861 1530 termini
878 1467 970 1530 iidem
986 1467 1196 1530 malefactores
1219 1485 1253 1527 se
1277 1466 1394 1530 nostris
1419 1485 1491 1528 con-

295 1577 449 1657 spectibus
479 1581 705 1658 representem,
738 1574 792 1638 tibi
824 1594 915 1657 super
947 1573 1133 1646 actionibus,
1165 1593 1240 1656 quas
1269 1578 1378 1636 contra
1407 1573 1489 1655 ipsos

294 1704 463 1766 proponere
490 1685 644 1754 habueris,
671 1689 758 1770 prout
786 1685 832 1747 ius
856 1685 965 1765 exigit,
989 1683 1174 1765 responsuri.
1208 1683 1353 1746 Ceterum
1371 1702 1443 1746 cum
1464 1684 1492 1745 in

294 1793 389 1874 regali
417 1812 452 1855 ac
480 1792 625 1874 imperiali
653 1792 735 1854 curia
764 1791 884 1853 nonsit
908 1790 1045 1860 solitum,
1070 1809 1127 1852 nec
1149 1790 1296 1860 auditum,
1320 1789 1493 1871 principem

296 1900 480 1964 insauciatum
499 1905 529 1963 et
544 1899 697 1981 regalibus
714 1899 887 1962 investitum
909 1897 1061 1960 fidelitatis
1083 1903 1221 1979 prestare
1245 1898 1418 1960 iuramenta
1442 1917 1495 1979 per

297 2007 490 2090 interpositas
506 2028 667 2089 personas:
692 2008 828 2071 volumus
846 2013 875 2070 et
892 2006 1080 2075 mandamus,
1097 2011 1245 2087 quatenus
1262 2005 1399 2077 nunciis,
1418 2025 1493 2087 quos

177 2131 221 2170 Fol-
231 2132 286 2171 ⁴⁰¹³-
299 2117 336 2179 ad
352 2118 514 2180 Romanam
532 2117 645 2178 curiam
661 2114 795 2178 breviter
811 2115 1060 2186 transmittemus,
1076 2113 1259 2176 habentibus
1276 2113 1316 2174 ad
1337 2113 1494 2194 recipien-

298 2225 367 2297 dum
390 2244 407 2286 a
430 2229 459 2286 te
482 2223 635 2286 fidelitatis
658 2224 857 2286 iuramentum
880 2224 1011 2304 speciale
1034 2222 1224 2292 mandatum,
1252 2219 1400 2283 exhibere
1423 2220 1494 2283 velis

294 2332 460 2396 secundum
474 2352 588 2394 morem
604 2331 772 2414 principum
788 2331 940 2395 fidelitatis
957 2335 988 2392 et
1010 2330 1121 2410 omagii
1143 2328 1373 2400 iusiurandum
1400 2327 1490 2391 iidem

295 2440 390 2502 eciam
407 2439 506 2503 nuncii
523 2439 618 2502 nostri
633 2444 770 2521 patentes
787 2439 842 2501 tibi
857 2439 983 2502 afferent
998 2437 1115 2500 litteras
1128 2441 1251 2499 nostras,
1262 2435 1300 2497 de
1314 2436 1495 2498 investitura

294 2546 478 2630 principatus
507 2547 710 2628 sollempniter
737 2547 791 2609 tibi
820 2549 918 2619 facta,
952 2547 982 2608 in
1016 2545 1125 2628 quibus
1159 2544 1329 2626 precipitur
1358 2544 1496 2607 omnibus

294 2654 475 2725 baronibus,
503 2655 765 2727 ministerialibus,
793 2655 937 2726 vassalis,
966 2675 1002 2718 ac
1025 2653 1257 2736 quibuscunque
1274 2652 1314 2714 ad
1332 2652 1496 2716 ecclesiam

297 2769 376 2825 tuam
399 2761 622 2842 spectantibus,
650 2768 683 2826 ut
704 2763 759 2826 tibi
775 2769 917 2845 tanquam
933 2761 1013 2825 fideli
1036 2782 1072 2824 uc
1092 2761 1202 2824 dilecto
1219 2761 1355 2842 principi
1372 2761 1497 2824 Romani

296 2870 411 2952 imperii
427 2871 458 2933 in
476 2869 613 2933 omnibus
629 2876 756 2952 pareant
773 2877 802 2932 et
818 2870 983 2933 intendant.

385 3030 430 3084 flet
450 3029 583 3083 flcdnraun
602 3031 650 3082 mit
670 3031 718 3084 der
737 2992 919 3085 [lberscbriftz
942 3031 1041 3084 Gracia
1060 3030 1188 3100 specialis
1208 3029 1343 3099 episcopo
1364 3029 1397 3081 N.
1418 3028 1495 3084 factu,

295 3136 347 3189 qua
360 3119 490 3173 liudolf
495 3139 529 3172 us
543 3119 573 3172 R.
587 3119 616 3172 R.
632 3121 664 3180 el,
679 3121 744 3174 licet
756 3120 867 3180 absenti,
880 3122 981 3190 regalia
996 3120 1150 3172 transmittit
1165 3123 1217 3172 etc.

866 3415 928 3484 24.

652 3592 845 3654 Romanorum
869 3610 922 3653 rex
946 3589 976 3653 ll.
1001 3565 1140 3672 princtpl.

296 3749 382 3818 Kduip
407 3748 513 3818 liudolf
538 3748 695 3802 fibereendet
725 3748 807 3801 einem
839 3749 1010 3802 obweeenden
1039 3756 1165 3817 petreuen
1191 3746 1401 3817 fler'chcfrtrereu
1427 3747 1496 3801 aeine

812 3835 974 3908 Belebnuup.

386 3979 528 4040 Bodrnaun,
541 3998 567 4049 p.
584 3979 631 4032 151
649 3980 779 4033 liudolfus
793 3981 823 4034 R.
838 3982 867 4032 ll.
881 3981 994 4050 principi
1011 3985 1062 4032 etc.

387 4122 466 4185 Solis
489 4128 519 4184 et
541 4144 647 4186 aurore
670 4122 865 4204 infatigabilis
887 4124 1052 4186 fabricator
1075 4125 1113 4185 ad
1130 4127 1263 4186 Romane
1289 4123 1495 4188 monarchiam

296 4229 450 4308 dignitatis
463 4230 586 4292 mirifice
599 4231 802 4294 fabricandam
817 4231 1012 4312 semetipsum
1025 4232 1212 4294 fundamenti
1220 4231 1309 4293 solidi
1323 4230 1496 4314 primarium

295 4337 396 4417 posuit
423 4338 568 4418 lapidem,
598 4337 667 4399 dum
695 4357 851 4408 coronam,
880 4339 911 4400 in
938 4340 1058 4418 siguum
1087 4337 1274 4420 imperatorii
1306 4337 1496 4405 diadematis,

387 4496 608 4563 ffmffimh
