3108 5118
1182 319 1259 390 315

53 491 154 574 possit
170 490 318 573 effugere,
335 489 476 574 queniam
488 510 557 554 eum
571 493 671 556 credit
684 511 838 554 assumere
851 496 922 556 tune
936 492 1098 555 concludit.
1117 495 1260 558 Preterea

57 621 118 664 non
146 604 195 664 est
223 599 391 682 sapiencia,
421 621 457 662 ex
485 599 682 681 separacione
709 599 879 664 huiusmodi
907 599 1097 674 contristari,
1124 602 1204 667 sicut
1231 608 1262 665 et

58 709 174 783 ceteri,
197 709 351 794 quispam
368 729 403 773 ex
419 709 642 775 resurrectione
659 710 760 773 ultima
777 709 887 772 nullam
903 708 1024 771 babent.
1056 709 1261 774 Dubitandum

59 820 176 904 quippe
204 820 243 884 de
271 819 422 902 ipso'non
446 822 511 890 est,
537 819 609 902 quin
633 819 673 881 sit
699 818 729 880 in
755 816 806 881 illa
830 823 933 882 eterna
958 823 1054 900 patrie
1071 819 1261 892 constitutus,

59 931 147 994 cuius
179 929 212 992 in
242 929 332 992 terris
364 931 426 992 vita
456 927 622 1010 exemplum
649 927 749 990 multis
778 932 809 990 et
834 928 930 990 forma
958 927 1099 994 virtutum
1127 929 1263 992 noscitur

58 1038 207 1102 extitisse.
225 1037 371 1102 Ascendit
385 1037 487 1121 itaque
505 1057 573 1100 cum
589 1038 693 1120 lldoyse
711 1036 873 1120 dicens1):
890 1037 1041 1102 transiens
1058 1037 1166 1101 videbo
1184 1038 1262 1101 hanc

59 1147 220 1210 maximam
251 1147 406 1210 visionem.
437 1145 697 1228 -Quapropter
726 1146 873 1210 recedant
903 1146 1044 1220 lacrime,
1077 1167 1133 1212 nec
1164 1147 1262 1210 velitis

59 1256 246 1320 exacerbare
270 1275 380 1319 nomen
403 1254 540 1327 Domini,
569 1255 656 1319 cuius
680 1255 792 1319 iudicia
816 1260 886 1318 sunt
910 1255 1037 1338 abyssus
1060 1253 1207 1341 multae),
1236 1255 1262 1316 si

58 1373 164 1430 tamen
187 1364 321 1428 radicem
345 1369 487 1436 vestram,
512 1384 569 1448 que
593 1384 653 1428 non
677 1364 751 1427 obiit
775 1362 830 1426 sed
846 1363 930 1436 abiit,
955 1384 1024 1428 cum
1039 1364 1163 1428 summis
1181 1364 1264 1428 desi-

60 1475 176 1539 deratis
194 1475 349 1558 spiritibus
365 1473 498 1556 gloriari.

154 1639 191 1691 Es
213 1635 247 1690 ist
269 1637 342 1691 nicht
364 1635 593 1698 wahrscbeinlieb,
617 1634 678 1688 dass
701 1634 789 1689 dieser
812 1634 887 1689 BrIef
906 1651 938 1688 an
962 1635 1048 1705 Konig
1070 1635 1172 1690 liudolf
1195 1636 1262 1690 narb

61 1727 122 1782 dem
142 1727 219 1782 Tode
239 1727 328 1781 seines
347 1728 451 1781 Sobnes
471 1728 610 1780 Hartmann
630 1724 665 1796 (³5
682 1725 726 1778 20.
741 1727 890 1780 December
904 1725 991 1797 1281)
1012 1726 1145 1798 gerichtet
1158 1726 1263 1782 worden
1379 1723 1380 1726 ’

61 1819 116 1882 eei,
144 1818 214 1873 deno
238 1817 308 1872 deun
330 1825 399 1873 wlire
423 1819 521 1876 dassen
544 1816 765 1888 ungewbbnlicbe
788 1817 935 1880 Todeourt,
962 1818 988 1870 in
1012 1817 1061 1870 den
1085 1819 1190 1872 Wellen
1217 1818 1264 1873 des

62 1911 178 1974 Rbeins,
204 1909 273 1964 wohl
296 1909 412 1963 erwtihnt
435 1909 557 1970 worden,
580 1909 703 1980 dagegen
728 1925 788 1978 mag
811 1910 859 1962 das
882 1909 925 1962 ein
948 1907 1190 1999 Troslbriefuliber
1213 1909 1263 1962 den

59 2002 118 2058 Tod
145 2002 195 2055 des
222 1999 322 2054 dritten
350 2000 453 2054 Sohnes
479 1999 527 2054 des
549 1998 666 2070 Kdnigs‚
692 1999 741 2055 des
768 2001 887 2068 Herzogs
912 1999 1014 2054 liudolf
1037 2016 1086 2053 von
1109 2001 1263 2054 Deterrelelr

62 2089 412 2164 (emaummmm.

643 2314 704 2384 16.

486 2493 625 2560 Subdltns
643 2494 760 2558 domino
777 2501 841 2557 suo.

626 2615 706 2708 mm

57 2801 178 2872 Babcbof
187 2798 333 2856 Bembord
352 2818 404 2855 oon
418 2801 523 2855 Secluu
546 2801 657 2855 debcant
678 2800 737 2854 dem
756 2800 859 2872 Kdoipe
871 2799 976 2871 liudolf
992 2799 1066 2855 aeine
1083 2763 1187 2854 Sebuld
1208 2801 1264 2854 und

319 2891 470 2962 uotmmirft
482 2890 540 2947 oieb
551 2908 619 2962 pona
633 2891 692 2947 dem
708 2890 822 2947 Urtbeile
835 2892 884 2946 dee
898 2891 1008 2964 Kdoipe.

157 3042 284 3102 Gerbert,
297 3041 323 3102 2,
337 3041 381 3093 at.

152 3188 272 3252 Revixit
291 3187 413 3270 spiritus
437 3207 522 3251 meus
552 3187 746 3252 exultacionis
780 3188 933 3270 insperate
962 3183 1073 3269 gaudio
1104 3185 1264 3260 excitatus,

54 3296 181 3361 sedenti
197 3297 229 3359 in
244 3296 379 3360 tenebris
397 3302 428 3359 et
444 3295 549 3360 umbra
567 3296 673 3360 mortis
698 3296 747 3358 lux
765 3302 810 3359 est
827 3296 919 3360 miehi
935 3298 999 3360 risa
1016 3297 1124 3360 celitus
1141 3297 1264 3368 exoriri,

55 3410 119 3472 iam
134 3405 231 3488 pulsis
249 3426 265 3467 e
281 3405 381 3468 medio
397 3423 557 3468 raucorum
576 3404 710 3475 nebulis,
734 3423 807 3487 quas
825 3407 888 3468 suis
906 3405 1026 3470 follibus
1044 3407 1123 3470 labri
1139 3407 1267 3470 induxe-

57 3522 130 3581 rant
158 3515 317 3599 aquilonis.
349 3515 483 3597 Repente
513 3513 662 3598 siquidem
690 3522 790 3577 vestre
819 3515 992 3579 serenitatis
1019 3509 1107 3580 iubar
1133 3496 1265 3580 lucidum

57 3624 153 3690 michi
172 3625 289 3705 gaudeo
306 3623 458 3694 arrisisse,
475 3625 660 3705 complector
677 3627 708 3687 et
725 3605 814 3686 teneo
838 3643 929 3705 super
950 3643 1054 3688 aurum
1080 3629 1111 3688 et
1125 3625 1266 3706 topazion

57 3735 165 3798 literas
193 3739 328 3806 vestrae,
357 3752 430 3816 quas
453 3732 544 3796 michi
561 3731 683 3815 quidem
700 3731 808 3795 detulit
824 3733 949 3814 angelus
971 3733 1074 3814 pacis,
1103 3733 1265 3817 inquibus

58 3865 178 3910 ramum
193 3844 288 3916 olive,
311 3863 362 3907 ore
380 3842 548 3907 columbino
565 3846 753 3924 porrectum,
771 3841 809 3905 ad
825 3841 920 3906 instar
936 3843 1004 3907 Noe
1022 3843 1197 3908 fluctuantis
1214 3866 1262 3908 me

59 3955 205 4038 profiteor
231 3955 396 4036 recepisse.
425 3953 573 4036 Denique,
601 3956 750 4015 annuente
778 3951 917 4022 Domino,
945 3953 1090 4034 gaudium
1112 3973 1265 4036 magnum,

59 4064 331 4149 quemadmodum,
353 4062 423 4126 dum
446 4062 524 4143 gallo
541 4061 582 4147 a)
599 4066 727 4124 canente
750 4079 820 4142 spes
845 4061 950 4132 rediit,
984 4063 1088 4126 retusa
1110 4068 1158 4125 est
1183 4063 1263 4126 salus

161 4229 325 4299 mame

68 4387 249 4400 w..

88 4488 112 4549 1)
130 4489 208 4536 Exod,
219 4487 243 4540 3,
256 4488 278 4530 3.

89 4572 110 4632 ²)
130 4573 204 4616 Poalm
217 4570 258 4621 35,
270 4569 293 4612 7.
