3116 5124
1153 343 1230 419 135

35 521 176 603 corrigas
200 528 267 587 tam
285 523 429 607 incapite
458 542 544 606 quam
561 523 591 586 in
619 521 770 587 membris.
803 523 876 587 Cum
893 528 992 586 autem
1007 522 1115 607 prelati
1132 520 1232 586 eecle-

34 630 148 692 siarum
166 652 241 714 sepe
257 638 382 716 propter
398 632 617 714 oeoupaciones
634 631 811 715 multiplices
834 637 864 695 et
887 631 1062 696 occasiones
1079 631 1151 694 alias
1174 651 1233 693 non

37 738 195 836 sulliciapt
211 742 383 805 ministrare
404 741 514 824 populo
539 740 663 804 verbum
686 741 742 804 Dei
771 746 801 804 et
824 739 862 804 ob
889 739 949 804 hoc
973 747 1116 805 statutum
1143 741 1233 804 suerit

35 847 65 911 in
90 849 224 917 concilio
247 849 397 933 generali,
425 855 458 914 ut
480 849 517 914 ad
541 856 644 913 sancte
667 849 882 932 predicationis
906 847 1036 912 officium
1063 849 1117 912 viri
1146 869 1233 913 assu-

34 965 157 1023 mantur
180 959 311 1042 ydonei,
338 965 477 1042 potentes
506 959 649 1041 inopere
673 965 703 1022 et
726 979 881 1030 sermone,
905 957 955 1040 qui
978 959 1083 1041 plebes
1107 959 1234 1022 sollicite

34 1068 219 1142 visitantes,
249 1090 301 1133 eas
328 1069 421 1133 verbo
450 1067 591 1132 edificent
619 1073 649 1131 et
672 1047 822 1150 exemplo:
848 1068 964 1151 aliquos
987 1069 1025 1131 de
1049 1068 1167 1132 clericis
1184 1073 1234 1131 tue

34 1177 181 1260 dyocesis
202 1184 305 1242 tecum
326 1177 479 1241 associare
500 1196 663 1258 procures,
692 1175 742 1259 qui
766 1175 957 1240 coadiutores
974 1181 1005 1239 et
1022 1182 1234 1260 cooperatores

33 1287 192 1372 inquibus
207 1289 336 1371 expedit,
350 1288 522 1359 existentes,
534 1294 595 1351 tam
611 1286 702 1350 verbo
718 1286 938 1369 predicacionis
952 1305 1040 1370 quam
1052 1287 1236 1352 visitacionis

35 1397 139 1462 officio
183 1397 240 1461 tibi
272 1397 446 1480 suffragium
479 1397 692 1460 convenienter
722 1397 901 1478 inpendant,
946 1404 1093 1479 quatenus
1125 1403 1175 1460 tua
1207 1403 1237 1459 et

37 1508 179 1590 ipsorum
196 1505 398 1570 sollicitudine
421 1506 497 1569 muri
529 1506 698 1569 Jerusalem
714 1510 745 1568 et
760 1507 902 1588 templum
914 1504 1032 1567 Domini
1048 1511 1235 1589 reparentur.
1313 1555 1320 1564 .

38 1619 69 1682 Si
102 1637 181 1679 vero
214 1615 377 1700 quidquam
410 1612 596 1678 difficultatis
624 1614 797 1686 emerserit,
826 1612 905 1698 quod
937 1613 1073 1678 rideatur
1102 1634 1158 1697 per
1184 1635 1237 1678 vos

40 1724 180 1809 expediri
219 1744 279 1787 non
309 1743 418 1805 posse,
450 1722 480 1785 id
512 1723 610 1804 ipsum
641 1723 679 1786 ad
711 1722 815 1786 sedem
846 1722 954 1786 referri
977 1723 1016 1805 a)
1045 1723 1238 1804 apostolicam

43 1853 203 1918 procures.
238 1831 300 1894 Nos
318 1830 397 1894 enirn
418 1833 448 1894 in
470 1829 546 1903 hiis,
574 1836 664 1914 prout
687 1837 864 1914 oportunum
880 1829 988 1902 fuerit,
1004 1830 1058 1894 tibi
1076 1831 1240 1896 efficaciter

44 1943 225 2007 assistemus
242 1940 493 2017 etneeessarium
509 1939 704 2022 inpendemus
729 1940 869 2004 auxilium
892 1945 922 2002 et
943 1940 1085 2003 favorem.
1126 1941 1239 2022 Quodsi
1332 1945 1345 1968 ‘

44 2073 131 2136 super
147 2051 229 2123 hiis,
252 2069 309 2134 que
327 2049 549 2119 mandarimus,
581 2047 738 2131 negligens
755 2054 892 2130 repertus
909 2047 1001 2111 fueris
1023 2027 1069 2111 vel
1087 2044 1240 2122 remissus,

42 2181 108 2226 cum
131 2158 254 2222 securis
283 2157 320 2221 ad
343 2156 475 2220 radicem
503 2156 687 2220 int'ructuose
717 2156 833 2220 arboris
871 2155 910 2218 sit
937 2157 1091 2238 ponenda,
1120 2177 1240 2240 gravem

36 2291 149 2355 penam
190 2276 334 2350 tanquam
367 2266 417 2350 qui
453 2285 489 2328 ex
516 2265 574 2328 hoc
602 2263 782 2348 eulpalibem
824 2271 855 2327 te
884 2265 1003 2338 reddis,
1038 2268 1153 2348 poteris
1183 2287 1242 2330 non

40 2379 186 2445 inmerito
203 2375 374 2440 formidare.

143 2555 266 2628 Rayuald
281 2555 312 2608 ad
328 2572 351 2606 a.
371 2553 450 2614 1227,
470 2552 496 2624 ξ.
511 2553 555 2611 63.
569 2552 646 2606 thailt
664 2555 706 2606 ein
725 2553 890 2607 llruehsliick
912 2554 998 2609 ‹liescs
1023 2555 1066 2608 boi
1092 2556 1143 2609 ilrm
1163 2574 1243 2626 anay-

46 2651 135 2704 cliseh
161 2649 323 2720 gehaltouen
344 2646 508 2700 Schneibens
530 2651 611 2698 anter
632 2643 690 2697 dom
715 2645 807 2699 Datum
826 2645 961 2713 Anagniae
979 2647 1000 2698 ll
1021 2647 1058 2700 ld.
1076 2648 1129 2701 Jal.
1150 2649 1243 2717 pontii.

48 2741 138 2796 nostri
154 2757 178 2793 a.
194 2738 220 2792 1.
234 2738 288 2798 mit,
302 2737 353 2789 und
367 2737 442 2788 loitet
457 2753 486 2788 es
500 2735 747 2804 folgendermassen
760 2734 816 2789 ein:
831 2735 950 2807 insignes
964 2742 1025 2790 sunt
1038 2755 1069 2790 eo
1091 2746 1244 2808 arguamalo

47 2834 149 2886 literae
168 2831 201 2882 ad
213 2829 345 2882 lnsubriae
359 2828 496 2898 praesules
510 2831 645 2890 exaratae,
659 2826 837 2897 quibusipsos
858 2828 990 2891 hortatur,
1012 2835 1041 2882 nt
1065 2829 1245 2901 exstirpandis

42 2923 209 2994 populorum
227 2919 297 2972 viliis
315 2925 453 2980 vacarent,
475 2923 586 2988 paterne
605 2917 727 2970 admonet
743 2925 793 2970 ete.
811 2949 840 2960 -
861 2918 994 2972 Bodrnann
1017 2938 1042 2991 p.
1057 2920 1110 2972 225
1135 2921 1180 2974 hat
1193 2922 1245 2976 den

50 3012 253 3081 vollsoanuigen
267 3010 343 3063 Briol
353 3009 399 3062 mit
413 3011 521 3080 einigerl
532 3007 754 3077 laweiehungen
764 3007 863 3076 jedoelr
880 3010 949 3062 olane
962 3011 1062 3065 Nomen
1076 3013 1127 3064 und
1143 3012 1245 3065 [latram.

630 3235 687 3305 16.

381 3416 460 3498 lopo
477 3417 544 3478 duel
562 3394 678 3478 lustrle
695 3415 742 3478 vol
759 3415 850 3478 alienl
866 3415 936 3478 allo.
955 3445 962 3474 ι

475 3576 554 3630 1253.
568 3577 619 3631 Juli
635 3575 700 3628 oder
717 3576 830 3646 August.

48 3727 184 3780 Innocens
212 3723 258 3776 IV.
285 3719 391 3793 furder!
412 3722 462 3775 den
479 3722 582 3793 joopen
612 3723 713 3792 Hrraop
740 3739 788 3774 vora
817 3712 982 3788 Oetmreieh,
1009 3721 1117 3790 Otcltur,
1136 3723 1200 3794 ures,
1225 3722 1252 3777 in

48 3814 239 3872 uankoarlreit
254 3812 304 3884 fala
322 3812 367 3868 die
383 3811 631 3884 auyenselroinlr'rlea
653 3813 762 3875 Gauda,
782 3812 829 3865 mit
849 3813 898 3865 der
914 3813 973 3866 Gott
986 3811 1034 3884 alra,
1049 3811 1077 3866 io
1090 3813 1140 3867 der
1159 3813 1254 3868 Bluele

49 3909 99 3962 der
120 3906 233 3978 lupeno
250 3922 280 3960 oo
301 3903 414 3958 erdodea
431 3902 513 3968 dode,
536 3904 595 3956 dem
618 3902 720 3974 Kdna'pe
753 3901 872 3957 Willatm
898 3904 923 3956 ia
947 3905 996 3958 der
1019 3893 1175 3978 Forderunp
1199 3908 1255 3960 arrd

287 3995 461 4067 Befestipunp
473 3995 523 4048 der
535 3991 654 4047 areikeis
667 3995 717 4048 der
731 3992 830 4048 Kirede
842 3993 1016 4049 dcizuatelaan.

147 4141 183 4208 Si
191 4140 287 4224 gratis
302 4140 406 4224 illapsa
416 4140 468 4204 tihi
479 4141 608 4223 desuper
614 4159 768 4204 munerum
779 4140 816 4225 b)
824 4139 971 4205 beneficia
982 4141 1146 4207 divinorum
1160 4143 1254 4225 gratis

56 4254 203 4324 assumis,
220 4249 300 4315 aliud
318 4250 409 4332 digne
423 4271 482 4312 non
498 4251 611 4322 valens,
627 4256 657 4314 te
674 4250 772 4332 ipsum
784 4250 814 4312 in
826 4249 923 4313 laudis
937 4249 1117 4314 sacrificinm
1129 4252 1255 4317 Domino

57 4359 164 4436 debes,
189 4360 241 4445 qui
264 4359 368 4424 florem
391 4358 554 4424 iuventutis
578 4364 629 4422 tue
646 4359 684 4422 ad
698 4364 859 4441 provectus
876 4359 995 4443 hylares
1012 4367 1073 4425 tam
1089 4363 1255 4426 manifestis
1267 4402 1375 4443 popm,

146 4583 184 4652 a)
198 4578 297 4634 reterri
311 4595 349 4630 am
363 4577 465 4632 Rands.
482 4605 513 4616 -·
527 4578 559 4647 b)
573 4574 671 4632 innu'm
685 4580 753 4631 etna
765 4601 800 4624 =
814 4577 840 4631 in
858 4594 992 4634 numerum
1007 4577 1105 4635 Codex.
