3112 5118
844 472 906 542 29.

645 649 839 712 homanorum
862 665 915 710 rex
940 646 971 710 ll.
996 649 1122 729 prelato.

283 809 335 863 Εἰπ
354 805 502 862 rdmiaclter
520 806 607 877 Konip
620 805 775 878 (dodolfl)
799 803 887 860 maedi
904 805 962 860 adn
981 805 1064 860 liecht
1082 808 1133 861 der
1152 805 1303 878 primariae
1317 825 1421 878 preces
1436 808 1481 878 for

418 897 475 951 eine
487 895 628 952 bestimmte
640 898 741 951 Person
753 896 871 967 geltend,
885 897 930 950 die
943 913 973 950 er
986 899 1027 950 alo
1041 896 1191 952 Cononicuc
1204 895 1351 968 empfielalt.

377 1045 458 1098 Gerb.
472 1044 498 1106 1,
510 1041 554 1098 46.
569 1043 679 1108 Slchbe,
692 1043 737 1098 81.

358 1189 468 1271 'Regia
499 1188 664 1251 maiestatis
697 1188 911 1270 splendescens
944 1188 1091 1251 serenitas
1124 1189 1169 1250 sic
1201 1189 1326 1252 aliorum
1360 1190 1427 1252 iura
1453 1196 1481 1253 et

284 1295 517 1358 consuetudines
533 1294 665 1375 protegit
682 1300 712 1357 et
727 1299 844 1365 tuetur,
873 1293 953 1376 quod
969 1294 1130 1377 unicuique
1148 1316 1234 1358 suum
1252 1316 1322 1358 esse
1340 1295 1480 1360 tribuitur

284 1409 314 1474 et
330 1409 475 1467 servatur.
495 1401 611 1483 Quanto
629 1403 725 1484 magis
742 1403 808 1484 ipsa
825 1402 910 1484 regia
925 1401 1154 1484 magnificencia
1170 1405 1294 1485 propria
1313 1404 1382 1469 iura
1397 1411 1482 1467 tene-

282 1517 332 1574 tur
353 1511 530 1581 defendere,
557 1529 615 1592 que
638 1511 762 1572 aliorum
784 1510 889 1573 nititur
911 1513 1112 1574 conservare?
1144 1511 1219 1574 Cum
1240 1511 1335 1592 igitur
1358 1513 1482 1597 antiqua

284 1626 314 1683 et
336 1619 500 1701 approbata
522 1618 581 1680 tale
605 1618 653 1681 ius
676 1619 785 1682 nostris
810 1618 1068 1690 antecessoribus,
1092 1619 1169 1681 divis
1194 1618 1429 1701 imperatoribus
1452 1625 1482 1688 el

281 1727 424 1810 regibus,
453 1727 613 1790 contulerit
642 1727 847 1797 consuetudo,
877 1727 957 1810 quod
991 1727 1108 1808 singule
1135 1747 1264 1809 persone
1293 1728 1324 1792 in
1353 1729 1479 1810 singulis

281 1835 506 1899 kathedralibus
530 1840 560 1899 et
587 1834 653 1896 aliis
671 1834 837 1916 collegiatis
867 1836 1005 1899 ecclesiis
1035 1837 1078 1898 ad
1105 1835 1311 1917 primarias
1340 1857 1479 1918 preces

279 1944 410 2026 regias
427 1944 521 2025 recipi
539 1943 669 2006 debeant
684 1943 714 2004 in
732 1943 894 2006 canonicos
913 1949 943 2007 et
959 1943 1126 2015 iniratres,
1144 1943 1327 2026 prebendas,
1354 1964 1423 2008 cum
1447 1966 1481 2008 se

280 2053 407 2117 facultas
425 2051 581 2123 obtulerit,
605 2051 758 2132 adepturi:
784 2072 838 2114 nos
857 2051 1019 2115 eorundem
1036 2050 1286 2133 predecessorum
1310 2060 1481 2116 nostrorum

280 2159 417 2240 vestigiis
435 2159 622 2227 inherentes,
643 2178 696 2239 pro
714 2159 750 2221 N.
769 2158 926 2241 primarias
944 2158 1029 2222 vobis
1047 2159 1203 2240 dirigimus
1220 2179 1329 2241 preces
1347 2167 1479 2232 nostras,

280 2273 424 2352 rogantes
449 2266 618 2331 cumomni
642 2267 789 2330 instancia
814 2271 844 2329 et
865 2266 986 2338 affectu,
1008 2267 1094 2348 regia
1117 2267 1328 2330 nichilominus
1346 2270 1481 2333 auetori-

279 2383 342 2442 tate
365 2376 559 2446 mandantes,
584 2382 750 2458 quatenus,
772 2375 962 2440 considerata
984 2375 1156 2457 ydoneitate
1178 2396 1326 2458 persone,
1352 2378 1481 2441 eundem

279 2486 374 2550 nostri
391 2506 492 2548 amore
509 2485 539 2547 in
556 2489 687 2547 vestrum
714 2483 874 2565 collegium
897 2483 1090 2546 canonicatus
1107 2484 1251 2547 honorem
1266 2486 1408 2567 recipere
1425 2507 1482 2550 non

277 2595 414 2675 negetis,
437 2579 641 2675 prebendam,
665 2593 690 2654 si
714 2612 771 2675 qua
794 2612 874 2655 nunc
898 2598 1003 2664 vacat,
1027 2593 1073 2654 vel
1097 2595 1316 2676 quamprimum
1339 2595 1378 2657 ad
1396 2595 1428 2658 id
1445 2615 1476 2658 se

275 2701 416 2765 obtulerit
432 2701 573 2771 facultas,
598 2700 667 2772 sibi,
691 2707 832 2763 cessante
850 2700 1012 2764 occasione
1037 2700 1180 2783 qualibet,
1204 2701 1354 2774 collaturi,
1378 2703 1478 2766 taliter

273 2811 432 2880 l'aeientes,
455 2815 488 2872 ut
510 2809 579 2872 dum
596 2809 660 2872 iura
677 2810 764 2891 regia
781 2828 840 2871 non
857 2808 1002 2882 minuitis,
1026 2810 1159 2890 regalem
1176 2810 1217 2896 a)
1233 2809 1327 2874 libeat
1345 2811 1477 2875 clemen·

275 2921 363 2991 ciam,
378 2917 548 2982 libertatem
565 2924 663 2980 vestre
681 2919 811 2980 ecclesie
825 2917 1041 2988 conminuere,
1059 2917 1113 2979 sed
1126 2936 1250 2998 augere,
1268 2938 1326 2981 nec
1341 2925 1478 3001 oporteat
1528 2943 1531 2956 ·

276 3047 367 3108 super
382 3027 575 3109 promocione
588 3026 717 3108 predicti
734 3027 770 3089 N.
788 3025 899 3089 iterato
916 3023 1002 3087 vobis
1020 3023 1151 3106 dirigere
1169 3025 1283 3108 scripta
1300 3033 1417 3090 nostra.

837 3340 899 3408 30.

571 3576 572 3580 ,
621 3515 816 3577 Romanorum
840 3533 893 3576 ren
917 3512 948 3575 ll.
974 3515 1124 3595 episcopo.

672 3672 752 3725 1274.
767 3672 827 3725 luni
842 3689 865 3725 c.
880 3669 1071 3742 (Hagencwe.)

275 3823 305 3874 K.
320 3817 424 3889 liudolf
440 3817 546 3888 fordcrt
568 3816 645 3870 einen
658 3815 775 3885 Biaebos
793 3815 857 3885 auf,
881 3813 934 3882 auf
952 3815 1011 3868 dem
1024 3812 1181 3885 Reicdctcge
1201 3833 1233 3870 au
1247 3816 1396 3888 Nornoery
1415 3819 1472 3886 (om

648 3907 689 3961 11.
703 3907 769 3960 Noc.
785 3905 880 3974 1274)
894 3923 926 3958 zu
940 3904 1104 3960 eraclea'oco,

362 4055 452 4110 Bcdm.
466 4073 492 4124 p.
507 4053 569 4106 158.

362 4199 406 4262 hd
434 4199 566 4262 Romane
598 4195 770 4259 monarchis
804 4195 961 4276 dirigenda
992 4194 1142 4256 molimina
1175 4214 1229 4257 sue
1257 4194 1470 4280 *misericordie

273 4307 414 4370 unctione
432 4307 471 4392 d)
494 4326 549 4368 nos
577 4324 694 4386 ungens
723 4302 903 4372 altissimus,
931 4299 1013 4364 illum
1041 4320 1146 4363 revera
1174 4301 1324 4364 servande
1352 4300 1471 4364 iusticie

361 4505 395 4572 a)
411 4505 529 4574 regalem
544 4518 583 4555 am
596 4501 688 4554 hande
702 4500 732 4553 V.
752 4532 781 4542 -
797 4499 828 4568 d)
845 4500 968 4552 unctione
983 4515 1024 4551 am
1038 4496 1132 4553 Raude
1145 4497 1175 4553 V.
