3108 5118
1214 354 1290 427 325

92 562 193 626 eciam
210 561 241 624 in
257 559 403 642 proximo,
421 558 498 621 duce
515 557 679 629 Altissimo,
697 556 782 621 vobis
801 553 1031 638 presencialiter
1052 570 1107 614 nos
1124 549 1244 621 offerre,
1261 554 1293 610 ut

93 676 183 754 grate
210 667 380 732 dilectionis
405 666 536 737 allectio,
560 665 744 729 successivis
768 667 912 727 concreta
933 659 1133 744 profectibus.
1155 659 1186 722 in
1201 655 1294 741 profi-

94 799 170 844 cuos
189 785 221 842 et
235 779 377 860 profusos
394 777 527 860 graciosi
544 774 688 857 germinis
705 773 843 856 palmites
861 771 1024 836 adolescat.

193 939 309 995 Gerbert
333 939 401 991 ltsst
427 936 519 990 diesen
546 935 622 989 Briel
644 950 692 988 von
717 931 819 987 Rudoll
840 948 872 985 an
898 930 949 984 den
975 929 1098 985 Cardinal
1124 929 1220 984 Petrus
1246 943 1295 1011 von

93 1030 254 1086 Tarentaise
274 1045 321 1082 aus
346 1029 405 1082 dem
425 1025 635 1097 Prcdigerorden
663 1022 824 1094 (uachmals,
842 1022 923 1091 Papst
947 1023 1076 1075 lnnocenz
1095 1022 1140 1084 V.;
1164 1022 1229 1073 tiber
1251 1018 1296 1072 ibn

95 1121 182 1192 vergi.
197 1119 296 1187 Quetil
305 1123 332 1174 et
345 1117 450 1172 Eehard
466 1117 622 1187 Scriptores
636 1115 692 1168 ord.
709 1112 801 1184 praed.
815 1111 840 1175 l,
855 1111 924 1184 350)
938 1113 1114 1182 gesebrieben
1128 1109 1195 1174 sein,
1221 1109 1298 1163 dafvir

95 1212 186 1267 findet
207 1212 264 1266 sich
284 1209 387 1280 jedoch
409 1208 436 1262 in
459 1208 508 1262 den
534 1207 597 1262 sebr
620 1204 760 1274 allgemein
784 1203 942 1274 gehalteneu
956 1203 1068 1258 Worten
1083 1202 1223 1257 desselben
1236 1201 1298 1254 lvcin

96 1293 307 1375 Anhallspunlrt.

676 1513 740 1584 27.

485 1689 565 1753 dives
582 1689 613 1754 ll.
631 1659 827 1754 bumanorum
843 1689 916 1771 regi.

558 1847 634 1901 Euda
648 1847 729 1901 12⁷5.
743 1844 846 1901 Leodii.

98 1993 151 2048 Dic
163 1994 271 2064 Bdrper
292 2009 342 2048 coo
355 1991 460 2046 Lucano
479 1991 559 2046 litteo
581 1993 633 2046 den
656 1992 744 2064 Ko'nr'p
756 1990 867 2062 Rudolf,
891 1990 932 2045 aie
952 2006 1000 2044 vor
1023 1991 1074 2044 deo
1090 1977 1253 2059 llberprt'ffcn
1270 2006 1302 2041 au

5 2089 6 2092 ’
97 2083 240 2147 ecbdtzcn,
274 2083 375 2139 rcclcbe
399 2083 446 2137 die
474 2082 672 2145 Geietlicbleeit,
705 2091 832 2156 pcatttztr
847 2080 901 2152 auf
921 2083 970 2136 dee
995 2081 1099 2151 Kdm’qs
1124 2079 1300 2150 Prioilepo'eo,

616 2173 674 2226 etet
688 2173 802 2228 erlaude.

199 2318 280 2374 Gerb.
295 2319 319 2379 2,
334 2319 377 2370 27.

197 2465 275 2548 Quia
299 2466 492 2529 ordinacione
515 2465 633 2536 divina,
662 2487 678 2529 a
702 2485 760 2549 qua
776 2465 817 2550 a)
835 2465 930 2529 omnis
958 2470 1094 2548 potestas
1119 2463 1306 2533 conceditur,

102 2594 221 2638 summa
239 2574 283 2636 rei
300 2575 420 2656 publice
436 2574 578 2657 potencia
595 2581 695 2638 vestre
719 2574 886 2637 dinoscitur
908 2573 1073 2637 clemencie
1090 2572 1250 2644 attributa,
1276 2575 1308 2633 ut

100 2703 160 2765 per
176 2688 279 2746 vestre
295 2683 509 2764 magnitudinis
526 2683 661 2765 vigorem
679 2687 876 2746 conservetur
892 2682 1013 2747 iusticia
1029 2688 1060 2746 et
1075 2683 1183 2745 iniurie
1202 2685 1309 2745 exstir-
1327 2691 1329 2695 ’

104 2797 238 2876 pentur,
265 2789 398 2855 fidelium
426 2792 578 2854 relevetur
601 2791 741 2855 debilitas
765 2798 795 2854 et
811 2793 938 2855 torcium
954 2791 1079 2874 rebellio
1097 2794 1310 2874 comprimatur

105 2906 139 2963 et
156 2898 257 2964 omnia
285 2900 364 2962 iusto
388 2901 489 2982 legum
511 2901 668 2964 libramine
685 2901 716 2964 in
734 2901 900 2965 Salvatoris
918 2903 1046 2966 servicio
1064 2903 1246 2983 dirigantur:
1271 2900 1310 2964 ad

105 3008 276 3072 maiestatis
306 3012 406 3071 vestre
430 3010 624 3072 clemenciam
651 3010 694 3072 de
718 3010 948 3091 penultimis
973 3010 1129 3073 Romani
1153 3009 1310 3092 imperii

107 3116 261 3182 finibus
297 3124 509 3188 recurrentes,
538 3118 593 3181 sub
622 3125 723 3181 vestre
755 3119 858 3200 gracie
891 3117 1078 3183 confidencia
1109 3119 1234 3202 speciali
1261 3120 1311 3207 b),

108 3225 283 3290 celsitudini
314 3226 400 3308 regie
433 3227 587 3299 duximus,
627 3249 687 3290 non
725 3228 841 3311 absque
879 3228 983 3292 dolore
1016 3237 1047 3292 et
1077 3229 1311 3313 perturbacione

106 3335 263 3405 cordium,
292 3334 506 3407 intimandum,
535 3336 614 3418 quod
631 3336 823 3399 honorabiles
840 3337 914 3409 viri,
943 3337 1042 3400 clerus
1061 3339 1192 3402 civitatis
1210 3344 1312 3402 nostre

103 3445 141 3508 N.
167 3443 206 3530 ¹),
223 3442 295 3505 licet
310 3443 408 3524 ipsum
427 3442 506 3507 omni
523 3463 582 3526 qua
604 3465 764 3527 possumus
788 3445 988 3509 veneracione
1012 3447 1158 3519 colamus,
1182 3447 1312 3511 civitatis

107 3561 212 3617 tamen
231 3557 261 3614 et
277 3551 375 3615 tocius
391 3552 488 3634 patrie
506 3558 608 3616 nostre
626 3553 736 3635 quietis
755 3559 785 3616 et
800 3555 884 3638 pacis
902 3555 1069 3637 inpaciens,
1087 3576 1156 3619 cum
1179 3556 1216 3618 de
1239 3555 1313 3638 ipsis

109 3659 203 3724 nichil
220 3661 445 3741 suspicaremus
459 3661 589 3733 adversi,
604 3662 753 3744 quoddam
765 3662 966 3744 privilegium,
980 3665 1127 3728 hacteuus
1136 3665 1314 3737 inauditum,

111 3771 250 3830 avestra
267 3765 497 3848 magnificencia
514 3767 582 3840 sibi,
601 3773 632 3830 ut
654 3775 804 3840 asserunt,
828 3769 1012 3843 innovatum,
1037 3770 1244 3836 confirmatum
1261 3794 1315 3837 seu

112 3876 210 3940 eciam
229 3874 425 3946 declaratum,
443 3897 538 3960 nuper
554 3878 634 3960 apud
650 3898 705 3941 nos
722 3878 795 3941 lecit
817 3878 848 3940 in
864 3879 1023 3942 multorum
1040 3884 1201 3964 presencia
1217 3881 1317 3964 publi-

113 3986 188 4055 cari,
207 3983 289 4067 quod
306 3990 482 4068 perceptum
504 3991 551 4048 est
564 3990 594 4048 et
607 3985 769 4049 deductum
782 3987 813 4049 in
825 3986 976 4070 publicam
988 3990 1155 4052 necionem.
1175 3990 1316 4073 Quamvis
1328 4022 1373 4064 Μ,
1382 4020 1408 4062 49
1417 4021 1438 4060 a,

111 4100 224 4166 autem,
242 4098 385 4176 tanquam
401 4093 567 4176 improvisi,
584 4095 707 4159 tonitrui
721 4095 831 4159 ictibus
845 4102 876 4161 et
888 4097 1019 4160 fulminis
1033 4104 1148 4161 terrore
1161 4098 1318 4163 attonitam

114 4203 235 4266 turbam
268 4202 492 4284 perturbaverit
508 4203 546 4289 c)
570 4203 758 4274 universam,
791 4205 888 4286 ipsum
922 4210 1039 4278 tamen,
1070 4211 1193 4288 propter
1224 4208 1321 4273 vestri

168 4366 170 4374 ’
206 4366 240 4434 a)
257 4383 310 4435 quo
325 4366 355 4418 V.
370 4395 405 4403 —
420 4363 451 4434 b)
466 4365 656 4422 confidenciam
673 4366 818 4442 specialem
832 4367 862 4422 V.
879 4398 909 4406 -
925 4369 957 4438 c)
972 4370 1136 4439 perturbavit
1148 4371 1176 4423 Z.

142 4581 166 4642 ¹)
184 4581 331 4628 leodiensis.
