3112 5118
288 295 363 368 162

284 467 417 549 vigorem
445 472 612 530 assumeret
641 471 671 529 et
693 467 885 530 menbrorum
914 466 1051 530 condicio
1075 467 1112 530 de
1137 469 1182 532 sui
1204 468 1344 551 principii
1361 469 1473 534 robore

282 573 458 638 firmaretur.
485 573 562 656 Quia
589 575 682 656 igitur
709 574 840 655 grandes
869 575 1034 655 apostolice
1063 575 1145 638 sedis
1176 583 1300 640 eventus
1331 583 1362 640 et
1385 597 1472 641 casus

281 688 312 745 te
343 681 484 764 ignorare
515 702 575 746 non
606 681 760 752 convenit,
794 688 937 764 tanquam
968 681 1174 754 necessarium
1204 685 1312 748 matris
1345 685 1474 747 ecclesie

281 790 503 860 munimentum,
534 795 657 871 propter
689 808 758 872 que,
790 789 973 852 necessitate
1005 795 1143 870 urgente,
1171 796 1253 854 tuam
1286 797 1318 854 ct
1350 792 1476 854 aliorum

280 896 425 962 habemus
437 896 625 978 presenciam
637 895 795 978 plurimum
809 901 995 977 oportunam,
1008 897 1228 961 fraternitatem
1241 903 1323 961 tuam
1330 917 1474 980 rogamus

166 1081 174 1102 ι
281 1008 312 1068 et
327 1003 480 1068 hortamur
496 1009 609 1068 attente
631 1004 808 1068 mandantes
821 1004 879 1089 a),
908 1010 1055 1086 quatenus
1072 1006 1111 1068 ad
1126 1006 1315 1087 presenciam
1338 1011 1473 1069 nostram

280 1111 479 1194 personaliter
508 1110 628 1183 venias,
657 1110 736 1174 omni
759 1112 920 1174 occasione
942 1113 1129 1194 postposita,
1150 1113 1193 1176 Ν.
1211 1113 1339 1178 termino
1358 1113 1417 1200 α),
1445 1118 1477 1176 ut

279 1218 390 1283 habeat
416 1223 521 1283 sancta
547 1224 644 1282 mater
671 1219 802 1282 ecclesia
829 1220 860 1282 in
890 1218 949 1282 lilio
978 1227 1131 1302 speratum
1161 1242 1196 1284 eu
1219 1228 1270 1284 tua
1296 1221 1476 1284 visitacicne

279 1328 423 1392 solacium
454 1333 485 1392 et
515 1331 635 1410 gratum
666 1327 782 1409 providi
815 1328 933 1391 consilii
966 1329 1188 1401 fulcimentum,
1225 1330 1348 1412 proviso
1382 1335 1415 1396 ut
1446 1330 1476 1393 in

277 1455 473 1519 personarum
501 1441 532 1499 et
559 1435 749 1500 evectionum
776 1436 931 1500 moderato
960 1457 1083 1500 numero
1110 1438 1213 1501 venire
1240 1456 1407 1519 procures,
1437 1423 1473 1501 nd

279 1545 382 1608 forsan
405 1562 441 1607 ex
462 1562 498 1605 eo
520 1548 571 1606 tue
595 1542 726 1606 videaris
744 1543 874 1606 ecclesie
891 1543 979 1608 nimis
996 1545 1125 1608 existere
1142 1565 1288 1609 onerosus
1306 1545 1358 1631 β).

370 1704 565 1776 llrgdneuagen
588 1721 636 1758 aus
661 1702 834 1758 lluill.-Brdlr.
848 1705 879 1760 V.
895 1704 976 1758 loco.
1001 1704 1152 1775 Gregorius
1176 1706 1305 1776 episcopo
1324 1707 1476 1761 Senonensi

279 1797 331 1849 etc.
345 1823 380 1834 -
394 1792 427 1865 α)
447 1810 533 1864 usque
554 1794 587 1848 ad
611 1795 760 1865 proximum
781 1795 878 1850 festum
900 1797 1111 1850 resurrectionis
1134 1796 1271 1850 dominice.
1287 1826 1322 1835 -
1335 1794 1372 1866 β)
1396 1795 1472 1850 Auch

278 1884 351 1937 scine
364 1884 536 1953 suffraganea
549 1885 618 1939 sollo
635 1902 667 1939 er
684 1887 871 1946 ramulenses,
884 1885 1071 1956 Abgeordnete
1084 1904 1116 1939 ιιι
1137 1886 1280 1939 echichen:
1294 1887 1428 1940 Preterca
1441 1916 1474 1926 —

278 1975 451 2044 postponant.
476 1974 535 2028 Dat.
562 1975 632 2044 apud
658 1975 784 2046 Cryptam
808 1976 949 2029 Ferratam
973 1975 1003 2028 V.
1028 1974 1089 2029 idus
1116 1975 1227 2042 Augusti
1252 1992 1321 2030 acuo
1347 1976 1413 2030 XIV.
1444 2005 1472 2017 -

278 2062 466 2134 Eucyclisches
483 2063 639 2118 Schrelben.
664 2065 711 2119 Bei
730 2063 1003 2135 caristolum.
1027 2064 1062 2118 113
1086 2066 1133 2117 mit
1154 2065 1215 2118 dem
1228 2080 1327 2120 unsern
1341 2066 1474 2120 wortliclr

279 2151 537 2215 ubareiustimmend,
550 2169 583 2206 an
598 2151 650 2206 den
663 2151 739 2204 Ereb.
755 2171 778 2206 r.
792 2155 869 2217 Sens,
884 2155 931 2208 mit
944 2153 1004 2208 dem
1016 2155 1124 2215 Ζιιιιῐι,
1142 2154 1261 2208 dieselbe
1276 2154 1430 2226 Einladaug
1443 2172 1474 2210 an

279 2241 322 2295 die
335 2241 448 2314 Capitol,
462 2231 531 2296 dote
544 2242 596 2295 und
611 2243 732 2296 Pralaten
746 2243 835 2297 seincr
847 2243 960 2298 Diocese
973 2262 1007 2296 ιιι
1020 2244 1134 2298 richten.
1155 2274 1183 2283 -
1199 2245 1239 2297 Ac
1254 2244 1307 2298 den
1320 2245 1411 2315 Konig
1425 2263 1473 2299 roo

279 2331 406 2391 Bdhrnen,
431 2331 474 2400 die
500 2332 625 2386 Bisehdle
651 2349 702 2386 ron
730 2333 835 2386 Olmuiln
861 2333 914 2386 und
938 2335 1022 2404 Prag,
1046 2334 1162 2402 Palaclry
1183 2335 1264 2388 Reice
1287 2352 1335 2388 no.
1361 2333 1426 2388 150.
1440 2365 1473 2375 -

280 2411 412 2475 dholiche
425 2421 571 2476 Schreiloen
585 2423 705 2486 Bohmer,
718 2423 784 2493 Reg.
799 2423 881 2493 Greg.
895 2423 946 2483 lx,
958 2440 1001 2477 uo.
1015 2422 1167 2478 too-158.

850 2757 912 2826 30.

399 2951 477 3032 ispe
491 2952 618 3033 principi
633 2950 665 3014 ll.
684 2969 778 3032 super
793 2951 1010 3014 ntor-cetone
1026 2953 1110 3034 pacis
1126 2953 1353 3016 ecclesiastice.

682 3124 763 3177 lats.
777 3126 877 3180 Jauuer
890 3127 915 3178 3.
930 3125 1061 3195 lugduni.

280 3286 406 3342 buosen
424 3287 466 3341 1?
478 3287 585 3358 fordere
603 3286 680 3342 daca
694 3285 854 3357 Eazdieelof
868 3287 937 3357 aas,
951 3289 1065 3342 leidae
1077 3288 1192 3358 oufdea
1208 3291 1264 3359 Tay
1275 3290 1418 3346 Joleanoes
1429 3292 1474 3344 dea

468 3376 582 3446 Μαι
591 3376 777 3448 fectgesctzten
789 3378 961 3450 dlgemca'nea
975 3377 1067 3433 aucit
1078 3397 1110 3432 ιιι
1123 3378 1287 3434 aschemer-

368 3541 425 3603 Ilei
456 3539 550 3603 uirtus
581 3544 613 3601 et
638 3538 695 3601 Ilei
727 3539 881 3620 sapiencia
911 3539 1003 3603 Jesns
1035 3540 1183 3611 Christus,
1217 3541 1307 3604 cuius
1332 3542 1475 3606 ineffabili

280 3646 419 3728 subjecta
441 3653 510 3710 suut
531 3646 629 3710 omnia
652 3646 813 3717 maiestati,
834 3666 852 3708 a
874 3647 1066 3711 fundacionis
1089 3669 1143 3710 sue
1164 3649 1333 3730 primordio
1351 3653 1384 3714 in
1401 3671 1473 3713 con-

280 3754 438 3835 splendorc
453 3754 594 3816 virtutum
610 3772 693 3815 suam
714 3753 873 3817 illustravit
887 3755 1049 3818 ecclesiam
1066 3763 1097 3818 et
1112 3757 1158 3818 sic
1173 3757 1328 3838 insignem
1344 3758 1476 3821 reddidit

281 3862 441 3943 singularis
461 3860 617 3942 privilegio
638 3861 809 3942 potestatis,
830 3867 864 3924 ut
878 3882 935 3944 per
949 3864 1015 3925 eins
1031 3864 1231 3927 ministerium
1247 3885 1338 3928 suum
1355 3865 1475 3928 iusticie

282 3976 485 4052 consequatur
513 3967 654 4030 ellectum
684 3974 732 4039 et,
774 3968 881 4033 sedato
912 3989 1098 4051 gwerrarum
1130 3971 1325 4044 discrimine,
1366 3973 1476 4036 mundo

164 4077 437 4162 umproreniat
467 4075 664 4158 tranquillitas
695 4083 850 4156 oportuna.
895 4078 967 4141 Ideo
998 4099 1070 4150 nos,
1102 4081 1154 4162 qui
1185 4080 1251 4142 eins
1283 4081 1371 4154 vice,
1404 4083 1477 4144 licet

283 4186 431 4251 inmeriti,
458 4183 610 4264 fungimur
629 4183 660 4245 in
682 4186 789 4255 terris,
817 4206 932 4250 summo
962 4208 1055 4270 opere
1078 4188 1224 4251 debemus
1252 4197 1415 4272 satagere,
1442 4197 1474 4254 ut

285 4295 364 4356 inter
384 4291 541 4354 discordes
561 4290 646 4370 pacis
673 4290 840 4359 vinculum,
874 4295 953 4375 quod
976 4296 1176 4359 dissensionis
1196 4304 1307 4360 auctor
1328 4299 1475 4380 impedire

377 4509 412 4576 ιι)
425 4506 578 4558 undantes
590 4519 631 4554 ιι
643 4503 741 4557 Raude.
