3100 5116
1178 331 1250 402 tot

50 512 232 576 manifestos
258 513 388 575 ecclesie
415 518 516 576 nostre
543 513 664 584 hostes,
690 520 720 577 et
743 513 873 576 ecclesie
897 517 999 574 nostre
1024 513 1122 572 castra
1145 508 1257 572 dolosis

50 619 173 683 insidiis
210 626 317 683 contra
346 619 416 682 fidei
440 641 495 684 sue
519 620 652 685 debitum
677 622 814 685 detinent
836 625 985 703 occupata
1009 619 1058 704 a).
1093 619 1154 681 Hos
1178 618 1257 680 enim

48 728 110 790 iam
142 734 216 792 ante
246 728 399 791 biennium
429 731 752 795 excommunicacionis
782 728 938 793 sentencia
967 727 1023 791 rite
1053 734 1083 791 et
1110 728 1257 808 legittime
1350 739 1354 748 '

48 837 215 900 innodatos
240 839 480 919 exspectavimus
504 838 542 901 ad
567 839 741 911 emendam;
767 839 821 902 sed
844 838 984 923 quoniam
1006 837 1037 899 in
1060 836 1174 898 eisdem
1197 856 1257 899 non

49 945 181 1008 emendo
199 946 345 1028 speeiem,
362 946 417 1009 sed
435 947 592 1011 demencie
608 948 744 1030 spiritum
761 948 932 1030 graviorem
950 943 1109 1017 sensimus,
1127 945 1257 1028 eoquod

47 1055 157 1136 peiora
175 1054 329 1136 prioribus
347 1060 526 1138 attemptare
542 1064 650 1139 postea
666 1062 780 1121 temere
796 1059 1060 1140 presumpserunt:
1085 1075 1151 1126 nos,
1168 1053 1257 1117 indu-

46 1164 104 1226 ciis
119 1169 153 1226 et
166 1164 276 1228 edictis
290 1164 436 1246 legitimis
450 1165 494 1228 eis
512 1165 601 1238 datis,
619 1167 657 1228 de
674 1165 914 1231 ministerialium
931 1169 1103 1228 nostrorum
1120 1165 1255 1235 consilio,

48 1274 210 1338 sentencia
223 1279 254 1337 et
269 1293 430 1347 consensu,
442 1275 516 1338 iuris
530 1275 634 1338 ordine
646 1295 703 1357 per
714 1275 813 1339 omnia
826 1275 996 1345 observato,
1010 1274 1133 1337 eosdem
1146 1273 1254 1336 tratres

47 1383 235 1464 privavimus
252 1381 331 1444 omni
350 1382 513 1464 dignitate,
530 1384 649 1447 nomina
668 1390 698 1448 et
719 1385 850 1458 honore,
874 1405 932 1468 que
948 1385 986 1448 ab
1004 1383 1136 1447 ecclesia
1152 1388 1254 1445 nostra

48 1494 201 1557 hactenus
218 1492 398 1565 habuerunt,
416 1493 633 1560 denunciantes
651 1515 704 1559 eos
721 1496 847 1560 infames
866 1500 896 1559 et
917 1514 934 1557 a
951 1495 1107 1576 legittimis
1123 1495 1253 1566 actibus,

46 1611 195 1686 tanquam
210 1603 288 1666 viros
300 1601 458 1676 inhabiles,
473 1605 510 1667 de
524 1610 626 1668 cetero
640 1604 841 1686 repellendos,
850 1603 1170 1667 excommunicacionis
1184 1625 1255 1667 sen-

47 1712 162 1782 tencia,
177 1732 265 1795 quam
283 1712 312 1775 in
330 1714 413 1797 ipsos
429 1714 616 1796 protulimus,
634 1713 844 1778 nichilominus
856 1719 1032 1796 aggravata.
1060 1715 1170 1778 Verum
1187 1735 1253 1777 cum

48 1822 121 1885 dicti
137 1824 248 1885 tratres
262 1842 297 1883 ex
310 1822 478 1886 huiusmodi
491 1823 645 1887 maleficiis
658 1822 825 1887 manifestis
840 1830 870 1888 et
882 1826 1036 1889 sentencia
1049 1832 1152 1888 nostra
1163 1825 1254 1906 legit-

47 1932 120 1994 time
145 1930 311 1996 subse'cuta
328 1934 366 2017 b)
382 1933 532 2017 proscribi
550 1934 714 1996 meruerint
731 1938 761 1997 et
778 1933 932 2015 dampnari
949 1955 966 1997 a
983 1935 1068 2017 regia
1085 1935 1251 2008 maiestate,

47 2043 246 2106 serenitatem
262 2050 394 2107 vestram
420 2044 596 2126 suppliciter
620 2064 794 2117 exoramus,
817 2051 964 2127 quatenus
987 2046 1142 2128 predictos
1165 2047 1251 2129 pacis

46 2153 171 2234 publice
196 2151 369 2216 turbatores
394 2158 424 2216 et
447 2156 550 2236 utique
573 2153 677 2217 bostes
702 2154 818 2236 imperii
841 2173 897 2235 per
920 2157 1104 2220 sentenciam
1121 2161 1251 2220 vestram
1261 2167 1339 2207 tol-⁵⁹
1349 2170 1368 2207 d·

47 2261 168 2343 publice
181 2260 535 2343 proscribatis,nostram
548 2263 579 2325 in
592 2265 674 2345 ipsos
686 2264 777 2328 latam
791 2266 976 2329 sentenciam
991 2266 1200 2331 confirmantes
1214 2270 1250 2357 ¹)·

49 2372 115 2434 Dat.
135 2376 195 2435 etc.

566 2613 569 2620 λ
628 2578 690 2649 55.

397 2759 530 2823 Prolatus
547 2761 725 2841 inperatori
742 2761 904 2843 suppllcat.

52 2918 103 2972 uin
120 2919 239 2989 Biecbof
254 2919 327 2973 bellet
346 2921 398 2973 den
415 2920 503 2990 Kana
521 2919 626 2989 ouoots
641 2919 686 2975 die
707 2939 756 2976 oon
780 2920 832 2974 idm
855 2921 1066 2995 arrrecbtmdaaiy
1086 2922 1252 2994 yeacbebcne

87 3003 274 3083 Ubertrapuny
287 3011 389 3082 einiger
401 3031 433 3064 zu
446 3011 545 3064 acinam
563 3014 695 3084 Sprenpel
704 3013 853 3084 pebdrr'per
868 3012 983 3068 Kirchen
997 3033 1028 3067 eu
1041 3016 1210 3086 aoidemufen.

141 3157 268 3219 Gerbert‚
283 3156 309 3220 3,
322 3157 366 3210 38.
380 3157 489 3219 sooooe,
504 3174 545 3210 no.
564 3157 622 3211 123.

137 3305 230 3367 Licet
253 3305 290 3366 de
315 3303 532 3369 sublimacione
556 3326 609 3367 seu
633 3307 794 3368 creacione
817 3315 917 3370 vestra
934 3313 997 3370 toto
1014 3308 1122 3369 mentis
1140 3310 1248 3372 allectu

49 3415 85 3478 ob
111 3435 198 3496 spem
225 3414 411 3477 detensionis
436 3421 574 3497 sperate,
600 3435 658 3497 qua
684 3423 812 3479 vacante
838 3418 963 3499 imperio
981 3419 1109 3483 fraudati
1128 3421 1248 3491 luimus,

47 3525 154 3588 merito
182 3523 325 3587 fiduciam
350 3524 529 3596 habeamus,
553 3534 653 3588 tamen
676 3527 790 3607 experti
820 3527 989 3598 didicimus,
1013 3531 1092 3610 quod
1109 3530 1146 3592 ad
1174 3552 1249 3614 quo-

51 3634 180 3696 rundam
206 3634 369 3696 emulorum
397 3638 566 3697 nostrorum
596 3635 663 3697 salsi
697 3636 927 3716 suggestionem
956 3642 987 3699 et
1013 3639 1075 3701 veri
1105 3659 1250 3721 suppres-

141 3797 176 3857 a)
198 3795 244 3847 llei
266 3795 400 3848 Bodmann
426 3797 495 3864 folgt
515 3796 572 3850 bier
592 3797 733 3865 folgende,
759 3800 959 3854 unaweifelbaft
987 3817 1078 3879 magen
1104 3803 1175 3856 ibren
1197 3822 1248 3856 an-

49 3889 184 3958 stosslgen
206 3886 307 3940 lobalte
328 3889 532 3957 weggelasscne
546 3889 645 3941 Stelle:
665 3892 762 3958 raptus
781 3890 922 3960 virginum,
944 3897 971 3944 et
989 3892 1120 3947 violentas
1134 3912 1248 3964 oppres-

48 3981 135 4034 siones
156 3979 296 4031 mulierum
323 3979 527 4045 coniugatarnm
551 3981 781 4049 ,praesumpcione
807 3982 968 4053 dampnabili
995 3984 1191 4038 commiserunt.
1216 4016 1246 4026 —-

50 4071 81 4141 t)
102 4072 127 4124 in
148 4070 169 4122 V
188 4067 313 4140 corrigirt
334 4069 376 4122 fiir
396 4069 445 4121 dae
465 4071 690 4139 ausgestricbcne
710 4072 864 4126 substituta.

76 4366 98 4422 ¹)
117 4369 147 4412 Ee
167 4365 230 4424 l'olgt
251 4365 273 4408 in
289 4366 306 4406 V
321 4366 359 4409 ein
374 4365 454 4410 leerer
466 4367 571 4413 liniirter
585 4368 654 4413 Reum
669 4383 714 4414 von
729 4371 760 4415 30
773 4371 864 4424 bellan,
878 4375 971 4418 moreat
982 4376 1041 4418 dann
1057 4375 1098 4418 mit
1111 4390 1148 4419 no.
1164 4377 1194 4421 55
1210 4379 1247 4422 die

118 4457 213 4502 nouere
237 4455 336 4508 Scurio,
354 4455 445 4500 welche
465 4458 506 4502 dns
526 4460 599 4502 Werk
619 4472 665 4504 von
686 4460 735 4504 Fol.
757 4459 788 4504 52
807 4476 827 4506 c.
848 4476 887 4506 no.
908 4461 977 4508 lbie
996 4466 1046 4509 ool,
1066 4466 1096 4510 58
1115 4468 1136 4509 d.
1157 4481 1195 4511 no.
1217 4467 1247 4511 te

117 4547 266 4607 tartgettibrt
281 4547 355 4600 batte,
368 4548 457 4592 wieder
471 4549 573 4594 eintritt

111 4643 203 4686 Fontes.
222 4638 292 4682 Abth.
303 4638 330 4682 ll.
347 4639 389 4682 Bd.
401 4640 468 4684 XXV.
995 4640 1029 4692 26
