3168 5124
1258 266 1306 337 19

187 431 375 502 Naneleraa
392 437 553 518 nauclero.
587 435 729 500 Naucleri
746 435 784 500 ad
806 435 934 499 invicem
951 457 984 500 se
1007 438 1148 510 salutant,
1170 437 1308 503 scribunt

98 539 173 603 sibi:
198 548 232 606 et
249 543 288 625 a)
304 544 344 607 ad
360 550 479 626 portum
495 544 668 626 pertingere
686 564 753 608 cum
769 545 899 617 fortuna,
916 545 980 607 vel:
999 545 1124 609 salutem
1141 551 1172 609 et
1186 547 1308 628 pericu-

93 648 190 712 lorum
208 651 389 717 discrimina
407 654 529 719 evitare.

181 761 339 827 Rusticus
351 764 488 828 roetico:
504 762 644 844 Agricola
652 763 805 844 simplices
813 763 950 826 scribunt
962 764 1000 827 ad
1008 764 1136 828 invicem
1151 764 1306 830 dicentes:

93 867 223 931 salutem
248 891 307 934 nec
330 891 390 934 non
411 873 577 944 frumento,
600 873 669 935 vino
692 878 723 935 et
745 872 810 934 oleo
835 872 973 945 stabiliri,
989 875 1051 936 vel:
1077 874 1251 938 salutemet
1272 875 1304 938 in

52 1049 56 1058 Ι
92 976 271 1042 animahum
288 980 402 1044 fetibus
419 980 604 1044 habundare.

11 1105 14 1207 j
579 1185 621 1248 lle
638 1184 761 1248 exordio
777 1181 825 1266 l).

11 1425 13 1438 ,
180 1341 336 1425 Expedita
353 1345 554 1416 salutacione,
573 1364 631 1427 que
648 1349 780 1426 estpars
804 1343 929 1425 epistole
945 1344 1120 1427 principalis
1144 1349 1174 1407 et
1195 1346 1302 1430 prima,

11 1439 12 1462 ¹
93 1469 171 1513 nunc
205 1450 373 1516 videndum
401 1459 448 1517 est
476 1454 512 1516 de
541 1454 667 1536 epistole
694 1459 780 1536 parte
807 1452 964 1534 principali
993 1453 1143 1524 secunda,
1173 1473 1230 1536 que
1254 1460 1303 1517 θεῖ
1383 1469 1384 1472 ’

89 1559 227 1640 captacio
245 1560 467 1634 benivolencia,
485 1582 543 1645 que
559 1561 696 1643 pluribus
713 1561 881 1624 nominibus
899 1560 1076 1643 appellatur,
1094 1561 1300 1626 diciturenim

12 1717 13 1724 ,
95 1666 258 1750 aliquando
272 1670 497 1756 proverbium,
521 1669 681 1752 aliquando
705 1691 828 1757 arenga
845 1668 896 1754 ο),
919 1668 1079 1752 aliquando
1101 1670 1299 1754 prohemium

11 1773 13 1834 l
89 1784 298 1859 nuncupatum
340 1780 393 1840 sed
426 1778 591 1841 communis
624 1799 697 1840 usus
736 1779 825 1841 istam
864 1778 940 1840 solet
977 1777 1156 1858 particulam
1197 1779 1298 1842 dicere

12 1871 13 1954 J
88 1889 236 1972 captccio
253 1889 480 1959 benivolencia
500 1907 534 1950 eo
553 1888 632 1970 quod
647 1889 713 1969 ipsa
727 1888 886 1968 negocium
907 1907 1071 1968 congruum
1086 1888 1149 1949 sive
1165 1908 1299 1952 commo-

11 2019 13 2082 ζ
88 1994 154 2056 dum
175 1996 276 2059 faciat
304 2000 334 2060 et
354 1996 485 2074 animum
506 1997 652 2059 auditoris
675 1997 845 2060 benivolum
867 1997 983 2059 reddat.
1016 1998 1222 2062 Proverbium
1246 2005 1295 2062 est

12 2105 13 2108 ’
88 2104 213 2186 quedam
231 2104 396 2168 similitudo
409 2105 635 2188 methaphorice
648 2107 805 2168 continens
819 2105 1066 2168 consuetudinem
1084 2105 1289 2187 approbatam,

90 2213 180 2276 sicut:
205 2215 289 2278 Mus
313 2213 349 2275 in
374 2219 522 2294 sporta,
551 2215 705 2296 ignisin
733 2215 834 2286 sinu,
870 2232 1029 2294 serpens
1061 2213 1097 2274 in
1129 2214 1296 2293 gremio:

87 2322 151 2384 hec
183 2324 265 2386 tria
297 2342 368 2384 non
399 2323 526 2386 solent
557 2323 637 2386 suis
676 2323 839 2405 prebere
870 2320 1095 2404 hospitibus
1133 2342 1285 2387 munera

11 2415 13 2497 ἶ
91 2431 284 2511 graciosa.
336 2432 517 2496 Exordium
550 2438 597 2494 est
627 2432 806 2513 principium
841 2431 1007 2502 oracionis,
1044 2450 1099 2513 per
1138 2432 1218 2513 quod
1255 2433 1294 2494 ad
1381 2419 1389 2426 ’

12 2573 13 2596 t
88 2539 270 2602 audiendum
303 2540 470 2604 instituitur
501 2540 617 2604 animus
651 2539 813 2611 auditoris;
839 2539 922 2600 verbi
951 2522 1070 2619 gracia:
1096 2540 1169 2601 llius
1198 2539 1296 2620 pietas

12 2672 13 2706 t
88 2653 131 2711 cst
165 2649 314 2731 precipue
353 2648 607 2721 commendanda,
648 2649 698 2733 qui
735 2648 776 2734 d)
817 2647 901 2728 prius
946 2666 1035 2729 quam
1074 2647 1131 2710 sibi
1170 2667 1297 2730 precum

11 2759 13 2837 l
86 2757 230 2821 instancia
279 2759 468 2840 porrigatur,
515 2758 605 2840 digno
645 2757 792 2821 beneficio
836 2756 972 2838 prevenit
1024 2756 1207 2837 indigentem
1242 2757 1292 2842 e),

12 2883 13 2956 ζ
87 2867 212 2955 Areopa
241 2873 290 2930 θεῖ
317 2869 446 2950 quedam
474 2868 587 2950 prolixa
615 2867 767 2950 prelacio,
796 2886 854 2948 que
882 2865 921 2927 ad
950 2864 1185 2927 benivolenciam
1220 2883 1415 2947 cap-runa.
1506 2915 1508 2919 .

87 2975 201 3038 landam
237 2976 441 3057 premittitur,
482 2983 513 3039 et
546 2976 603 3040 hac
636 2997 703 3039 raro
738 2976 845 3056 aliquis
883 2974 978 3036 utitur
1008 2974 1088 3055 apud
1119 2974 1290 3047 modernos,

89 3083 142 3144 nisi
174 3085 205 3145 in
235 3083 319 3146 curia
343 3085 494 3155 Romana;
527 3086 611 3148 verbi
644 3085 763 3166 gracia:
805 3083 883 3165 „Qui
919 3082 978 3144 scit
1014 3097 1046 3143 se
1082 3082 1147 3145 aliis
1179 3103 1292 3166 prepo-

89 3191 183 3264 situm,
201 3213 263 3256 non
279 3193 405 3255 moleste
421 3193 501 3256 ferat
517 3192 556 3278 f)
573 3193 703 3276 aliquem
720 3192 777 3255 sihi
801 3213 869 3254 θεεθ
885 3190 1049 3273 prelatum;
1073 3191 1139 3272 ipsa
1164 3211 1291 3275 namque

88 3301 213 3364 Romana
231 3301 372 3373 ecelesia,
390 3321 448 3384 que
466 3303 776 3384 disponenteDomino
789 3307 886 3365 mater
898 3306 944 3364 est
958 3306 1134 3363 cunctorum
1147 3298 1290 3371 fidelium,

12 3419 13 3426 ’
91 3408 128 3470 ita
158 3410 237 3472 vires
269 3430 340 3473 suas
373 3411 439 3474 aliis
472 3412 611 3473 ecclesiis
643 3411 794 3492 disposuit
822 3409 1080 3491 largiendas‚.ut
1111 3409 1142 3471 in
1173 3417 1290 3491 partem

12 3587 13 3592 η
90 3523 189 3580 vocate
201 3519 242 3604 9)
259 3519 654 3591 sintsollioitudinis,nonin
664 3511 1054 3602 plenitudinempotestatis.
1069 3517 1286 3582 hincestetc.“

90 3627 284 3692 Probemiom
298 3634 345 3690 θεῖ
357 3647 456 3691 sermo
469 3629 661 3710 preambulus
680 3629 718 3692 ad
740 3629 879 3699 dicenda,
893 3626 937 3690 sic
949 3625 1034 3688 verbi
1051 3625 1171 3707 gracia:
1191 3629 1287 3703 ,Cum

12 3789 13 3820 ᾖ
89 3733 156 3795 tales
173 3755 241 3797 esse
266 3736 428 3799 debeamus
452 3736 531 3818 apud
556 3737 693 3801 subditos
716 3738 820 3820 quales
837 3756 904 3807 nos,
922 3755 990 3797 curn
1007 3734 1120 3801 subditi
1137 3756 1285 3810 essemus,

11 3845 13 3908 3
90 3849 201 3906 nostros
224 3865 293 3906 esse
316 3845 451 3908 volumus
468 3844 508 3932 l)
524 3847 673 3928 prelatos,
690 3847 832 3909 miramur
847 3847 1057 3915 vehementer,
1081 3846 1161 3926 quod
1178 3854 1286 3913 contra

11 3935 13 3992 ἶ
90 3950 216 4040 lalemi)
246 3953 389 4017 clericum
406 3954 544 4035 rigiditas
561 3961 661 4019 vestra
679 3955 754 4019 adeo
784 3961 831 4018 θεῖ
853 3953 1016 4018 effrenata⁶⁶
1037 3958 1095 4015 etc.
1131 3955 1285 4042 Coptocio

11 4037 13 4111 ἶ
93 4059 295 4127 benivolencia
320 4068 366 4125 est
398 4066 547 4147 quoddam
580 4065 833 4137 blandimentum,
867 4085 925 4147 quo
959 4061 1133 4143 recipientis
1166 4064 1283 4127 animus

12 4225 13 4236 ,
91 4165 234 4232 benivolus
261 4170 398 4234 redditur
425 4173 506 4236 circa
523 4194 682 4256 personam
699 4176 880 4245 mittentem;
905 4170 989 4234 verbi
1013 4169 1133 4251 gracia:
1167 4172 1283 4246 ,Vobis

172 4297 204 4366 a)
219 4299 332 4350 salutern
344 4315 392 4352 vor
405 4303 432 4352 et
445 4309 625 4370 zuergtinzen.
644 4332 672 4342 -
683 4301 858 4373 b)Distinetio
878 4298 943 4351 Vlll.
954 4325 989 4334 —
1003 4295 1034 4362 e)
1055 4295 1197 4350 exordium.
1207 4299 1235 4351 Z.
1256 4331 1280 4340 -

12 4395 13 4428 1
94 4384 124 4450 d)
136 4402 183 4454 quo
199 4389 229 4442 V.
245 4418 275 4426 -
290 4388 323 4455 e)
337 4387 515 4459 indignantem
528 4391 557 4446 V.
576 4423 603 4432 -
618 4393 649 4464 f)
664 4394 730 4447 facit
752 4395 779 4447 Z.
795 4423 827 4432 -
850 4392 884 4461 p)
905 4385 996 4440 vocali
1017 4385 1047 4438 V.
1063 4413 1096 4424 -
1110 4383 1143 4454 l)
1164 4391 1282 4444 volumus

95 4485 147 4525 case
158 4476 185 4530 V.
202 4507 226 4516 -
245 4478 271 4546 i)
289 4483 362 4531 cirea
376 4478 455 4536 talem
470 4483 496 4536 Z.

1016 4564 1033 4616 2
1044 4568 1057 4594 U
