3132 5126
355 341 407 415 lo

441 523 584 594 Aliorum
611 529 754 598 iudicum
783 541 993 608 erectiores,
1028 533 1192 598 secundum
1221 534 1300 618 quod
1327 551 1429 598 eorum
1454 533 1529 598 litere

351 633 514 709 continent,
529 636 643 719 largam
660 638 772 704 hebent
787 641 997 707 auctoritatem
1013 643 1059 705 vel
1076 642 1223 715 strictam,
1240 641 1300 707 lroc
1316 647 1363 708 est
1379 641 1530 708 secuudum

351 744 430 830 quod
446 745 532 810 litero
549 747 680 828 soleta)
697 769 765 812 esse
782 752 933 832 generalis
948 752 994 816 vel
1012 752 1163 836 specialis.
1196 753 1231 818 Si
1247 751 1326 816 enim
1341 751 1452 816 dieitur
1469 773 1531 836 ,per

351 872 508 919 censuram
533 856 790 924 ecclesiasticum‘
814 860 989 942 intelligitur
1012 881 1099 926 omne
1120 861 1208 934 illud,
1237 860 1318 946 quod
1337 862 1474 945 superius
1494 870 1533 928 est

351 983 532 1047 expressum.
566 965 600 1030 si
616 970 715 1032 eutem
731 967 761 1032 in
783 969 885 1052 specie
907 990 984 1053 pene
1008 969 1196 1054 exprimitur,
1223 969 1360 1052 infligere
1389 976 1486 1054 potest
1499 970 1531 1059 l)

350 1078 492 1141 executor
508 1078 538 1141 et
554 1074 629 1140 ultro
644 1095 715 1149 non,
733 1077 801 1161 quie
823 1079 994 1147 mandatum
1016 1085 1046 1145 et
1068 1079 1144 1144 fines
1166 1079 1298 1144 mandeti
1321 1079 1467 1145 excedere
1481 1101 1533 1144 uon

350 1190 397 1252 est
411 1189 516 1252 tutum.
548 1185 622 1252 Item
638 1187 805 1262 sciendum,
821 1190 902 1274 quod
918 1190 1087 1256 executoris
1100 1211 1160 1256 non
1172 1196 1220 1256 est
1232 1208 1432 1273 cognoscere,
1447 1197 1533 1259 utrum

348 1294 504 1362 sentencie
519 1294 558 1362 sit
574 1315 652 1380 equo
677 1297 725 1362 vel
751 1297 870 1382 inique,
899 1299 968 1384 quia
995 1299 1024 1364 ei
1050 1306 1165 1365 tontum
1193 1300 1346 1374 execucio,
1369 1323 1430 1368 nou
1452 1322 1531 1369 conso

349 1404 535 1489 cognicionis
552 1405 720 1488 delegatur,
729 1407 819 1474 immo
832 1409 928 1474 eciem
939 1411 1125 1476 sentenciam
1136 1411 1268 1496 iniquum
1279 1416 1400 1477 tenetur
1412 1415 1532 1496 exsequi,

349 1515 483 1601 quemvis
499 1514 537 1604 c)
552 1516 642 1582 latam
658 1518 835 1599 cognoverit
856 1519 952 1583 miuus
969 1519 1059 1592 iuste,
1080 1521 1138 1586 nisi
1161 1521 1355 1606 supplicando
1384 1522 1423 1586 eb
1445 1521 1531 1588 officio

349 1624 540 1690 executionis
557 1645 590 1688 se
606 1625 703 1693 valent
720 1626 848 1710 eripere.
871 1628 904 1694 In
920 1615 1152 1695 execuciouilrus
1170 1631 1280 1695 domini
1296 1651 1374 1715 pope
1398 1651 1531 1715 nunquam

349 1737 393 1801 vel
418 1755 487 1800 raro
515 1736 649 1800 invenies
676 1735 858 1824 olomissum‚
891 1739 963 1822 quin
979 1759 1099 1822 semper
1115 1739 1156 1803 itu
1178 1739 1296 1804 dicutur
1314 1741 1526 1826 „appellatione

349 1849 482 1910 remotu“
492 1850 522 1909 et
534 1845 592 1909 hoc
605 1845 674 1909 ideo
688 1851 744 1918 est,
760 1846 828 1929 quio
842 1865 900 1910 non
914 1853 962 1912 cst
973 1848 1011 1912 ab
1025 1847 1234 1912 executoribus
1246 1851 1465 1933 appellandum,
1480 1849 1527 1912 nisi

347 1957 424 2020 l'orte
440 1955 529 2020 iidem
545 1954 664 2018 modum
679 1955 727 2018 vel
742 1955 913 2020 mandatum
935 1956 1089 2020 excedant.
1108 1996 1151 2007 -
1168 1958 1241 2022 Item
1256 1980 1317 2023 non
1333 1960 1437 2033 credo,
1459 1959 1525 2044 puod

347 2066 543 2149 inpersonem
551 2065 721 2130 executoris
734 2065 794 2138 ille,
803 2072 907 2131 couno
920 2085 1009 2152 quum
1021 2067 1108 2132 detur
1120 2069 1274 2143 execucio,
1287 2071 1386 2152 possit
1394 2070 1529 2153 excipere,

259 2219 261 2226 ι
347 2174 403 2238 nisi
426 2175 503 2239 forte
524 2174 592 2239 talis
616 2180 801 2260 competeret
822 2176 976 2259 exceptio,
1005 2198 1063 2261 quc
1080 2184 1165 2242 esset
1181 2179 1315 2268 notorio,
1339 2199 1429 2264 quem
1446 2179 1530 2242 eciam

348 2285 479 2350 ecclesia
501 2286 666 2351 nullatenus
687 2291 858 2370 peteretur,
881 2285 1023 2351 videlicet
1045 2287 1070 2350 si
1094 2294 1176 2352 esset
1200 2291 1471 2354 excommunicatus
1493 2287 1531 2350 rel

347 2395 535 2481 symoniacus
551 2397 597 2459 vel
613 2396 686 2460 alies
703 2395 889 2461 criminosus.
922 2396 961 2461 llt
976 2396 1034 2460 hoc
1053 2396 1120 2460 ideo
1137 2397 1276 2481 quoniam
1298 2407 1442 2463 executor
1461 2402 1531 2460 motu

349 2504 469 2591 proprio
486 2505 577 2568 nichil
594 2505 676 2570 lacit.

436 2634 510 2698 Item
526 2633 687 2698 notandum
704 2633 783 2718 quod
796 2633 1032 2698 executoriarum
1049 2635 1106 2699 alie
1119 2637 1350 2702 condicionalis
1365 2637 1425 2700 alio
1441 2657 1528 2702 merc.

349 2746 616 2816 Condicioionalis
633 2750 689 2818 est,
707 2745 824 2829 quondo
840 2745 960 2828 ponitur
971 2745 1020 2809 illa
1033 2747 1179 2810 clausido:
1200 2747 1336 2823 „scilicet
1348 2748 1375 2810 si
1387 2749 1418 2812 ei
1434 2745 1529 2832 aliquid

346 2857 521 2924 canonicum
538 2877 597 2921 non
613 2855 760 2921 obsistat‘
780 2861 810 2921 et
825 2855 883 2920 hoc
901 2858 1057 2922 consuevit
1072 2859 1143 2942 poni
1168 2859 1200 2920 in
1223 2859 1389 2923 donacione
1408 2857 1525 2944 prehen-

266 2943 269 2953 Ι
347 2967 459 3031 dorum.
491 2968 523 3031 ln
550 2966 609 3030 hoc
636 2971 737 3032 tumen
765 2985 837 3028 casu
854 2965 895 3052 d)
912 2972 1089 3031 executores
1116 2967 1193 3031 loenc
1219 2967 1331 3032 debent
1354 2987 1530 3052 cognoscere

347 3079 385 3144 de
402 3075 644 3160 excepcionibus,
662 3095 720 3160 que
737 3095 755 3139 a
770 3075 905 3158 partibus
924 3081 1082 3159 ponuntur.
1100 3077 1192 3143 Verbi
1209 3078 1321 3160 gracie.

746 3334 849 3398 xerxe
865 3337 1035 3400 executorle
1053 3355 1140 3400 mere.

434 3534 470 3598 D.
490 3529 527 3618 e)
549 3533 606 3596 Dei
629 3531 731 3616 grecia
747 3529 788 3617 s)
805 3530 899 3594 obbas
922 3537 953 3595 et
976 3532 1007 3595 S.
1031 3531 1112 3614 prior
1134 3531 1201 3595 talis
1219 3532 1405 3606 monasterii,
1422 3530 1527 3595 iudices

345 3665 371 3708 o.
390 3665 413 3706 s.
437 3643 603 3726 apostolica
625 3641 766 3724 delegati,
789 3640 907 3705 dilectis
931 3639 962 3703 in
985 3640 1104 3705 Christo
1122 3641 1193 3704 viris
1208 3641 1249 3729 9)
1265 3643 1298 3705 Α.
1323 3649 1353 3707 et
1374 3643 1414 3706 M.
1431 3641 1528 3707 talibus

344 3753 478 3838 plebanis
496 3754 629 3817 sulutem.
663 3752 738 3815 Cum
754 3751 785 3813 in
801 3767 903 3823 causa,
921 3770 979 3834 que
995 3750 1121 3815 vertitur
1137 3752 1215 3817 inter
1238 3752 1367 3816 nobilem
1389 3754 1482 3816 virum
1498 3747 1526 3810 C.

345 3887 381 3930 ex
391 3870 476 3950 porte
488 3885 547 3928 una
559 3865 631 3929 etll.
643 3863 740 3928 civem
752 3869 878 3946 exparte
891 3864 995 3936 altera,
1008 3883 1098 3948 super
1111 3864 1235 3928 decimis
1247 3867 1315 3930 telis
1329 3867 1407 3938 ville,
1422 3861 1528 3929 nohiso

344 3975 417 4039 sede
439 3973 603 4057 apostolica
620 3970 827 4054 subdelegato,
849 3972 924 4037 adeo
948 3973 987 4036 sit
1010 3993 1203 4057 processum,
1231 3974 1311 4058 quod
1327 3974 1406 4037 idem
1429 3967 1527 4036 nobilis

270 4077 273 4086 ⁴
344 4083 567 4168 possessionem
585 4080 716 4145 debitum
731 4080 904 4164 probavenii
925 4101 1025 4146 coram
1043 4083 1141 4156 nobis,
1159 4084 1204 4145 sic
1222 4083 1301 4166 quod
1319 4082 1417 4146 eidem
1435 4079 1528 4145 eadem

266 4230 269 4236 ·
343 4193 497 4278 possessio
514 4193 553 4256 sit
568 4190 737 4256 ediudiceta
752 4191 826 4255 iuris
844 4191 947 4256 ordine
964 4198 996 4256 ut
1012 4192 1150 4265 decebat,
1167 4192 1304 4277 predicto
1328 4191 1385 4255 civi
1403 4190 1527 4255 dedimus

343 4303 375 4367 in
395 4303 553 4375 mundetis,
576 4306 608 4366 ut
630 4305 699 4384 post
720 4300 932 4385 recepeionem
948 4301 1078 4366 mandati
1095 4303 1172 4367 infre
1189 4302 1242 4367 XV
1265 4301 1330 4365 dies
1346 4301 1527 4365 recederetis

431 4524 465 4595 a)
484 4521 587 4578 scilicet
603 4521 648 4576 Isin
674 4522 744 4579 solet
755 4523 783 4582 Z.
798 4549 833 4564 ·-
844 4521 876 4592 b)
897 4521 996 4592 poterit
1012 4522 1041 4576 Z.
1057 4551 1089 4560 —
1103 4522 1135 4591 e)
1157 4537 1213 4577 eum
1228 4521 1255 4575 Z.
1279 4549 1316 4560 —
1329 4520 1364 4589 d)
1380 4535 1443 4575 curo
1456 4517 1484 4574 V.
1497 4542 1525 4554 ·-

340 4617 372 4688 e)
387 4615 420 4672 G.
432 4616 460 4669 Ζ.
473 4645 510 4657 -·
518 4614 550 4688 ᾕ
562 4615 604 4670 vel
617 4615 783 4671 miseratione
796 4613 882 4670 divino
895 4615 922 4668 Z.
940 4641 974 4656 --
983 4614 1018 4685 p)
1032 4613 1082 4668 hon
1092 4613 1230 4668 trabilibus
1251 4613 1277 4666 'Z
