3108 5118
850 709 912 780 59.

620 886 891 949 Ronmanorum
908 885 1025 948 dentre
1042 904 1130 968 pepe.

771 1013 776 1022 “
836 1041 915 1098 rata.

281 1191 369 1262 Kenio
380 1191 485 1261 liudolf
500 1189 582 1244 donli
598 1157 657 1244 dem
674 1191 756 1259 Papet
773 1189 875 1258 (ἕτερον
887 1188 921 1240 X.
938 1185 987 1257 fair
1005 1187 1051 1241 die
1067 1185 1183 1257 pcddiye
1195 1184 1360 1256 Aufoadme,
1382 1185 1424 1239 uie
1441 1199 1467 1237 er

411 1280 503 1334 mium
515 1279 666 1364 Boteu‘ucd
677 1279 759 1332 deren
772 1277 970 1348 coaetaneae
982 1275 1050 1330 tube
1062 1273 1228 1346 accedentem
1242 1277 1341 1330 uem.

368 1421 514 1485 Bodmann‚
528 1441 555 1494 p.
569 1421 613 1474 40.

370 1567 567 1650 llesplenduit
598 1566 687 1630 nobis
715 1565 804 1630 velud
832 1565 863 1628 in
896 1564 1001 1628 iubare
1029 1564 1142 1628 sideris
1165 1563 1305 1626 luminosi
1332 1562 1470 1626 dirimtus

282 1661 482 1746 coruscantis,
498 1674 528 1737 in
544 1674 602 1737 hoc
619 1676 764 1757 precipue
781 1672 948 1755 apostolice
965 1674 1105 1754 graciosa
1116 1671 1326 1736 benivolencia
1342 1674 1471 1754 pietatis,

283 1786 373 1868 quod,
394 1782 646 1867 quemadmodum
667 1782 704 1845 N.
728 1778 789 1843 fida
811 1779 899 1843 nobis
928 1769 1119 1862 eiposiciene
1142 1785 1283 1842 narrante
1305 1779 1471 1853 didicimus,

282 1892 408 1956 nuncios
423 1896 561 1960 nostros,
584 1907 658 1972 quos
679 1888 719 1952 ad
740 1886 935 1952 beatitudinis
959 1892 1059 1950 restae
1082 1887 1177 1969 pedes
1193 1889 1426 1962 transmisimus,
1442 1909 1474 1952 ex

284 2001 385 2064 inuata
402 1997 565 2062 clemencia
581 1995 722 2078 graciose
739 1995 941 2076 suscipientes
959 1999 989 2058 et
1003 1994 1122 2076 placide
1134 1995 1359 2076 proposicionis
1376 2015 1474 2061 eorum

284 2106 396 2170 seriem
412 2103 581 2186 graciosius
599 2109 630 2164 et
644 2101 793 2184 placidius
809 2102 966 2165 audivistis
984 2101 1035 2186 a).
1070 2103 1168 2183 Super
1190 2122 1248 2186 quo
1265 2104 1372 2188 utique
1390 2105 1476 2186 digna

285 2213 456 2294 graciarum
478 2211 658 2292 laudumque
681 2209 826 2289 preconia
842 2208 968 2271 retierre
990 2229 1045 2271 nos
1067 2209 1286 2274 insufficientes
1310 2217 1343 2274 et
1357 2230 1475 2292 prorsus

165 2319 434 2396 commeabiles
451 2317 644 2385 arbitrantes,
659 2315 791 2378 assiduis
807 2316 961 2398 precibus,
977 2323 1067 2398 prout
1079 2323 1183 2380 nostra
1196 2319 1310 2398 patitur
1321 2321 1477 2401 fragilitas,

284 2426 465 2508 inploramus
489 2423 527 2507 b]
551 2423 649 2485 divine
667 2422 863 2486 clemenciam
878 2423 1010 2504 pietatis,
1034 2442 1093 2505 que
1115 2444 1168 2486 vos
1185 2426 1332 2490 vicarium
1350 2432 1478 2492 suumin

284 2532 359 2597 urbe
386 2531 498 2615 pariter
520 2535 551 2593 et
572 2531 603 2593 in
625 2530 697 2592 orbe
721 2529 893 2600 constituit,
921 2536 953 2594 ut
969 2530 1122 2594 sanctitati
1139 2538 1238 2595 vestre
1254 2534 1394 2614 piissime
1412 2538 1472 2600 dics

286 2661 377 2722 super
393 2639 458 2702 dies
475 2638 588 2701 adiciat
603 2637 641 2701 ad
659 2637 940 2701 corroboracionem
962 2637 1112 2701 katholico
1129 2637 1209 2712 lidei,
1226 2643 1332 2704 matris
1346 2645 1474 2708 ecclesie

285 2767 392 2830 pacem
410 2750 440 2809 et
455 2746 700 2828 tranquillitatem
717 2750 895 2827 perpetuum
911 2744 1037 2808 Romani
1053 2747 1174 2828 imperii
1188 2747 1409 2816 fulcimentum.

377 2909 444 2963 Dass
462 2907 551 2960 dieser
569 2905 643 2960 briei
659 2924 711 2959 von
730 2904 830 2960 liudolf
845 2906 898 2960 und
917 2923 949 2959 au
970 2907 1075 2975 Gregor
1094 2909 1124 2960 x.
1143 2907 1278 2977 gerichtet
1301 2910 1350 2971 ist,
1373 2929 1404 2965 so
1423 2913 1478 2974 wie,

287 3001 349 3054 dees
380 3017 409 3054 er
440 2999 465 3053 ic
496 3000 544 3052 dee
569 2997 635 3052 Jshr
660 2997 732 3050 1272
756 2998 869 3066 gebort,
895 2999 1000 3064 ergiebt
1024 2998 1082 3051 sicli
1107 3013 1157 3052 aus
1183 2999 1255 3054 siner
1280 2999 1475 3072 Vargleiehung

287 3090 426 3143 desselben
443 3087 490 3142 mit
516 3089 575 3142 dem
607 3089 674 3141 oben
699 3105 727 3158 p.
753 3087 808 3140 254
828 3104 871 3142 no.
895 3087 931 3140 to
959 3087 1152 3156 mitgetbeilten
1174 3088 1323 3146 Schreibsa
1347 3091 1474 3146 liudolfo.

287 3178 376 3247 Vargl.
389 3179 456 3232 auch
470 3179 538 3230 noch
549 3196 576 3248 p.
590 3177 643 3230 259
656 3194 698 3231 ao.
712 3178 756 3230 to.

860 3490 922 3558 60.

632 3665 691 3728 ber
708 3651 901 3728 Romanorum
918 3667 1036 3730 dentre
1052 3684 1139 3750 pape.

293 3821 380 3894 Konip
392 3821 496 3892 liudolf
503 3823 575 3876 bloet
587 3822 664 3877 einen
676 3824 767 3892 Paper,
785 3821 862 3876 einen
880 3821 1059 3878 bneictccteu
1077 3823 1310 3897 bereorrapecdcn
1328 3829 1410 3884 Hanc
1426 3846 1476 3884 suu
1540 3829 1541 3834 ’

580 3913 629 3967 Abs
640 3911 713 3966 cinea
725 3911 884 3968 eerwcisrea
897 3913 1016 3968 Istoatere
1028 3932 1061 3968 zu
1073 3913 1192 3970 macheu.

384 4073 532 4156 simper
560 4073 646 4137 iustis
669 4071 871 4156 peticionibus
895 4081 996 4138 vestre
1022 4076 1200 4140 beatitudini
1228 4096 1339 4158 preces
1369 4085 1478 4142 nostras

295 4184 445 4263 supplices
469 4181 638 4252 offerimus,
666 4188 784 4262 gratum
805 4202 859 4244 vos
883 4202 919 4244 ex
941 4204 977 4246 eo
1000 4203 1156 4265 speramus
1171 4185 1325 4248 Altissimo
1348 4193 1478 4268 prestere

295 4290 472 4372 obsequium
495 4296 526 4352 et
547 4289 712 4370 apostolice
740 4290 843 4372 gracie
871 4289 1051 4356 beneficium
1075 4291 1161 4355 nobis
1185 4293 1281 4356 lacius
1310 4300 1342 4357 et
1365 4294 1479 4358 uberius

385 4485 418 4551 a)
434 4484 569 4538 adiuvisti·
583 4483 611 4539 V.
627 4513 661 4524 -
676 4482 708 4550 b)
723 4484 885 4554 inplorantes
900 4485 929 4540 V.
