3168 5124
1177 308 1228 384 43

57 513 148 558 cessus
162 493 266 557 iudicii
282 499 313 558 et
329 493 406 559 iusto
422 495 553 559 iudicum
570 494 675 559 ordine
692 491 826 558 constitit
842 488 1013 554 evidenter:
1045 506 1100 550 nos
1116 486 1229 549 factum

55 601 222 668 racionabile
238 603 423 677 iudicantes,
447 603 632 669 sentenciam
646 604 736 668 latam
752 601 929 666 auctoritate
950 599 1007 664 Dei
1024 596 1233 681 omnipotentis

55 720 80 778 ct
91 714 288 798 apostolorum
305 714 370 777 eius
386 713 467 779 Petri
485 720 514 778 et
530 714 612 778 Pauli
629 714 764 778 duximus
781 710 1022 777 confirmandam.

342 919 444 983 lerna
460 918 699 1004 contr-aeteals
715 915 940 984 condicionalis.

131 1078 297 1162 Gregorius
310 1079 469 1164 episcopus
483 1100 587 1144 servus
596 1101 620 1144 s.
629 1080 686 1145 Dei
694 1080 803 1144 dilecto
817 1079 847 1160 in
854 1077 973 1144 Christo
987 1074 1072 1140 tratri
1085 1073 1236 1156 archiepi-

55 1209 132 1273 scopo
168 1190 221 1254 tali
261 1190 398 1254 salutem.
446 1190 629 1264 Venerabili,
657 1191 688 1254 in
731 1190 849 1256 Christo
887 1190 979 1254 fratre
1001 1187 1041 1276 a)
1077 1185 1175 1250 felicis
1197 1182 1236 1269 l)

54 1299 265 1364 recordacionis
283 1303 317 1366 A.
336 1301 478 1384 episcopo
500 1301 570 1374 tali,
592 1305 719 1366 vocante
742 1300 841 1364 divina
868 1300 1048 1372 clemencia,
1065 1296 1181 1360 sublato
1199 1293 1236 1358 de

54 1409 149 1482 medio,
167 1410 272 1475 dilecti
289 1411 321 1474 in
337 1409 456 1475 Christo
472 1409 535 1485 filii,
551 1410 612 1475 tale
627 1410 769 1476 videlicet
791 1409 962 1494 capitulum,
985 1407 1125 1471 dilectum
1147 1404 1237 1469 filium

54 1519 80 1584 ll.
105 1522 288 1604 prepositum
307 1519 357 1608 ο),
379 1520 471 1585 virum
489 1521 646 1606 providum
668 1520 719 1607 d),
731 1518 916 1594 discretum,
931 1518 963 1581 in
978 1523 1130 1600 pastorem
1146 1515 1184 1604 e)
1207 1521 1238 1579 et

56 1629 211 1712 episcopum
228 1631 378 1695 canonice
391 1631 556 1714 elegerunt,
570 1631 656 1696 nobis
668 1652 724 1715 per
739 1632 880 1697 dilectum
891 1628 982 1693 lilium
998 1624 1090 1716 Cf),
1108 1627 1237 1691 ecclesie

57 1738 109 1802 talis
125 1740 316 1813 canonicum,
341 1741 561 1825 supplicantes,
594 1749 740 1827 quatenus
773 1740 951 1806 electionem
975 1739 1112 1814 eandem,
1134 1742 1238 1822 utpote

59 1849 183 1913 canomce
196 1851 323 1922 factam,
336 1850 527 1933 dignaremur
535 1851 766 1936 debenignitate
778 1851 860 1916 sedis
873 1852 1037 1936 apostolice
1050 1848 1236 1916 confirmare.

56 1957 105 2022 Nos
119 1958 210 2042 igitur
224 1960 396 2044 predictam
419 1960 597 2026 electionem
614 1961 693 2026 sieut
714 1961 791 2025 iuste
810 1968 840 2026 ct
861 1960 1080 2026 rationabiliter
1101 1961 1182 2025 facta
1196 1957 1239 2048 9)

57 2072 216 2136 anctoritate
233 2071 403 2155 apostolica
419 2057 636 2136 confirmamus.

385 2295 488 2359 lerna
504 2295 739 2360 confirmacionis
756 2278 921 2377 simplicis.¹

131 2455 163 2519 ll.
179 2453 239 2518 Dei
269 2455 375 2538 gracia
403 2455 534 2520 ecclesie
561 2455 629 2520 talis
658 2456 817 2538 episeopus
841 2456 960 2520 dilectis
982 2453 1013 2519 in
1029 2455 1149 2519 Christo
1171 2453 1239 2517 liliis

51 2561 144 2626 talibus
172 2585 229 2629 sue
259 2563 402 2647 dyocesis
430 2564 567 2648 plebanis
596 2565 721 2628 salutem
745 2571 803 2628 etc.
837 2563 954 2628 Nobilis
976 2564 1022 2628 vir
1045 2564 1082 2627 de
1104 2564 1156 2628 tali
1172 2563 1240 2627 loco

52 2671 125 2736 nobis
146 2673 304 2738 humiliter
331 2673 518 2758 supplicavit,
536 2680 683 2758 quatenus
701 2675 1024 2742 excommunicacionis
1043 2675 1240 2747 sentenciam,

53 2801 126 2864 quam
152 2783 295 2847 dominus
322 2783 492 2866 prepositus
520 2783 589 2847 talis
616 2802 670 2866 pro
688 2804 724 2848 eo
747 2783 779 2847 in
802 2782 869 2856 ch,
886 2783 983 2847 civem
1007 2784 1075 2847 talis
1100 2782 1241 2856 civitatis,

53 2892 176 2974 exigente
192 2890 329 2964 iusticia,
345 2889 556 2974 promulgavit,
574 2913 610 2958 eo
628 2892 707 2976 quod
719 2892 800 2956 idem
816 2891 891 2956 civis
907 2891 938 2956 in
955 2892 1083 2977 quadam
1106 2892 1241 2958 eiusdem

54 2999 139 3064 militis
154 3001 225 3064 villa
240 3006 348 3085 preter
363 3005 473 3064 sortem
491 3000 623 3066 debitam
638 3002 665 3065 X
680 3019 798 3064 mareas
815 3001 932 3083 argenti
949 3007 980 3066 et
1002 3003 1126 3086 amplius
1155 3002 1243 3067 dino-

57 3112 134 3176 scitur
153 3112 334 3196 aecepissc‚
362 3111 441 3174 sicut
468 3131 570 3175 eoram
598 3111 718 3175 domino
745 3112 899 3194 preposito
928 3134 961 3176 sc
984 3113 1094 3177 asserit
1108 3113 1242 3196 legitime

59 3222 198 3303 probasse,
217 3221 414 3304 dignaremur
429 3221 616 3285 auctoritatis
639 3228 741 3285 nostre
758 3221 919 3286 munimine
942 3223 1128 3288 confirmare.
1162 3223 1243 3307 Qua-

56 3341 165 3417 propter
192 3331 385 3397 universitati
414 3337 515 3395 vestre
542 3331 725 3416 precipimus
742 3330 783 3421 l)
806 3338 838 3397 et
868 3334 1054 3409 mandamus,
1086 3341 1119 3400 ut
1147 3336 1243 3419 ipsam
1349 3385 1354 3401 .

56 3441 370 3509 excommunicacionis
384 3440 580 3514 sentenciam,
594 3442 672 3506 sicut
685 3447 732 3506 est
743 3440 879 3525 probata,
892 3444 971 3508 iuste
985 3444 1244 3510 etracionabiliter

57 3553 162 3618 faciatis
179 3550 334 3637 usquead
351 3549 588 3615 satisfactionem
611 3550 792 3634 condignam
815 3551 853 3615 ab
875 3553 1013 3617 omnibus
1035 3555 1245 3620 inviolabiliter

58 3661 212 3736 observari,
230 3681 321 3746 quam
339 3657 549 3740 confirmamus
566 3660 639 3723 iuris
656 3655 761 3725 o'rdine
778 3682 837 3725 non
861 3662 1010 3744 neglecto.
1043 3664 1153 3730 Verum
1176 3665 1245 3749 quia

56 3781 201 3839 crescente
225 3773 260 3860 i)
279 3769 467 3837 contumacia
483 3790 624 3834 crescere
641 3769 733 3835 debet
749 3775 780 3834 ct
796 3792 890 3855 pena,
914 3773 983 3857 quia
999 3775 1153 3859 predictus
1170 3775 1245 3841 civis

56 3883 189 3951 hactenus
207 3882 532 3950 excommunicacionis
545 3902 605 3945 non
617 3881 733 3946 curavit
749 3883 945 3956 sentenciam,
961 3886 1129 3952 mandando
1145 3887 1246 3970 preci-

57 3995 151 4077 pimus,
181 4003 215 4061 ut
254 3993 381 4059 eundem
419 3993 553 4076 singulis}
569 3990 675 4055 diebus
708 3991 866 4055 dominicis
898 3998 928 4057 et
954 3995 1082 4069 festivis,
1112 3997 1246 4062 candelis
1256 4005 1361 4046 rom·-

58 4085 219 4173 ardentibus
243 4113 277 4171 et
298 4104 451 4189 campanis
473 4102 609 4186 pulsatis,
631 4102 662 4165 in
683 4101 837 4185 parochiis
860 4103 969 4168 vestris
998 4105 1108 4190 singuli
1130 4108 1258 4177 denun-.

59 4219 134 4284 cietis
152 4218 282 4284 eundem
299 4213 585 4282 excommunicatum
597 4211 647 4299 ἃ).

139 4403 172 4474 a)
184 4402 369 4459 Venerabilem
385 4400 410 4454 in
424 4397 488 4454 car.
502 4397 612 4452 tratrem
625 4396 655 4451 t.
670 4427 703 4440 -
718 4395 749 4467 d)
764 4398 888 4454 memorio
901 4401 942 4456 vel
956 4401 983 4456 Z.
994 4402 1064 4471 -c)
1078 4419 1154 4460 suum
1168 4405 1194 4460 Z.
1211 4435 1243 4446 -

60 4491 90 4562 d)
101 4498 128 4549 et
139 4497 165 4550 Z.
179 4527 212 4536 -
230 4496 262 4567 e)
277 4494 414 4568 proprium
428 4497 456 4549 Z.
469 4523 504 4532 -
517 4490 547 4562 f)
561 4489 609 4545 Cb.
629 4491 656 4547 Z.
672 4499 709 4530 -’
717 4491 753 4563 q)
775 4492 874 4548 factam
888 4511 921 4547 zu
938 4494 1022 4549 lesen.
1038 4526 1066 4536 -
1083 4495 1117 4566 lv)
1130 4514 1157 4568 p·
1170 4515 1246 4554 man·

62 4581 146 4642 dantes
164 4587 192 4641 Z.
207 4617 240 4628 -
255 4585 281 4656 i)
294 4585 395 4640 malicia
411 4601 458 4639 seu
472 4585 499 4638 Z.
515 4615 547 4623 —
562 4582 596 4655 l)
612 4600 668 4638 exe.
682 4583 750 4640 fehlt
765 4584 795 4640 V.
