3116 5124
290 263 341 334 uo

286 440 383 502 amica
400 439 548 512 fidelibus,
565 460 622 522 pax
640 441 753 504 eisdem
770 441 974 527 proveniata)
991 441 1189 508 et'incumbat
1206 441 1394 506 desiderium
1407 460 1479 504 con-

286 547 432 631 sequendi
448 549 561 629 premia
578 569 782 631 supernorum.
878 602 883 612 .

375 658 454 722 Item
486 657 530 720 ad
560 658 650 723 idem.
685 659 804 722 Grande
836 658 1013 741 producitur
1045 660 1133 723 matri
1164 659 1324 742 gaudium,
1356 657 1481 722 habenti

286 763 377 827 filiurn
404 764 586 837 virtuosum,
614 765 639 828 si
667 785 777 848 sponse
806 765 963 849 speciose,
991 765 1106 831 famose
1133 787 1170 830 ac
1198 766 1291 831 nobili
1324 765 1483 849 coprdatur

286 873 390 937 ledere
423 872 583 954 conjugali.
627 875 690 938 Nos
721 874 829 957 igitur,
863 876 913 958 qui
939 875 1012 940 licet
1048 875 1180 939 inmeriti
1211 895 1315 939 curam
1347 875 1482 956 gerimus

287 981 417 1045 omnium
440 982 636 1045 ecclesiarum
658 1003 694 1046 ac
717 984 847 1046 omnium
870 983 1001 1046 ecclesie
1022 983 1157 1048 liliorum
1170 990 1255 1067 patre
1277 984 1309 1049 id
1336 984 1483 1046 luminum

287 1091 474 1172 disponente,
492 1113 550 1154 non
566 1091 688 1172 indigne
704 1091 792 1174 plena
809 1092 993 1156 iocunditate
1009 1093 1232 1175 perfundimur,
1256 1093 1282 1155 si
1301 1099 1483 1176 quemquam

287 1220 323 1262 ex
338 1200 412 1282 ipsis
429 1219 517 1282 quem
542 1207 659 1282 gratum
683 1201 794 1265 exibuit
810 1199 849 1286 b)
866 1201 1020 1266 arridencia
1036 1201 1213 1284 probitatis,
1229 1202 1353 1286 spiritus
1372 1223 1482 1285 opera·

287 1309 373 1372 eione
400 1308 545 1392 paraclyti
574 1309 728 1390 contingat
755 1309 785 1373 in
812 1329 955 1392 sponsum
982 1310 1018 1373 N.
1049 1310 1179 1374 ecclesie
1206 1327 1268 1394 que‘
1291 1311 1383 1374 vidua
1415 1332 1486 1374 esse

287 1417 454 1482 dinoscitur
480 1417 648 1498 prouideri,
678 1437 735 1501 que
763 1424 793 1480 et
815 1417 922 1499 grandi
945 1417 1092 1500 dignitate
1114 1415 1262 1502 preminet
1283 1426 1315 1484 et
1335 1419 1485 1483 bonorum

287 1528 417 1590 fecunda
433 1525 630 1590 concursibus
647 1526 860 1608 conprobatur.

349 1675 480 1744 ilurllter
495 1673 604 1736 subditi
620 1674 650 1737 ln
667 1673 747 1737 clero
764 1674 902 1738 tralendl
918 1681 988 1739 sunt
1003 1677 1034 1739 lu
1051 1681 1168 1758 partera
1184 1676 1410 1742 salllaltudlnls.

783 1769 999 1840 nrsrrneaorve).
1241 1803 1244 1806 -
1557 1840 1558 1867 1

379 1879 425 1942 Ne
447 1880 578 1942 Romane
606 1879 735 1942 ecclesie
762 1879 908 1961 negocia,
938 1880 1045 1963 quibus
1073 1881 1218 1944 inminere
1241 1901 1301 1945 non
1323 1901 1486 1964 possumus
1557 1874 1558 1879 ’

288 2010 344 2073 per
360 1988 400 2073 d)
416 2008 471 2051 nos
488 1988 581 2069 ipsos,
598 1987 752 2070 negligere
768 1988 932 2062 videamur,
952 1990 1080 2072 expedit,
1098 1996 1130 2053 ut
1146 2011 1181 2053 ea
1192 1989 1250 2053 illis
1265 1991 1488 2054 committamus

289 2097 468 2161 fiducialiter
495 2098 684 2180 exequenda,
714 2098 751 2160 de
775 2118 898 2180 quorum
921 2098 1083 2180 diligencia
1106 2119 1161 2163 nos
1185 2098 1278 2162 efficit
1294 2098 1490 2182 experiencia

294 2208 384 2290 longa
401 2213 510 2271 certos.
1109 2281 1112 2288 Ι

378 2319 457 2382 item
479 2319 523 2383 od
545 2317 636 2382 idem.
669 2318 750 2380 Inter
775 2318 995 2400 occupaciones
1019 2319 1192 2392 continuas,
1218 2319 1326 2402 quibus
1343 2319 1491 2400 multipli-

290 2409 367 2490 citer
387 2445 594 2508 perurgemur,
618 2446 684 2488 cum
701 2446 760 2489 non
783 2427 933 2508 possimus
957 2427 995 2490 ad
1019 2427 1116 2492 omnia
1139 2427 1278 2492 sulficere
1301 2427 1415 2514 perd)
1432 2447 1487 2490 nos

289 2536 384 2618 ipsos,
401 2535 498 2618 aliqua
514 2533 587 2617 ipsis
604 2535 753 2598 interdum
770 2535 989 2608 committimus,
1006 2537 1043 2598 de
1059 2557 1182 2620 quorum
1199 2543 1322 2618 experta
1336 2536 1483 2618 puritate,

276 2674 277 2678 ¹
291 2644 467 2708 devocionis
485 2650 515 2708 et
531 2643 726 2706 discrecionis
743 2643 889 2708 industria
904 2645 1022 2726 plenam
1037 2644 1176 2708 fiduciam
1193 2644 1382 2720 obtinemus..
1449 2635 1455 2640 ⁸

381 2755 460 2820 ltem
477 2755 522 2817 od
535 2754 627 2818 idem.
660 2752 739 2815 lllius
759 2754 903 2835 exemplo,
917 2754 968 2837 qui
979 2755 1140 2827 bominem,
1158 2775 1246 2838 quem
1262 2755 1301 2818 ad
1317 2756 1491 2837 ymaginem

293 2869 323 2929 et
339 2861 562 2926 similitudinem
580 2881 664 2924 suam
680 2863 806 2934 fecerat,
822 2863 961 2945 posuisse
977 2863 1089 2944 legitur
1101 2863 1139 2926 ad
1153 2863 1321 2927 custodiam
1333 2864 1491 2946 paradysi,

292 2979 330 3037 ut
362 2973 522 3036 commissa
562 2991 615 3034 sue
654 2969 790 3033 custodie
824 2972 906 3034 salva
938 2971 1038 3035 forent
1070 2992 1163 3055 seque
1200 2967 1311 3034 ibidem
1344 2977 1491 3055 tanquam

295 3101 440 3164 operosus
474 3081 609 3162 agricola
640 3079 801 3142 fructuosis
833 3079 973 3161 operibus
1003 3075 1173 3153 exerceret,
1198 3081 1265 3143 illos
1294 3081 1331 3143 de
1362 3099 1490 3164 quorum
1557 3114 1558 3123 2

292 3189 436 3262 sciencia,
457 3191 518 3252 uite
534 3188 695 3260 mundicia,
718 3189 954 3252 conversacione
971 3177 1135 3271 approbata
1152 3189 1349 3253 indubitatam
1358 3190 1398 3276 e)
1415 3190 1492 3253 fidu·
1557 3184 1558 3203 ¹

292 3300 369 3363 ciam
386 3299 528 3381 gerimus,
545 3297 576 3360 in
591 3303 707 3380 partem
724 3295 934 3360 sollicitudinis
951 3298 989 3360 ad
1006 3297 1234 3361 custodiendum
1252 3285 1381 3380 gregem
1394 3300 1492 3363 domi·

292 3411 393 3473 nicum
421 3428 456 3470 eo
483 3405 631 3470 libencius
660 3425 837 3478 evocamus,
866 3406 1032 3489 quoidam
1059 3425 1133 3488 grex
1158 3427 1213 3489 per
1241 3409 1318 3471 tales
1347 3409 1491 3472 custodes
1557 3404 1558 3411 '

293 3517 449 3582 consuevit
471 3515 562 3579 verbo
586 3515 685 3577 divino
706 3513 791 3577 refici
815 3521 845 3578 et
869 3515 1005 3579 securius
1022 3535 1039 3578 a
1055 3513 1092 3600 f)
1108 3516 1170 3599 lupi
1189 3519 1309 3599 rapacis
1339 3518 1491 3582 morsibus

293 3629 413 3693 monitis
430 3626 561 3690 assiduis
579 3624 734 3688 custodiri.

383 3740 462 3804 Item
476 3735 526 3820 9).
565 3734 598 3796 ln
625 3734 705 3797 curis
734 3731 825 3797 officii
853 3733 1012 3817 pastoralis
1046 3754 1100 3797 eor
1126 3741 1262 3799 nostrum
1295 3736 1493 3800 vehementer

293 3848 450 3915 urentibus
467 3845 558 3909 nichil
575 3845 670 3925 magis
694 3845 886 3908 cottidianam
903 3844 1003 3907 reddit
1024 3845 1111 3909 nobis
1134 3845 1313 3909 instanciam
1337 3847 1371 3908 in
1392 3847 1493 3910 eccle-

295 3960 406 4022 siarum
430 3957 560 4021 omnium
584 3953 816 4016 sollicitudinem
839 3972 1015 4025 onerosam,
1039 3972 1128 4036 quam
1153 3952 1292 4038 quodie),
1317 3943 1492 4039 requiffiite

294 4069 445 4132 interdum
475 4063 659 4128 necessitate
696 4061 841 4143 temporis
880 4068 910 4124 et
946 4061 1067 4144 publice
1104 4082 1317 4146 nonnunquam
1355 4064 1491 4128 utilitatis

296 4177 450 4259 exigencia
466 4174 679 4258 persuadente,
697 4173 818 4235 easdem
834 4175 954 4254 oportet
970 4171 1128 4236 nobiscum
1145 4171 1292 4235 ecelesias
1316 4172 1348 4234 in
1366 4193 1493 4256 suppor-

386 4301 587 4371 u)adreniatZ.
598 4330 630 4339 -
641 4300 672 4369 b)
687 4298 805 4351 exhibuit
819 4297 931 4366 Z.-e)
944 4297 1087 4351 Distinctio
1102 4296 1134 4352 lv
1148 4298 1217 4351 fehlt
1227 4297 1339 4366 V.-d)
1352 4315 1402 4368 pro
1416 4297 1444 4350 V.
1461 4325 1489 4336 -

296 4391 701 4465 eJcorrigirtfr'irindubitataV.
713 4389 785 4460 -ἣ
800 4388 928 4460 corrigirt
939 4388 983 4442 fiir
996 4388 1066 4443 adV.
1076 4421 1105 4430 -
1119 4389 1155 4461 9)
1169 4387 1201 4443 ad
1213 4388 1283 4444 idem
1293 4389 1322 4445 Z.
1331 4387 1406 4458 -lr)
1422 4385 1493 4460 quod

286 4487 480 4542 mfflmb
