3116 5124
1154 311 1225 386 151

145 480 264 544 lietetur
282 481 488 564 itaque-totus
504 477 632 544 fidelium
663 484 747 545 cetus
770 480 940 546 ct'laudum
955 483 1082 548 Domino
1099 485 1232 554 cannino

67 587 189 652 concinat
203 588 262 652 alta
272 607 357 660 uoce,
370 587 451 672 quod
464 608 481 651 a
494 588 556 651 suis
569 593 712 672 tanquam
724 587 835 653 Christi
848 589 1047 657 coheredibus
1061 579 1231 658 mansiones

67 702 147 764 colice
161 700 363 785 possidentur:
388 700 499 764 exultet
518 705 615 763 mater
636 700 782 772 eeclesia,
806 679 891 784 quod
907 702 1020 784 palmes
1037 723 1120 776 suus,
1143 723 1232 788 quem

70 818 95 878 in
108 830 174 892 agro
189 808 257 872 fidei
272 807 416 892 plantavit
439 813 470 872 et
493 807 600 880 coluit,
628 807 659 872 in
682 808 792 873 celeste
813 810 961 873 rosarium
983 817 1030 876 est
1050 811 1231 876 translatus:

67 920 181 1004 gaudeat
196 924 226 983 et
240 917 368 999 insignis
384 917 420 981 N.
439 917 473 1004 l)
490 916 579 991 ordo,
603 919 681 1001 quod
705 940 740 982 cx
761 920 828 1001 ipso
848 918 978 1002 prosiliit
999 920 1084 984 stella
1107 920 1231 994 micans,

67 1034 137 1095 cuius
156 1029 303 1111 fulgentes
324 1026 400 1090 radii
422 1028 453 1091 in
473 1028 585 1092 lumine
599 1029 650 1092 hic
666 1028 927 1111 peregrinancium
951 1028 1155 1095 diffunduntur
1177 1029 1230 1116 μ).

142 1137 278 1202 Ceterum
305 1138 375 1220 quia
403 1134 557 1210 convenit,
586 1141 618 1200 ut
640 1155 728 1219 quem
749 1137 893 1201 Dominus
915 1137 946 1200 in
968 1138 1036 1201 celo
1049 1137 1233 1221 magnificat,

68 1247 176 1312 nundus
193 1245 288 1310 colat:
311 1266 367 1310 nos
384 1245 421 1308 dc
438 1244 596 1314 sanctitate
617 1244 677 1308 vite
701 1250 731 1309 et
750 1245 875 1309 veritate
897 1245 1106 1310 miraculorum
1128 1245 1233 1311 huius-

67 1354 134 1419 modi
148 1354 277 1419 martiris
293 1354 404 1438 inquiri
418 1354 545 1419 fecimus
562 1353 733 1435 diligenter,
751 1360 781 1418 et
804 1353 873 1438 quia
893 1360 962 1436 post
983 1354 1234 1419 examinacionem

71 1463 214 1527 studiosam
242 1467 275 1526 et
291 1461 508 1526 discussionem
530 1461 715 1544 solempnem
739 1462 824 1544 plura
852 1462 947 1526 eciam
976 1467 1006 1526 ct
1022 1462 1135 1526 maiora
1151 1482 1235 1526 com·
1328 1539 1343 1556 Ὗ

68 1573 178 1654 perimus
216 1591 308 1656 quam
345 1571 493 1634 insinuata
535 1569 679 1642 fuissent,
726 1590 796 1633 cum
839 1571 878 1634 de
903 1572 1069 1634 ¹communi
1110 1557 1235 1636 fratrum
1324 1549 1339 1578 ’

68 1685 215 1744 nostorum
230 1681 266 1768 ν)
285 1678 409 1744 consilio
434 1685 465 1743 et
495 1697 640 1752 assensu,
673 1677 777 1742 confisi
812 1679 849 1742 de
877 1678 1087 1763 omnipotentis
1114 1680 1234 1751 virtute,

71 1788 225 1853 auctoritate
243 1807 363 1872 quoquc
379 1787 461 1852 beati
477 1789 557 1853 Petri
581 1793 611 1852 ct
625 1787 708 1852 Pauli
725 1787 926 1870 apostolorum
950 1788 1032 1862 eius,
1059 1807 1095 1852 ac
1118 1793 1245 1874 nostra,

74 1902 218 1960 sanctorum
229 1895 392 1979 lathalogo
406 1897 539 1960 duximus
553 1915 667 1961 exnunc
680 1894 856 1977 dignissime
870 1893 1088 1959 ascribendum.
1106 1896 1235 1978 Ideoque

76 2005 225 2070 uniuersalis
260 2009 365 2071 sancte
395 2004 499 2070 matris
533 2004 662 2068 ecclesie
691 2003 816 2086 prelatis
854 2003 1033 2067 auctoritate
1071 2004 1236 2088 apostoliea

72 2113 152 2178 domm
166 2113 293 2178 tirmiter
309 2114 340 2178 in
367 2113 513 2180 mandatis
530 2113 683 2186 volentes,
711 2118 857 2196 quatenus
875 2111 923 2176 die
949 2111 1002 2176 tali
1019 2112 1055 2176 N.
1070 2109 1105 2199 ξ)
1122 2114 1233 2176 festum

71 2222 178 2303 predicti
198 2223 299 2287 sancti
322 2222 428 2288 devote
451 2240 488 2286 ac
510 2220 703 2304 solempniter
725 2220 886 2285 celebretis
908 2227 939 2285 et
959 2220 1077 2285 faciatis
1094 2221 1236 2286 ascetria

70 2329 177 2396 subditis
198 2330 399 2396 veneracione
428 2350 561 2414 congrua
588 2329 752 2403 celebrari,
779 2334 813 2394 ut
839 2329 890 2413 pia
917 2331 981 2393 eius
1008 2330 1236 2403 intercessione,

69 2440 152 2506 lica
179 2441 277 2505 noxiis
313 2441 431 2524 protegi
463 2447 493 2508 et
523 2441 554 2507 io
590 2441 689 2509 tuturo
727 2439 906 2524 sempiterna
943 2439 1052 2523 gaudia
1090 2440 1236 2524 consequi

69 2551 174 2617 ualeatis
191 2552 235 2639 o).

142 2788 333 2861 &mnaungen
350 2804 398 2843 aus
417 2786 504 2859 Ripoll
522 2787 589 2842 cult.
607 2786 822 2842 Praedicatorum
842 2785 863 2847 l,
881 2781 943 2838 228.
965 2784 1131 2840 innocentius
1149 2798 1191 2855 ep.
1210 2800 1232 2838 s.

67 2892 84 2928 s.
94 2877 120 2934 D.
131 2895 185 2934 ven.
199 2879 307 2935 fratrib.
321 2878 453 2933 universis
471 2877 679 2949 archiepiscopis
699 2880 726 2931 et
743 2875 876 2948 episcopis
888 2891 921 2930 ac
934 2875 1037 2930 dilectis
1050 2874 1113 2928 filiis
1133 2872 1236 2928 abbati·

67 2966 114 3028 lus,
138 2970 280 3040 prioribus,
304 2969 556 3040 archipresbyteris,
583 2968 699 3029 decanis,
722 2966 916 3021 archidiaconis
935 2969 963 3019 et
981 2966 1039 3019 allis
1058 2965 1233 3020 aeclesiarum

66 3057 159 3124 prelatis
183 3061 216 3114 ad
242 3078 311 3132 quos
329 3061 405 3114 litere
418 3061 470 3115 iste
494 3060 662 3130 pervenerint
683 3077 705 3112 s.
729 3059 757 3112 et
778 3075 801 3112 a.
818 3059 844 3112 lo.
870 3087 899 3096 -
924 3055 958 3128 α)
977 3055 1181 3127 predicatorum.
1202 3083 1232 3096 -

66 3145 94 3216 β)
109 3166 230 3219 pressura
245 3157 273 3206 et
292 3153 411 3207 tonsione
427 3152 536 3222 politus.
557 3181 588 3192 —
607 3151 641 3221 a)
659 3151 762 3204 Petrus.
781 3179 814 3188 -
838 3146 869 3219 d)
883 3149 1005 3202 Fratrum
1017 3147 1232 3210 Prodicatorum,

52 3236 215 3310 ‚lombardus
238 3242 350 3314 origine.
369 3273 403 3283 -
418 3241 444 3313 ε)
467 3243 575 3314 triginta
597 3242 658 3298 fere
681 3256 815 3296 annorum·
830 3270 863 3280 -
877 3237 908 3308 ζ)
930 3239 964 3292 nt
986 3239 1026 3294 sic
1048 3238 1105 3309 ipse
1127 3238 1235 3301 Petrus,

67 3327 144 3386 firmos
164 3332 190 3386 in
214 3341 295 3404 petra
315 3332 392 3394 fidei,
414 3337 491 3404 petra
513 3333 616 3386 demum
634 3331 767 3403 passionis
791 3330 897 3392 allisus,
920 3329 954 3382 ad
978 3331 1082 3399 petram
1101 3325 1236 3382 Christum

69 3418 134 3491 ligra
149 3425 310 3480 laureandus
325 3425 504 3480 ascendit-
520 3425 550 3492 η)
564 3441 612 3478 nos
633 3422 719 3494 (wohl
740 3423 834 3476 besser
850 3418 923 3492 ros).
943 3449 973 3459 -
989 3418 1025 3488 3)
1040 3420 1094 3472 eta
1111 3416 1238 3486 spiritua·

71 3509 126 3567 libus
147 3516 276 3586 nequiciis
296 3519 367 3570 tutus
386 3519 466 3570 esset
497 3515 556 3586 'l'eg
580 3513 632 3568 und
652 3513 739 3566 Nacht
756 3511 795 3566 sei
821 3528 850 3565 er
875 3510 934 3564 dem
957 3508 1105 3580 goteliooen
1127 3505 1233 3561 Dienste

71 3601 218 3676 obgelegeo:
239 3611 368 3661 nocturna
383 3635 414 3646 -
429 3606 567 3660 claruisse.
585 3634 613 3644 -
630 3603 655 3675 ι)
669 3604 748 3674 Folgt
765 3603 791 3655 in
805 3601 853 3654 der
864 3600 938 3654 Bulle
951 3601 994 3654 die
1007 3598 1168 3668 Erathlung,
1187 3596 1236 3650 wie

70 3707 95 3744 cr
118 3699 161 3750 auf
182 3697 241 3751 dem
261 3699 347 3769 Wege
371 3715 419 3753 von
433 3697 523 3762 Conco,
546 3712 587 3751 wo
612 3713 643 3749 er
659 3694 736 3748 Prior
753 3694 842 3748 seines
861 3690 1086 3747 Ordensllosters
1104 3704 1236 3760 genesen,

70 3785 126 3838 nael
141 3787 272 3851 llailand,
290 3789 416 3844 woselbst
431 3806 463 3842 er
479 3787 514 3841 im
530 3786 697 3857 papstlicheo
709 3785 839 3853 Aullrage
854 3784 912 3838 eine
924 3780 1130 3850 Uutersuchung
1149 3795 1235 3849 gagen

71 3873 155 3932 llctser
167 3879 245 3934 leiteo
258 3879 344 3941 sollte,
363 3879 510 3933 concinens
528 3878 628 3932 lletaer
647 3875 806 3947 ersehlagen
823 3873 903 3929 wird:
921 3871 990 3926 unde
1009 3871 1123 3942 quia-
1142 3867 1238 3924 devin-

71 3971 159 4022 cuntur.
172 3999 205 4010 -
219 3970 249 4043 κ)
263 3972 298 4026 Es
316 3972 424 4026 werden
442 3969 485 4023 die
498 3967 618 4024 Wunder
636 3966 748 4031 eruthlt,
770 3965 812 4020 die
830 3981 860 4018 er
876 3965 912 4018 im
926 3963 1011 4017 lochen
1029 3961 1082 4016 uod
1096 3959 1163 4014 nach
1178 3959 1237 4013 dem

69 4054 132 4114 lodo
153 4062 272 4130 gewirkt.
294 4061 435 4116 Cuiusdam
448 4089 485 4102 -
498 4075 634 4115 conversa.
657 4058 726 4124 Quid
747 4056 844 4128 plura?
869 4054 924 4109 lliis
947 4057 974 4107 et
988 4069 1065 4124 quam
1082 4050 1171 4105 multis
1184 4052 1237 4105 etc.

71 4175 95 4186 —
107 4147 137 4219 l)
149 4149 259 4206 fratrum
273 4152 476 4224 predicatorum.
487 4180 516 4190 -
526 4149 560 4221 μ)
575 4149 667 4220 Gegen
681 4147 723 4203 die
735 4149 849 4202 Kctser:
861 4147 1024 4201 erubescant
1037 4172 1070 4183 -
1083 4143 1237 4210 sequantur.

71 4263 101 4276 -·
121 4240 146 4307 ν)
170 4243 197 4294 et
221 4243 383 4313 prelatorum
409 4241 520 4296 omnium
551 4244 614 4294 tunc
641 4237 709 4309 apud
736 4238 827 4292 sedem
856 4235 1030 4308 apostolicam
1055 4230 1236 4286 existencium.

72 4354 100 4364 -
110 4322 139 4400 ξ)
150 4333 232 4386 tercio
249 4331 306 4386 Kal.
319 4333 388 4386 ldaii.
404 4361 434 4372 -
450 4330 484 4403 o)'
502 4331 529 4385 ln
548 4329 685 4406 derBulle
701 4329 738 4383 ist
754 4328 822 4384 noch
842 4327 890 4381 der
905 4327 1001 4381 Ablana
1020 4322 1165 4386 bestimmt,
1187 4321 1238 4376 der

71 4414 223 4491 denienigen,
240 4423 339 4478 welche
357 4423 405 4478 das
423 4423 495 4478 Grab
513 4422 561 4476 des
574 4421 692 4490 lleiligen
709 4420 856 4482 basoches,
880 4417 1003 4486 gewdhrt
1021 4413 1100 4468 wird:
1114 4419 1140 4466 et
1158 4415 1188 4466 ut
1204 4437 1233 4452 -

70 4507 211 4567 relaxamus.
226 4515 318 4568 Datum
330 4513 432 4568 Perusii
446 4513 502 4568 lllll
517 4513 573 4567 llul.
587 4511 687 4582 Aprilis
699 4509 869 4581 pontificatus
884 4508 966 4563 nostri
980 4521 1046 4561 anno
1061 4504 1173 4559 decimo.
