3112 5118
1185 248 1261 320 215

70 419 254 495 Ferentinis,
269 429 301 486 et
312 421 350 485 ad
363 430 496 485 nostrum
509 423 732 506 beneplacitum
746 430 776 486 et
788 421 959 486 mandatum
976 423 1006 484 in
1022 441 1127 484 manus
1144 427 1263 485 nostras

71 528 221 592 civitatem
240 529 462 594 subicientibus
480 536 511 593 et
525 551 689 612 personas,
717 531 852 613 prestitis
875 530 962 593 nobis
978 529 1129 591 fidelitatis
1153 527 1264 590 debitis

70 635 244 698 iuramentis
279 642 309 699 et
341 636 454 699 illicitis
489 636 674 718 quibuslibet
700 657 758 719 que
786 639 924 699 fecerant
950 635 1114 706 abiuratis,
1143 655 1195 697 eos
1224 634 1263 697 ad

73 741 235 805 dominium
266 747 402 805 nostrum
429 748 459 806 et
487 745 621 824 graciam
642 745 829 825 recepimus,
858 742 996 806 omnibus
1019 762 1122 804 eorum
1139 740 1262 804 offensis

72 852 202 911 nostram
219 848 461 924 misericordiam
482 857 704 932 preponentes,
734 871 801 913 cum
823 851 987 931 gloriosum
1009 848 1141 912 vindicte
1164 869 1260 930 genus

71 975 232 1037 pensemus
257 956 419 1038 ignoscere
446 956 559 1028 noxiis,
587 977 656 1020 oum
677 956 862 1038 potuerimus
884 957 1072 1027 vindicasse,
1101 975 1136 1018 ac
1158 957 1264 1019 felices

71 1063 196 1126 victorie
220 1069 326 1127 nostre
354 1065 465 1146 tytulos
488 1063 675 1136 ascribamus
697 1065 859 1148 restituere
883 1065 972 1126 saluti
988 1063 1125 1126 subditos
1142 1068 1173 1125 et
1187 1062 1265 1125 bene

74 1171 191 1232 vivendi
220 1169 364 1232 benificio
394 1151 643 1251 condempnatos,
666 1177 700 1234 ut
723 1169 762 1233 nil
785 1171 906 1233 suavius
930 1171 969 1232 nil
991 1169 1151 1233 iocundius
1175 1176 1266 1252 atque

73 1277 179 1342 iustius
210 1280 370 1350 estiment,
399 1298 487 1361 quam
512 1278 568 1341 sub
592 1279 664 1360 iugo
687 1280 806 1360 imperii
831 1279 868 1341 de
886 1285 987 1342 cetero
1004 1280 1165 1361 respirare.
1199 1280 1268 1341 Non

76 1386 152 1451 enim
169 1391 219 1448 est
236 1384 367 1449 amicum
384 1387 479 1458 cedis,
496 1407 552 1448 nec
570 1386 608 1448 ad
625 1386 801 1449 effusionem
817 1386 973 1467 sanguinis
996 1387 1174 1449 noeencium
1190 1385 1265 1449 sub-

73 1492 200 1556 ditorum
217 1513 340 1555 sacrum
362 1493 477 1574 aspiret
503 1493 661 1573 imperium
672 1515 690 1563 ,·
708 1495 848 1575 eoquod
871 1494 969 1556 divina
986 1494 1126 1575 potencia
1143 1498 1179 1575 a)
1199 1495 1264 1556 eius

72 1602 198 1665 illustret
216 1601 326 1665 solium
343 1606 373 1664 et
389 1603 596 1665 misericordia
613 1609 643 1665 et
659 1603 698 1687 b]
714 1605 825 1666 veritas
843 1602 994 1674 ambiunt,
1011 1623 1068 1683 pax
1091 1607 1121 1664 et
1142 1601 1266 1665 iusticia

68 1709 326 1791 complectuntur.
359 1709 392 1771 ln
408 1709 546 1772 ubertate
563 1709 713 1792 siquidem
729 1709 968 1773 mensuetudinis
985 1714 1086 1772 nostre
1103 1729 1139 1772 ac
1155 1708 1268 1791 patulis

74 1815 262 1898 amplexibus
290 1815 412 1896 pietatis
440 1814 587 1878 immense
615 1815 826 1898 procedimus,
855 1816 1083 1880 conversionem
1111 1815 1268 1879 rebellium

73 1927 288 2004 attemptantes
317 1927 348 1985 et
375 1922 414 1986 ad
441 1942 545 1986 eorum
571 1913 769 2005 pertinaciam
802 1923 998 1987 edomandam
1030 1927 1205 1986 constanter
1233 1943 1269 1986 ex

73 2029 169 2092 animo
186 2027 383 2100 insistentes,
411 2026 447 2092 ut
461 2030 501 2114 e)
516 2016 657 2112 potencie
673 2035 777 2093 nostre
798 2049 922 2101 manus,
951 2029 976 2092 si
1000 2030 1051 2112 qni
1073 2029 1222 2092 voluerint
1237 2031 1269 2092 in

73 2157 125 2199 sua
140 2135 313 2217 pertinacia
329 2155 539 2216 perseverare,
554 2137 760 2219 profunditate
776 2138 919 2200 vallorum
942 2142 972 2200 ct
993 2156 1147 2199 murorum
1164 2136 1268 2199 altitu·

75 2244 140 2307 dine
164 2251 275 2308 contra
295 2243 479 2307 fortitudinis
503 2251 605 2309 nostre
627 2246 798 2327 potenciam
821 2247 949 2309 evadere
971 2266 1030 2308 non
1051 2244 1203 2308 confidant
1219 2249 1269 2326 d),

75 2371 128 2414 nec
145 2352 297 2423 diffidant,
315 2351 366 2434 qui
382 2352 472 2414 facilc
489 2358 714 2423 convertuntur,
730 2353 810 2435 apud
826 2353 947 2435 augusti
959 2354 1057 2416 throni
1074 2353 1269 2416 clemenciam

77 2459 285 2522 misericordie
301 2460 436 2538 graciam
451 2460 596 2522 invenire.
630 2460 700 2523 Tibi
722 2460 831 2543 igitur,
855 2480 943 2542 quem
965 2461 1068 2523 intime
1090 2461 1173 2522 aelus
1198 2458 1270 2523 fidei

74 2567 163 2628 nostri
195 2567 275 2630 lecit
308 2565 421 2628 laboris
459 2572 490 2630 ct
526 2566 650 2629 honoris
682 2587 742 2630 non
774 2573 929 2648 expertem
951 2565 1007 2650 e),
1040 2567 1269 2631 conversionem

73 2673 219 2736 Favencie
251 2673 290 2736 ad
318 2673 487 2736 universale
513 2674 656 2755 gaudium
684 2675 855 2738 intimamus
870 2675 925 2761 f),
942 2676 993 2758 qui
1014 2694 1070 2757 per
1097 2675 1268 2739 indefessas

76 2779 151 2842 vires
167 2786 198 2845 et
214 2780 337 2844 virtutis
353 2786 405 2844 tue
422 2781 626 2844 constanciam
643 2782 730 2845 nobis
747 2781 873 2845 victorie
889 2783 1016 2863 tytulum
1031 2783 1209 2847 vendicasti.
1275 2853 1278 2858 ,

161 2977 196 3045 a)
217 2975 271 3029 div.
289 2979 345 3044 pot.
364 2976 433 3030 fehlt
451 2976 481 3030 V.
503 3006 534 3016 —
555 2977 587 3049 d)
607 2977 665 3030 mis.
686 2981 713 3032 et
731 2978 799 3032 seblt
817 2978 847 3033 V.
870 3009 900 3019 —
921 2976 952 3044 c)
974 2977 1017 3031 die
1031 2976 1158 3050 folgende
1170 2978 1267 3041 Stelle,

76 3063 131 3118 bier
143 3066 265 3118 od‘enbar
277 3064 445 3134 corrumpirt,
455 3066 541 3118 leutet
553 3066 595 3119 hei
608 3065 780 3120 finili-Beth.
793 3067 824 3128 V,
839 3064 923 3120 1114:
937 3069 966 3119 ut
980 3066 1025 3136 qni
1039 3067 1163 3136 potencie
1176 3071 1267 3121 nostre

76 3168 161 3206 manns
180 3153 263 3224 sequi
275 3154 406 3207 noluerint
420 3158 447 3207 et
465 3154 491 3208 in
511 3156 658 3226 pertinacia
677 3156 857 3226 perdurarint,
876 3173 926 3225 per
945 3173 1079 3211 murorum
1098 3156 1265 3211 altitudinem

78 3245 124 3295 ete·
140 3273 168 3284 -
186 3244 226 3312 d)
242 3243 412 3310 considerant
425 3245 453 3298 V.
471 3245 550 3312 -e)
571 3244 616 3315 qui
635 3263 685 3315 pro
711 3249 861 3300 nostrorum
884 3246 1025 3300 rebellium
1054 3246 1212 3300 confusione
1238 3251 1267 3301 et

76 3328 174 3385 iusticie
202 3349 238 3386 ac
263 3333 447 3402 recuperande
470 3334 545 3403 pacis
569 3342 714 3406 augmento
739 3335 876 3390 nobiscum
896 3334 1003 3406 pondus
1019 3336 1075 3388 diei
1097 3339 1124 3388 et
1143 3339 1217 3388 estus
1236 3335 1264 3398 in

80 3421 162 3474 multis
181 3421 333 3491 sumptibus
353 3427 379 3476 et
398 3423 523 3492 periculis
542 3440 657 3492 persone
677 3427 831 3495 comportas
853 3423 1052 3479 conversionem
1072 3426 1124 3477 etc.
1137 3424 1263 3478 neren.

80 3537 109 3547 -
121 3508 152 3580 f)
165 3514 193 3565 ut
207 3511 382 3581 congaudeas
396 3511 488 3566 victori
502 3512 626 3568 m-cren.
