3168 5124
275 279 323 352 18

204 445 211 456 ’
271 465 340 520 sunt
356 453 473 525 affines,
485 460 587 520 mutuo
602 455 658 518 sibi
675 456 819 528 scribant,
833 456 1001 520 obseruatis
1015 451 1257 518 circumstanciis
1272 456 1302 516 et
1319 449 1483 513 condicio-

272 564 362 629 nibus
378 583 585 647 personarum.

363 673 606 759 Conorunpuinee
651 675 701 737 ccl
739 674 805 738 alie
838 675 959 758 femine
1001 673 1046 734 sic
1086 691 1118 733 se
1163 670 1307 733 salutant:
1355 667 1482 730 Dulcis-

271 782 346 844 sime
381 786 411 844 et
447 780 568 844 amabili
600 787 728 862 cognate
758 803 829 855 sue,
864 781 1086 865 pulchritudine
1115 785 1144 845 et
1178 797 1294 842 morum
1322 777 1483 859 elegancia

269 890 428 973 plurimum
461 890 619 961 decorate,
651 891 686 952 H.
703 892 772 954 talis
801 892 911 954 semina
939 891 1066 954 salutem
1083 909 1152 953 cum
1167 888 1353 971 plenitudine
1370 887 1483 970 gaudi-

275 1019 369 1063 orum.
1297 1073 1300 1077 .

364 1107 499 1190 Qualiter
530 1110 575 1173 od
604 1109 750 1174 Amostae
782 1109 822 1171 sit
853 1107 1046 1172 scribendum
1082 1105 1237 1198 religionis
1277 1115 1371 1168 causa
1408 1124 1480 1187 per-

278 1224 410 1280 transeo.

363 1327 467 1392 Iodec·
493 1325 611 1390 iudici:
647 1325 739 1389 Multe
767 1327 920 1408 sapiencie
954 1345 990 1388 ac
1028 1321 1226 1387 discrecionis
1265 1322 1329 1384 viro
1361 1322 1394 1386 P.
1428 1323 1481 1386 tali

270 1435 381 1506 iudici,
397 1439 458 1499 tam
484 1434 559 1497 iuris
586 1435 751 1516 prudencia
767 1455 857 1519 quam
880 1436 952 1498 tacti
970 1433 1160 1516 expericncia
1183 1430 1331 1502 redimito,
1348 1432 1381 1494 B.
1400 1432 1472 1496 talis
1509 1501 1511 1504 .

273 1544 363 1607 iudex
395 1543 576 1607 salutemet
607 1543 638 1604 in
669 1543 745 1606 libra
776 1544 908 1606 racionis
941 1543 1092 1614 sedendo,
1125 1541 1243 1622 singula
1276 1561 1330 1602 sua
1361 1541 1477 1622 pericia

227 1658 229 1663 ’
279 1653 441 1724 trutinare,
466 1652 512 1714 uel
533 1652 679 1726 „salutem
697 1653 772 1716 etin
789 1654 868 1715 omni
884 1653 996 1717 iudicio
1014 1658 1137 1716 matrem
1160 1649 1295 1714 veritatis
1318 1643 1477 1714 consulere

274 1761 462 1832 racionem‘,
479 1760 526 1822 vel
547 1760 693 1834 „salutem
716 1766 830 1824 etcum
852 1761 1081 1825 mansuetudine
1102 1780 1157 1842 per
1179 1759 1302 1822 semitas
1325 1758 1479 1822 ambulare

277 1869 398 1934 iusticie
415 1875 446 1933 et
462 1869 630 1944 veritatis“.
1182 1849 1187 1859 ⁸

315 2005 319 2014 ¹
365 1979 530 2065 Solutocio
554 1979 598 2043 ud
619 1978 774 2043 bominem
801 1979 986 2044 liberalem:
1022 1978 1098 2042 Huic
1116 1975 1244 2048 scribas,
1269 1976 1418 2051 discreta,
1447 1984 1480 2042 ut

274 2087 441 2170 predictum
454 2093 516 2159 cst,
542 2085 718 2149 condicione
730 2106 870 2168 persone,
889 2088 1016 2151 salutem
1035 2093 1066 2150 et
1077 2085 1172 2168 gratis
1187 2085 1278 2166 digna
1289 2087 1477 2167 postulacio-

182 2245 185 2249 .
274 2196 362 2260 nibus
392 2196 530 2278 elargiri,
558 2197 620 2258 vel:
653 2198 779 2260 salutem
814 2203 844 2260 et
879 2197 1010 2260 omnium
1037 2202 1163 2260 matrem
1195 2195 1352 2259 consulere
1384 2197 1479 2280 largi-

273 2310 376 2370 tatem.
564 2289 567 2296 ¹

365 2417 492 2480 Avarus
507 2417 668 2480 salutator
685 2421 715 2477 et
732 2416 835 2479 dicunt
852 2416 879 2476 ci
902 2415 1040 2486 salutem,
1063 2437 1183 2480 moriam
1206 2434 1263 2477 non
1280 2437 1479 2482 nummorum

275 2523 449 2604 congeriem
478 2542 676 2594 coacervare,
705 2525 767 2587 vel:
793 2524 975 2587 salutemet
1002 2543 1060 2587 non
1089 2522 1279 2586 denariorum
1301 2524 1356 2587 sed
1372 2525 1479 2606 pocius

275 2631 461 2694 altitudinem
478 2631 644 2695 maiestatis
662 2633 797 2704 adorare,
815 2634 877 2695 vel:
902 2632 1028 2696 salutem
1045 2639 1075 2696 et
1091 2632 1129 2696 ab
1142 2631 1273 2696 avaricia
1286 2653 1319 2694 se
1332 2639 1481 2706 auertere,

280 2760 339 2824 que
357 2747 404 2804 est
420 2741 573 2832 ydolorum
592 2741 730 2804 servitus.

369 2851 568 2916 Mercatores
594 2853 641 2915 sic
668 2852 829 2917 scribunt:
860 2851 986 2914 salutem
1016 2857 1046 2914 et
1074 2851 1188 2914 lucrum
1219 2851 1363 2934 consequi
1387 2852 1483 2934 adop-

281 2965 387 3025 tatum.
429 3002 431 3007 -

371 3069 537 3134 Solutocio
554 3069 669 3134 civium
684 3071 769 3134 inter
791 3093 839 3134 se:
867 3071 955 3134 Cives
973 3072 1053 3134 iuxta
1070 3070 1276 3134 condicionem
1301 3070 1482 3151 dignitatum

279 3186 309 3244 et
326 3177 492 3241 olliciorum
509 3179 640 3242 salutant
656 3199 689 3240 se
706 3179 905 3252 adinvicem,
929 3186 1018 3263 prout
1034 3181 1183 3263 placuerit
1200 3181 1350 3244 dictatori.

370 3289 458 3353 Artic
479 3287 665 3352 mechanico
687 3290 833 3375 operarii
852 3311 886 3352 sc
915 3289 1091 3371 simpliciter
1118 3289 1248 3352 salutant
1276 3289 1321 3352 sic
1350 3290 1480 3355 dicendo

282 3397 367 3460 verbi
384 3395 504 3479 gracia:
528 3396 600 3459 Viro
619 3395 767 3468 discreto,
785 3399 858 3460 artis
873 3398 985 3462 sutoria
1003 3399 1034 3460 in
1050 3398 1102 3461 toli
1119 3399 1184 3461 loco
1201 3399 1236 3460 H.
1252 3397 1387 3462 eiusdem
1406 3401 1480 3464 artis

279 3507 327 3569 vel
345 3505 468 3568 alterius
486 3506 613 3568 salutem
630 3511 660 3569 et
677 3524 762 3568 omne
780 3506 901 3570 honum.

371 3614 498 3679 Amicus
515 3614 633 3679 amico:
657 3613 774 3678 Dilecto
792 3620 822 3677 et
839 3615 1017 3696 precordiali
1035 3615 1131 3678 amico
1154 3636 1208 3678 suo
1225 3617 1260 3678 H.
1278 3615 1346 3679 talis
1364 3619 1482 3682 amicus

280 3723 411 3786 omnium
434 3721 581 3785 bonorum
606 3721 722 3803 copiam
755 3742 823 3786 cum
855 3725 967 3796 salute,
999 3725 1061 3786 vel:
1098 3725 1225 3787 salutem
1254 3730 1284 3787 et
1312 3725 1485 3791 desiderate

281 3833 400 3895 lortune
422 3829 654 3900 incrementum,
677 3831 739 3893 vel:
771 3833 897 3895 salutem
920 3839 950 3896 ct
972 3833 1126 3916 prosperis
1149 3832 1343 3896 successibus
1365 3834 1486 3899 babun-

281 3941 363 4003 dare.
400 3939 452 4002 Sic
469 3943 569 4020 potest
586 3939 687 4001 socius
706 3940 789 4002 socio
807 3941 951 4004 scribere.

367 4049 521 4113 inimicus
552 4049 690 4114 inimico.
725 4048 851 4130 Quando
884 4050 1021 4113 inimicus
1050 4050 1156 4114 scribit
1185 4051 1321 4123 inimico,
1346 4072 1477 4133 persona

277 4159 398 4220 mittens
425 4157 564 4238 proponit
593 4179 641 4230 se,
669 4160 762 4223 tacito
790 4161 910 4242 proprio
927 4161 1046 4223 nomine
1067 4181 1197 4243 persone
1214 4162 1406 4244 recipientis,
1425 4169 1481 4231 sed

280 4265 425 4331 describit
442 4286 509 4328 eum
526 4267 571 4328 vel
589 4287 605 4329 a
623 4269 800 4349 cognomine
817 4269 862 4331 vel
880 4269 995 4342 aloco;
1020 4270 1103 4333 verbi
1121 4270 1243 4351 gracia:
1261 4269 1292 4334 C.
1307 4272 1376 4335 talis
1393 4274 1483 4339 bomo

279 4377 316 4440 de
332 4376 383 4438 tali
400 4377 466 4438 loco
483 4375 547 4438 viro
564 4376 615 4438 tali
632 4396 686 4458 pro
704 4379 799 4440 salute
816 4384 952 4452 mortem,
976 4380 1021 4442 vel
1038 4378 1171 4443 incidere
1189 4380 1219 4441 in
1234 4381 1375 4463 laqueum
1393 4404 1483 4467 quem

278 4484 419 4550 tetendit.
