3116 5124
269 300 344 372 tte

268 473 476 554 permiserint,
521 474 702 537 intendimus
733 475 905 556 assignare,
944 495 1004 538 non
1035 472 1295 540 inconsideratus,
1328 467 1399 537 sed,
1435 470 1470 528 ut

267 583 388 665 negocii
404 583 568 667 solempnia
585 584 625 671 a)
642 584 774 668 exigunt,
790 589 911 668 paratus
928 603 1073 668 appareas
1090 588 1122 645 ct
1137 578 1321 665 festinusd).

364 744 397 813 a)
412 745 558 815 solempnia
572 764 622 799 von
636 745 748 800 auderet
762 745 835 800 llaud
847 763 887 800 sm
901 745 991 800 Rends
1007 747 1037 800 V.

362 889 609 960 Ergtnsungeuaus
630 891 748 960 Raynsld
768 889 799 942 ad
820 907 843 943 a.
864 889 943 953 1274,
964 905 1005 942 uo.
1020 889 1054 943 tt
1073 889 1126 942 uud
1146 883 1237 956 Campi
1253 881 1345 937 Storis
1360 880 1388 934 di
1403 880 1471 934 Pia·

274 993 360 1031 cenas
372 977 459 1041 tutu
473 996 505 1032 ex
519 979 579 1032 cod.
593 979 711 1033 Valicell.
726 979 769 1049 α).
783 980 931 1050 Gregorius
946 997 990 1049 ep.
1004 983 1055 1033 ete.
1076 977 1218 1048 flodulpho
1239 974 1308 1042 Regi
1326 973 1469 1025 Romano-

277 1086 334 1121 rum
349 1069 455 1122 illustri.
475 1069 571 1124 Solent
583 1071 726 1125 arduaetc.
742 1099 771 1111 ν
782 1067 817 1142 β)
832 1070 1021 1125 dilectuslilius
1040 1069 1211 1124 Tridentinus
1221 1067 1328 1118 electus
1342 1063 1472 1117 etfrater

279 1159 446 1214 llenricnsde
457 1159 551 1214 ordine
564 1161 692 1214 llinorum
701 1160 774 1233 -p)
789 1161 988 1216 adhortationis.
1000 1191 1028 1200 -—
1037 1159 1068 1233 d)
1083 1167 1110 1213 et
1122 1159 1155 1212 ad
1169 1159 1364 1231 premissanon
1378 1171 1473 1206 moro-

280 1269 324 1302 sus
351 1250 396 1302 sed
411 1254 551 1320 promptus
565 1255 591 1303 et
610 1250 721 1303 festinus
736 1267 870 1304 occurras.
884 1249 996 1320 Expedit
1008 1255 1105 1310 autem,
1123 1255 1152 1300 ut
1174 1248 1288 1316 aliquos,
1312 1242 1361 1314 qui
1386 1259 1473 1312 super

281 1339 401 1395 eiusdem
424 1340 602 1408 assignatione
623 1341 727 1406 termini
751 1341 815 1408 quid
837 1344 881 1393 tue
906 1339 1087 1394 commoditati
1108 1340 1241 1407 congruat
1259 1340 1287 1388 et
1300 1335 1370 1387 alias
1391 1333 1475 1403 plene

273 1432 345 1484 tuam
358 1447 439 1501 super
452 1432 565 1500 hesper
578 1431 664 1484 omnia
677 1431 837 1483 voluntatem
848 1429 921 1482 nobis
934 1429 1068 1484 insinurre
1089 1431 1207 1491 valeant,
1231 1426 1286 1479 cito
1310 1425 1343 1478 ad
1360 1438 1480 1494 presen-

270 1520 332 1574 tiam
346 1527 462 1576 nostram
475 1521 574 1576 mittas.
588 1522 647 1575 Dat.
661 1522 781 1600 Lugduni
795 1522 826 1575 lll
841 1522 895 1576 Kal.
910 1522 1019 1576 Octobr.
1032 1520 1127 1600 pontif.
1141 1535 1209 1574 anuo
1224 1517 1270 1572 lll.

859 1693 895 1760 l.

676 1869 754 1949 lopo
770 1868 964 1930 Romanorum
980 1869 1055 1948 regi.

763 2025 842 2077 1275.
858 2026 918 2079 duni
933 2026 977 2079 27.

275 2153 379 2224 Grspor
390 2152 421 2204 X.
440 2151 527 2216 dictet,
546 2151 581 2206 im
594 2153 725 2206 Interesse
742 2153 792 2204 der
809 2169 838 2206 eo
857 2133 990 2224 drinpend
1007 2150 1132 2222 nortiyen
1144 2148 1288 2204 Eirstroedt
1307 2149 1359 2201 der
1380 2146 1482 2201 clrrs'et-

273 2241 362 2296 sieten
384 2244 510 2302 Florales,
533 2243 584 2294 den
605 2242 689 2310 Kdniy
707 2241 823 2312 Budols,
847 2243 899 2295 den
920 2261 969 2296 von
988 2241 1083 2312 Alfene
1104 2258 1155 2294 oon
1176 2239 1306 2294 Coctitien
1330 2237 1485 2292 erlrodeaea

379 2331 555 2403 Ansprdclsen
567 2331 622 2402 aas
631 2332 681 2384 dos
694 2331 866 2402 Herzoptlrum
881 2331 1031 2386 Solanades
1044 2343 1172 2402 entpepen
1185 2349 1217 2384 su
1231 2331 1364 2384 lcommen.

375 2475 491 2529 Gerbert
505 2477 530 2536 2,
544 2427 589 2528 ll.
603 2473 732 2528 Boehmcr
746 2475 811 2544 ch.
827 2475 907 2544 Greg.
922 2476 952 2528 ll.
967 2492 1007 2530 uo.
1022 2474 1084 2527 223.

364 2584 549 2646 lnstancium
573 2583 768 2664 negociorum
784 2585 841 2646 Dei
858 2585 957 2647 votiva
974 2583 1131 2666 promocio
1154 2588 1187 2646 ut
1204 2583 1284 2646 rotis
1301 2581 1443 2644 fidelium
1460 2583 1489 2643 in

277 2694 325 2757 sui
349 2692 486 2756 efficacia
508 2698 539 2756 et
561 2695 785 2757 acceleracione
802 2703 941 2758 occurrat
955 2693 1007 2777 a),
1027 2695 1084 2757 etsi
1108 2693 1354 2758 Christianitatis
1377 2711 1489 2774 pacem
1557 2698 1558 2701 ’

277 2800 481 2883 multipliciter
508 2801 624 2881 exigat,
652 2803 795 2882 precipue
822 2809 921 2866 tamen
948 2801 1186 2866 Christianorum
1212 2801 1392 2884 principum
1411 2819 1488 2862 una-

278 2909 443 2972 nimitatem
472 2909 628 2990 signanter
651 2910 796 2991 exposcit,
827 2915 859 2974 ut
886 2931 946 2974 uon
973 2912 1069 2974 solum
1093 2912 1134 2974 sit
1156 2931 1193 2974 ex
1214 2911 1275 2974 hoc
1299 2909 1490 2974 Christiani-

180 3013 182 3018 ’
276 3017 347 3080 tatis
363 3017 458 3100 ipsius
474 3018 615 3099 potencia
632 3019 708 3081 etin
725 3018 869 3082 ducendis
886 3019 962 3081 etin
984 3019 1112 3083 ducibus
1129 3021 1215 3083 unita
1231 3018 1413 3101 potencior‚
1433 3015 1489 3078 sed

182 3205 184 3210 ,
279 3130 311 3187 et
333 3126 392 3207 ipsi
414 3126 507 3187 duces
532 3130 562 3188 et
584 3126 683 3198 ducti,
720 3145 796 3208 quo,
836 3127 866 3188 in
890 3147 992 3189 eorum
1015 3128 1158 3190 cordibus
1180 3127 1326 3191 extinctis
1352 3125 1437 3190 odiis
1461 3130 1490 3186 et

279 3231 391 3294 evulsis
408 3233 542 3295 odiorum
554 3232 687 3305 zizaniis,
700 3232 784 3314 pacis
798 3239 964 3296 sectatores
978 3233 1088 3306 effecti,
1107 3235 1175 3316 regi
1187 3233 1320 3316 pacifico
1333 3234 1491 3314 gratiores

282 3339 450 3412 extiterint,
474 3361 510 3402 eo
533 3339 696 3402 reddantur
716 3340 810 3421 ipsius
828 3341 963 3404 serviciis
990 3344 1141 3425 epciores.
1159 3381 1205 3392 --
1221 3341 1301 3406 Hinc
1326 3348 1380 3406 est
1408 3341 1490 3423 quod

279 3469 438 3533 sumopere
461 3448 653 3520 affectamus,
692 3454 816 3512 cunctos
840 3451 1021 3524 catholicos,
1065 3455 1192 3516 menime
1220 3471 1316 3533 reges
1349 3452 1490 3534 aliosque

279 3555 433 3638 principes
450 3563 481 3618 et
497 3561 663 3636 magnates,
685 3555 769 3636 pacis
791 3555 867 3619 tilios
890 3557 1026 3632 inveniri,
1050 3565 1083 3624 ut
1105 3579 1198 3641 super
1214 3581 1270 3623 eos
1287 3579 1349 3641 pax
1366 3557 1490 3624 Domini

280 3664 467 3745 requiescat,
491 3669 539 3736 ut,
560 3663 716 3726 hincinde
733 3671 838 3747 sponte
862 3666 1008 3729 submotis
1023 3667 1159 3740 iniuriis,
1177 3687 1238 3750 que
1256 3668 1490 3734 dissensionum

207 3809 210 3815 -
281 3771 380 3832 solent
394 3790 515 3832 movere
532 3769 705 3832 discrimina
722 3776 752 3832 et
767 3773 880 3843 lovere,
897 3779 1007 3854 quanto
1024 3776 1121 3855 magis
1139 3776 1254 3848 luerint
1269 3776 1303 3840 in
1320 3777 1491 3840 eorundem

282 3877 478 3958 negociorum
494 3877 710 3959 prosecucione
727 3880 904 3952 concordes,
920 3887 1003 3944 tanto
1019 3882 1050 3944 in
1066 3883 1201 3966 ipsorum
1223 3887 1421 3950 execucione
1435 3883 1491 3948 Dei
1513 3961 1517 3970 1

284 3992 317 4048 et
332 3985 459 4069 proximi
476 3985 601 4067 expiatis
618 3985 757 4058 offensis,
785 3988 844 4051 sint
865 3990 989 4070 amplius
1012 3991 1166 4058 efficaces.
1184 3995 1316 4058 -Hoc
1344 3995 1493 4077 princeps

282 4093 404 4165 inclite,
441 4093 520 4156 inter
550 4098 581 4154 tc
613 4099 643 4155 et
673 4091 863 4158 karissimum
892 4096 982 4161 tilium
1014 4106 1167 4174 nostrum,
1212 4122 1323 4183 regem
1357 4103 1493 4168 Castelle

285 4204 441 4272 illustrem,
455 4221 513 4284 quo
526 4207 650 4264 tuamet
663 4201 755 4281 ipsius
770 4206 959 4270 concordiam
975 4209 1086 4274 mundo
1101 4210 1255 4276 utiliorem
1263 4211 1303 4297 b]
1322 4211 1493 4282 credimus,

284 4332 321 4374 eo
343 4311 439 4394 ipsam
455 4310 610 4373 intensiori
627 4311 843 4392 quodammodo
860 4315 1010 4381 desiderio
1027 4318 1216 4384 affectemus.
1250 4321 1299 4384 Nc
1317 4320 1420 4402 igitur
1441 4319 1494 4384 tihi

283 4419 331 4482 rel
348 4418 446 4480 eidem
467 4417 534 4498 regi
551 4437 587 4479 ex
608 4436 644 4479 eo
667 4417 849 4483 turbacionis
878 4422 965 4487 detur
992 4428 1133 4499 occasio,
1163 4429 1263 4512 quod,
1294 4429 1382 4492 sicut
1411 4428 1494 4510 regis

375 4541 409 4610 a)
424 4545 567 4595 concurrat
578 4541 605 4595 Z.
618 4569 654 4586 --
667 4540 699 4608 d)
713 4544 804 4597 utilem
816 4545 845 4598 V.
