<?xml version="1.0" encoding="UTF-8"?>
<!DOCTYPE html PUBLIC "-//W3C//DTD XHTML 1.0 Transitional//EN"
    "http://www.w3.org/TR/xhtml1/DTD/xhtml1-transitional.dtd">
<html xmlns="http://www.w3.org/1999/xhtml" xml:lang="en" lang="en">
 <head>
  <title>
</title>
<meta http-equiv="Content-Type" content="text/html;charset=utf-8" />
  <meta name='ocr-system' content='tesseract 3.04.00' />
  <meta name='ocr-capabilities' content='ocr_page ocr_carea ocr_par ocr_line ocrx_word'/>
</head>
<body>
  <div class='ocr_page' id='page_1' title='image "./fontesrerumaust01kommgoog_0114.png"; bbox 0 0 3116 5124; ppageno 0'>
   <div class='ocr_carea' id='block_1_1' title="bbox 1177 335 1228 406">
    <p class='ocr_par' dir='ltr' id='par_1_1' title="bbox 1177 335 1228 406">
     <span class='ocr_line' id='line_1_1' title="bbox 1177 335 1228 406; baseline -0.039 0"><span class='ocrx_word' id='word_1_1' title='bbox 1177 335 1228 406; x_wconf 80' lang='lat' dir='ltr'><strong>aa</strong></span> 
     </span>
    </p>
   </div>
   <div class='ocr_carea' id='block_1_2' title="bbox 13 512 1351 3443">
    <p class='ocr_par' dir='ltr' id='par_1_2' title="bbox 13 512 1351 3443">
     <span class='ocr_line' id='line_1_2' title="bbox 57 512 1351 610; baseline -0.013 -20"><span class='ocrx_word' id='word_1_2' title='bbox 57 545 132 590; x_wconf 87' lang='lat' dir='ltr'><strong>maru</strong></span> <span class='ocrx_word' id='word_1_3' title='bbox 154 545 252 592; x_wconf 84' lang='lat' dir='ltr'><strong>sumus</strong></span> <span class='ocrx_word' id='word_1_4' title='bbox 268 545 323 592; x_wconf 91' lang='lat' dir='ltr'><strong>nos</strong></span> <span class='ocrx_word' id='word_1_5' title='bbox 340 533 370 591; x_wconf 89' lang='lat' dir='ltr'><strong>et</strong></span> <span class='ocrx_word' id='word_1_6' title='bbox 383 532 519 610; x_wconf 88' lang='lat' dir='ltr'><strong>potestas</strong></span> <span class='ocrx_word' id='word_1_7' title='bbox 543 532 654 592; x_wconf 89' lang='lat' dir='ltr'><strong>nostra.</strong></span> <span class='ocrx_word' id='word_1_8' title='bbox 701 524 847 588; x_wconf 85' lang='lat' dir='ltr'><strong>Nimirum</strong></span> <span class='ocrx_word' id='word_1_9' title='bbox 864 521 920 584; x_wconf 85' lang='lat' dir='ltr'><strong>etsi</strong></span> <span class='ocrx_word' id='word_1_10' title='bbox 937 518 1037 582; x_wconf 89' lang='lat' dir='ltr'><strong>multis</strong></span> <span class='ocrx_word' id='word_1_11' title='bbox 1052 512 1231 594; x_wconf 76' lang='lat' dir='ltr'>magnisque</span> <span class='ocrx_word' id='word_1_12' title='bbox 1347 539 1351 550; x_wconf 91' lang='lat'><strong>·</strong></span> 
     </span>
     <span class='ocr_line' id='line_1_3' title="bbox 56 628 1233 720; baseline -0.015 -21"><span class='ocrx_word' id='word_1_13' title='bbox 56 636 154 699; x_wconf 73' lang='lat' dir='ltr'><strong>detorti</strong></span> <span class='ocrx_word' id='word_1_14' title='bbox 164 635 203 720; x_wconf 76' lang='lat' dir='ltr'><strong>a)</strong></span> <span class='ocrx_word' id='word_1_15' title='bbox 217 637 356 718; x_wconf 76' lang='lat' dir='ltr'>negociis</span> <span class='ocrx_word' id='word_1_16' title='bbox 373 635 464 717; x_wconf 82' lang='lat' dir='ltr'><strong>digne</strong></span> <span class='ocrx_word' id='word_1_17' title='bbox 481 635 540 718; x_wconf 86' lang='lat' dir='ltr'><strong>ipsi</strong></span> <span class='ocrx_word' id='word_1_18' title='bbox 556 641 591 698; x_wconf 87' lang='lat' dir='ltr'><strong>ot</strong></span> <span class='ocrx_word' id='word_1_19' title='bbox 606 637 724 716; x_wconf 76' lang='lat' dir='ltr'><strong>oportet</strong></span> <span class='ocrx_word' id='word_1_20' title='bbox 740 631 855 694; x_wconf 82' lang='lat' dir='ltr'><strong>servire</strong></span> <span class='ocrx_word' id='word_1_21' title='bbox 867 648 903 691; x_wconf 92' lang='lat' dir='ltr'><strong>ac</strong></span> <span class='ocrx_word' id='word_1_22' title='bbox 920 628 1039 710; x_wconf 88' lang='lat' dir='ltr'><strong>placere</strong></span> <span class='ocrx_word' id='word_1_23' title='bbox 1052 642 1112 686; x_wconf 89' lang='lat' dir='ltr'><strong>non</strong></span> <span class='ocrx_word' id='word_1_24' title='bbox 1123 639 1233 704; x_wconf 87' lang='lat' dir='ltr'><strong>passu·</strong></span> 
     </span>
     <span class='ocr_line' id='line_1_4' title="bbox 54 727 1233 826; baseline -0.014 -20"><span class='ocrx_word' id='word_1_25' title='bbox 54 759 279 826; x_wconf 88' lang='lat' dir='ltr'><strong>mus‚possumus</strong></span> <span class='ocrx_word' id='word_1_26' title='bbox 291 749 392 806; x_wconf 88' lang='lat' dir='ltr'><strong>tamen</strong></span> <span class='ocrx_word' id='word_1_27' title='bbox 400 743 586 807; x_wconf 85' lang='lat' dir='ltr'><strong>etdebcmus</strong></span> <span class='ocrx_word' id='word_1_28' title='bbox 600 739 812 804; x_wconf 68' lang='lat' dir='ltr'><strong>famulantibus</strong></span> <span class='ocrx_word' id='word_1_29' title='bbox 826 738 854 800; x_wconf 92' lang='lat' dir='ltr'><strong>ei</strong></span> <span class='ocrx_word' id='word_1_30' title='bbox 867 741 898 800; x_wconf 89' lang='lat' dir='ltr'><strong>et</strong></span> <span class='ocrx_word' id='word_1_31' title='bbox 910 737 1030 818; x_wconf 87' lang='lat' dir='ltr'><strong>placere</strong></span> <span class='ocrx_word' id='word_1_32' title='bbox 1043 727 1233 800; x_wconf 71' lang='lat' dir='ltr'><strong>studentibus</strong></span> 
     </span>
     <span class='ocr_line' id='line_1_5' title="bbox 57 836 1233 934; baseline -0.014 -19"><span class='ocrx_word' id='word_1_33' title='bbox 57 853 194 934; x_wconf 88' lang='lat' dir='ltr'><strong>cooperari</strong></span> <span class='ocrx_word' id='word_1_34' title='bbox 210 852 241 914; x_wconf 90' lang='lat' dir='ltr'><strong>in</strong></span> <span class='ocrx_word' id='word_1_35' title='bbox 256 852 357 923; x_wconf 88' lang='lat' dir='ltr'><strong>banis,</strong></span> <span class='ocrx_word' id='word_1_36' title='bbox 380 870 493 934; x_wconf 90' lang='lat' dir='ltr'><strong>eosque</strong></span> <span class='ocrx_word' id='word_1_37' title='bbox 515 850 639 922; x_wconf 90' lang='lat' dir='ltr'><strong>tuendo,</strong></span> <span class='ocrx_word' id='word_1_38' title='bbox 656 849 784 912; x_wconf 85' lang='lat' dir='ltr'><strong>fovendo</strong></span> <span class='ocrx_word' id='word_1_39' title='bbox 807 865 843 908; x_wconf 93' lang='lat' dir='ltr'><strong>ac</strong></span> <span class='ocrx_word' id='word_1_40' title='bbox 869 839 1089 907; x_wconf 86' lang='lat' dir='ltr'><strong>manutenendo</strong></span> <span class='ocrx_word' id='word_1_41' title='bbox 1105 836 1233 902; x_wconf 73' lang='lat' dir='ltr'><strong>Deitatis</strong></span> 
     </span>
     <span class='ocr_line' id='line_1_6' title="bbox 55 945 1233 1043; baseline -0.014 -20"><span class='ocrx_word' id='word_1_42' title='bbox 55 960 291 1043; x_wconf 91' lang='lat' dir='ltr'><strong>propiciacionem</strong></span> <span class='ocrx_word' id='word_1_43' title='bbox 322 964 497 1042; x_wconf 88' lang='lat' dir='ltr'><strong>perpetuam</strong></span> <span class='ocrx_word' id='word_1_44' title='bbox 528 958 703 1042; x_wconf 74' lang='lat' dir='ltr'><strong>promereri,</strong></span> <span class='ocrx_word' id='word_1_45' title='bbox 744 956 932 1038; x_wconf 81' lang='lat' dir='ltr'><strong>Quapropter</strong></span> <span class='ocrx_word' id='word_1_46' title='bbox 963 952 1041 1014; x_wconf 90' lang='lat' dir='ltr'><strong>inter</strong></span> <span class='ocrx_word' id='word_1_47' title='bbox 1072 949 1146 1012; x_wconf 89' lang='lat' dir='ltr'><strong>alios</strong></span> <span class='ocrx_word' id='word_1_48' title='bbox 1177 945 1233 1008; x_wconf 90' lang='lat' dir='ltr'><strong>Dei</strong></span> 
     </span>
     <span class='ocr_line' id='line_1_7' title="bbox 55 1055 1340 1144; baseline -0.008 -12"><span class='ocrx_word' id='word_1_49' title='bbox 55 1069 165 1132; x_wconf 78' lang='lat' dir='ltr'><strong>bmulos</strong></span> <span class='ocrx_word' id='word_1_50' title='bbox 195 1068 251 1134; x_wconf 90' lang='lat' dir='ltr'><strong>sub</strong></span> <span class='ocrx_word' id='word_1_51' title='bbox 281 1075 384 1132; x_wconf 89' lang='lat' dir='ltr'><strong>nostra</strong></span> <span class='ocrx_word' id='word_1_52' title='bbox 412 1069 531 1132; x_wconf 91' lang='lat' dir='ltr'><strong>dicione</strong></span> <span class='ocrx_word' id='word_1_53' title='bbox 564 1067 745 1132; x_wconf 89' lang='lat' dir='ltr'><strong>constitutos</strong></span> <span class='ocrx_word' id='word_1_54' title='bbox 778 1067 889 1128; x_wconf 89' lang='lat' dir='ltr'><strong>fratres</strong></span> <span class='ocrx_word' id='word_1_55' title='bbox 921 1079 1040 1144; x_wconf 89' lang='lat' dir='ltr'><strong>quoque</strong></span> <span class='ocrx_word' id='word_1_56' title='bbox 1074 1058 1142 1120; x_wconf 91' lang='lat' dir='ltr'><strong>talis</strong></span> <span class='ocrx_word' id='word_1_57' title='bbox 1173 1055 1233 1119; x_wconf 89' lang='lat' dir='ltr'><strong>loci</strong></span> <span class='ocrx_word' id='word_1_58' title='bbox 1339 1119 1340 1122; x_wconf 74' lang='grc'>,</span> 
     </span>
     <span class='ocr_line' id='line_1_8' title="bbox 57 1169 1235 1262; baseline -0.012 -22"><span class='ocrx_word' id='word_1_59' title='bbox 57 1173 249 1260; x_wconf 78' lang='lat' dir='ltr'><strong>Cysterccnsls</strong></span> <span class='ocrx_word' id='word_1_60' title='bbox 274 1174 434 1262; x_wconf 78' lang='lat' dir='ltr'><strong>ordinisb)</strong></span> <span class='ocrx_word' id='word_1_61' title='bbox 451 1176 570 1240; x_wconf 91' lang='lat' dir='ltr'><strong>domino</strong></span> <span class='ocrx_word' id='word_1_62' title='bbox 586 1177 651 1240; x_wconf 88' lang='lat' dir='ltr'><strong>Deo</strong></span> <span class='ocrx_word' id='word_1_63' title='bbox 668 1175 779 1257; x_wconf 82' lang='lat' dir='ltr'><strong>iugiter</strong></span> <span class='ocrx_word' id='word_1_64' title='bbox 801 1171 968 1236; x_wconf 80' lang='lat' dir='ltr'><strong>servientes</strong></span> <span class='ocrx_word' id='word_1_65' title='bbox 991 1186 1182 1232; x_wconf 87' lang='lat' dir='ltr'><strong>numeramus</strong></span> <span class='ocrx_word' id='word_1_66' title='bbox 1205 1169 1235 1226; x_wconf 92' lang='lat' dir='ltr'><strong>et</strong></span> 
     </span>
     <span class='ocr_line' id='line_1_9' title="bbox 55 1278 1235 1371; baseline -0.012 -21"><span class='ocrx_word' id='word_1_67' title='bbox 55 1283 270 1359; x_wconf 78' lang='lat' dir='ltr'><strong>conscribimus,</strong></span> <span class='ocrx_word' id='word_1_68' title='bbox 288 1280 451 1371; x_wconf 89' lang='lat' dir='ltr'><strong>eorumque</strong></span> <span class='ocrx_word' id='word_1_69' title='bbox 468 1294 498 1349; x_wconf 91' lang='lat' dir='ltr'><strong>et</strong></span> <span class='ocrx_word' id='word_1_70' title='bbox 514 1287 545 1350; x_wconf 91' lang='lat' dir='ltr'><strong>in</strong></span> <span class='ocrx_word' id='word_1_71' title='bbox 561 1306 688 1370; x_wconf 91' lang='lat' dir='ltr'><strong>presens</strong></span> <span class='ocrx_word' id='word_1_72' title='bbox 706 1285 800 1369; x_wconf 86' lang='lat' dir='ltr'><strong>quieti</strong></span> <span class='ocrx_word' id='word_1_73' title='bbox 817 1290 847 1347; x_wconf 88' lang='lat' dir='ltr'><strong>et</strong></span> <span class='ocrx_word' id='word_1_74' title='bbox 863 1279 1019 1344; x_wconf 89' lang='lat' dir='ltr'><strong>securitati</strong></span> <span class='ocrx_word' id='word_1_75' title='bbox 1035 1278 1065 1340; x_wconf 89' lang='lat' dir='ltr'><strong>iu</strong></span> <span class='ocrx_word' id='word_1_76' title='bbox 1082 1281 1235 1359; x_wconf 90' lang='lat' dir='ltr'><strong>posterum</strong></span> 
     </span>
     <span class='ocr_line' id='line_1_10' title="bbox 54 1373 1236 1479; baseline -0.013 -21"><span class='ocrx_word' id='word_1_77' title='bbox 54 1393 186 1479; x_wconf 88' lang='lat' dir='ltr'><strong>presentis</strong></span> <span class='ocrx_word' id='word_1_78' title='bbox 208 1393 360 1477; x_wconf 83' lang='lat' dir='ltr'><strong>privilegii</strong></span> <span class='ocrx_word' id='word_1_79' title='bbox 382 1396 544 1459; x_wconf 87' lang='lat' dir='ltr'><strong>munimine</strong></span> <span class='ocrx_word' id='word_1_80' title='bbox 566 1373 775 1478; x_wconf 85' lang='lat' dir='ltr'><strong>providemus,</strong></span> <span class='ocrx_word' id='word_1_81' title='bbox 802 1389 957 1454; x_wconf 80' lang='lat' dir='ltr'><strong>universas</strong></span> <span class='ocrx_word' id='word_1_82' title='bbox 980 1407 1084 1452; x_wconf 90' lang='lat' dir='ltr'><strong>eorum</strong></span> <span class='ocrx_word' id='word_1_83' title='bbox 1111 1401 1236 1467; x_wconf 89' lang='lat' dir='ltr'><strong>posses-</strong></span> 
     </span>
     <span class='ocr_line' id='line_1_11' title="bbox 55 1491 1234 1588; baseline -0.012 -21"><span class='ocrx_word' id='word_1_84' title='bbox 55 1506 139 1568; x_wconf 87' lang='lat' dir='ltr'><strong>siones</strong></span> <span class='ocrx_word' id='word_1_85' title='bbox 155 1511 186 1568; x_wconf 89' lang='lat' dir='ltr'><strong>et</strong></span> <span class='ocrx_word' id='word_1_86' title='bbox 199 1501 320 1588; x_wconf 89' lang='lat' dir='ltr'><strong>predia,</strong></span> <span class='ocrx_word' id='word_1_87' title='bbox 344 1524 400 1588; x_wconf 90' lang='lat' dir='ltr'><strong>que</strong></span> <span class='ocrx_word' id='word_1_88' title='bbox 416 1491 688 1587; x_wconf 78' lang='lat' dir='ltr'><strong>in&#39;presenciarum</strong></span> <span class='ocrx_word' id='word_1_89' title='bbox 711 1499 847 1566; x_wconf 87' lang='lat' dir='ltr'><strong>obtinent</strong></span> <span class='ocrx_word' id='word_1_90' title='bbox 870 1506 900 1563; x_wconf 91' lang='lat' dir='ltr'><strong>et</strong></span> <span class='ocrx_word' id='word_1_91' title='bbox 922 1499 1126 1581; x_wconf 87' lang='lat' dir='ltr'><strong>inposterum</strong></span> <span class='ocrx_word' id='word_1_92' title='bbox 1148 1492 1234 1556; x_wconf 91' lang='lat' dir='ltr'><strong>iustis</strong></span> 
     </span>
     <span class='ocr_line' id='line_1_12' title="bbox 54 1603 1236 1697; baseline -0.011 -20"><span class='ocrx_word' id='word_1_93' title='bbox 54 1615 135 1678; x_wconf 90' lang='lat' dir='ltr'><strong>modis</strong></span> <span class='ocrx_word' id='word_1_94' title='bbox 149 1619 293 1697; x_wconf 87' lang='lat' dir='ltr'><strong>poterunt</strong></span> <span class='ocrx_word' id='word_1_95' title='bbox 313 1614 441 1696; x_wconf 83' lang='lat' dir='ltr'><strong>adipisci</strong></span> <span class='ocrx_word' id='word_1_96' title='bbox 469 1609 605 1682; x_wconf 86' lang='lat' dir='ltr'><strong>volentes</strong></span> <span class='ocrx_word' id='word_1_97' title='bbox 634 1635 694 1678; x_wconf 91' lang='lat' dir='ltr'><strong>non</strong></span> <span class='ocrx_word' id='word_1_98' title='bbox 722 1614 817 1676; x_wconf 88' lang='lat' dir='ltr'><strong>solum</strong></span> <span class='ocrx_word' id='word_1_99' title='bbox 839 1611 911 1673; x_wconf 88' lang='lat' dir='ltr'><strong>esse</strong></span> <span class='ocrx_word' id='word_1_100' title='bbox 930 1607 968 1674; x_wconf 92' lang='lat' dir='ltr'><strong>ab</strong></span> <span class='ocrx_word' id='word_1_101' title='bbox 996 1603 1236 1670; x_wconf 83' lang='lat' dir='ltr'><strong>adversariorum</strong></span> 
     </span>
     <span class='ocr_line' id='line_1_13' title="bbox 55 1718 1237 1808; baseline -0.008 -24"><span class='ocrx_word' id='word_1_102' title='bbox 55 1724 196 1788; x_wconf 80' lang='lat' dir='ltr'><strong>vexacione</strong></span> <span class='ocrx_word' id='word_1_103' title='bbox 220 1723 343 1808; x_wconf 82' lang='lat' dir='ltr'><strong>quieta,</strong></span> <span class='ocrx_word' id='word_1_104' title='bbox 367 1723 422 1786; x_wconf 88' lang='lat' dir='ltr'><strong>sed</strong></span> <span class='ocrx_word' id='word_1_105' title='bbox 443 1719 481 1786; x_wconf 86' lang='lat' dir='ltr'><strong>ab</strong></span> <span class='ocrx_word' id='word_1_106' title='bbox 505 1723 584 1788; x_wconf 88' lang='lat' dir='ltr'><strong>omui</strong></span> <span class='ocrx_word' id='word_1_107' title='bbox 600 1723 815 1787; x_wconf 85' lang='lat' dir='ltr'><strong>advocatorum</strong></span> <span class='ocrx_word' id='word_1_108' title='bbox 831 1719 993 1784; x_wconf 82' lang='lat' dir='ltr'><strong>exaccione</strong></span> <span class='ocrx_word' id='word_1_109' title='bbox 1010 1718 1074 1781; x_wconf 91' lang='lat' dir='ltr'><strong>iure</strong></span> <span class='ocrx_word' id='word_1_110' title='bbox 1090 1718 1237 1799; x_wconf 87' lang='lat' dir='ltr'><strong>perpetuo</strong></span> 
     </span>
     <span class='ocr_line' id='line_1_14' title="bbox 54 1816 1236 1920; baseline -0.007 -28"><span class='ocrx_word' id='word_1_111' title='bbox 54 1831 131 1895; x_wconf 89' lang='lat' dir='ltr'><strong>libera</strong></span> <span class='ocrx_word' id='word_1_112' title='bbox 147 1839 176 1896; x_wconf 91' lang='lat' dir='ltr'><strong>et</strong></span> <span class='ocrx_word' id='word_1_113' title='bbox 192 1831 297 1916; x_wconf 90' lang='lat' dir='ltr'><strong>quieta</strong></span> <span class='ocrx_word' id='word_1_114' title='bbox 314 1832 361 1920; x_wconf 67' lang='grc' dir='ltr'><strong>ο).</strong></span> <span class='ocrx_word' id='word_1_115' title='bbox 395 1831 520 1896; x_wconf 85' lang='lat' dir='ltr'><strong>Constat</strong></span> <span class='ocrx_word' id='word_1_116' title='bbox 537 1831 664 1895; x_wconf 86' lang='lat' dir='ltr'><strong>enim&#39;et</strong></span> <span class='ocrx_word' id='word_1_117' title='bbox 679 1829 709 1894; x_wconf 92' lang='lat' dir='ltr'><strong>in</strong></span> <span class='ocrx_word' id='word_1_118' title='bbox 726 1831 836 1914; x_wconf 89' lang='lat' dir='ltr'><strong>placito</strong></span> <span class='ocrx_word' id='word_1_119' title='bbox 858 1835 962 1894; x_wconf 91' lang='lat' dir='ltr'><strong>nostro</strong></span> <span class='ocrx_word' id='word_1_120' title='bbox 985 1827 1037 1892; x_wconf 92' lang='lat' dir='ltr'><strong>tali</strong></span> <span class='ocrx_word' id='word_1_121' title='bbox 1061 1825 1109 1888; x_wconf 93' lang='lat' dir='ltr'><strong>die</strong></span> <span class='ocrx_word' id='word_1_122' title='bbox 1132 1822 1178 1885; x_wconf 88' lang='lat' dir='ltr'><strong>rel</strong></span> <span class='ocrx_word' id='word_1_123' title='bbox 1186 1816 1236 1906; x_wconf 68' lang='grc'><strong>,(1)</strong></span> 
     </span>
     <span class='ocr_line' id='line_1_15' title="bbox 54 1935 1235 2029; baseline -0.004 -27"><span class='ocrx_word' id='word_1_124' title='bbox 54 1935 105 2006; x_wconf 86' lang='lat' dir='ltr'><strong>loco</strong></span> <span class='ocrx_word' id='word_1_125' title='bbox 132 1941 237 2007; x_wconf 87' lang='lat' dir='ltr'><strong>habito</strong></span> <span class='ocrx_word' id='word_1_126' title='bbox 253 1942 295 2029; x_wconf 73' lang='grc' dir='ltr'><strong>θ]</strong></span> <span class='ocrx_word' id='word_1_127' title='bbox 319 1962 355 2004; x_wconf 89' lang='lat' dir='ltr'><strong>ex</strong></span> <span class='ocrx_word' id='word_1_128' title='bbox 385 1941 542 2006; x_wconf 86' lang='lat' dir='ltr'><strong>sentencia</strong></span> <span class='ocrx_word' id='word_1_129' title='bbox 569 1935 766 2024; x_wconf 91' lang='lat' dir='ltr'><strong>perquisitum</strong></span> <span class='ocrx_word' id='word_1_130' title='bbox 795 1948 826 2004; x_wconf 89' lang='lat' dir='ltr'><strong>et</strong></span> <span class='ocrx_word' id='word_1_131' title='bbox 852 1941 1004 2004; x_wconf 87' lang='lat' dir='ltr'><strong>inventum</strong></span> <span class='ocrx_word' id='word_1_132' title='bbox 1037 1943 1100 2009; x_wconf 89' lang='lat' dir='ltr'><strong>est,</strong></span> <span class='ocrx_word' id='word_1_133' title='bbox 1133 1955 1235 1998; x_wconf 88' lang='lat' dir='ltr'><strong>omues</strong></span> 
     </span>
     <span class='ocr_line' id='line_1_16' title="bbox 58 2045 1236 2132; baseline -0.005 -20"><span class='ocrx_word' id='word_1_134' title='bbox 58 2049 258 2132; x_wconf 72' lang='lat' dir='ltr'><strong>Cratercenses</strong></span> <span class='ocrx_word' id='word_1_135' title='bbox 276 2051 466 2132; x_wconf 81' lang='lat' dir='ltr'><strong>professores</strong></span> <span class='ocrx_word' id='word_1_136' title='bbox 482 2050 541 2114; x_wconf 89' lang='lat' dir='ltr'><strong>tale</strong></span> <span class='ocrx_word' id='word_1_137' title='bbox 558 2049 604 2112; x_wconf 91' lang='lat' dir='ltr'><strong>ius</strong></span> <span class='ocrx_word' id='word_1_138' title='bbox 628 2071 664 2112; x_wconf 84' lang='lat' dir='ltr'><strong>ex</strong></span> <span class='ocrx_word' id='word_1_139' title='bbox 686 2049 807 2132; x_wconf 87' lang='lat' dir='ltr'><strong>antiquo</strong></span> <span class='ocrx_word' id='word_1_140' title='bbox 825 2049 948 2122; x_wconf 89' lang='lat' dir='ltr'><strong>babere,</strong></span> <span class='ocrx_word' id='word_1_141' title='bbox 966 2054 998 2112; x_wconf 91' lang='lat' dir='ltr'><strong>ut</strong></span> <span class='ocrx_word' id='word_1_142' title='bbox 1020 2066 1077 2110; x_wconf 89' lang='lat' dir='ltr'><strong>nec</strong></span> <span class='ocrx_word' id='word_1_143' title='bbox 1099 2045 1157 2128; x_wconf 90' lang='lat' dir='ltr'><strong>ipsi</strong></span> <span class='ocrx_word' id='word_1_144' title='bbox 1181 2064 1236 2107; x_wconf 90' lang='lat' dir='ltr'><strong>nec</strong></span> 
     </span>
     <span class='ocr_line' id='line_1_17' title="bbox 54 2153 1237 2243; baseline -0.003 -23"><span class='ocrx_word' id='word_1_145' title='bbox 54 2159 167 2242; x_wconf 90' lang='lat' dir='ltr'><strong>ipsorum</strong></span> <span class='ocrx_word' id='word_1_146' title='bbox 181 2155 291 2242; x_wconf 90' lang='lat' dir='ltr'><strong>predia</strong></span> <span class='ocrx_word' id='word_1_147' title='bbox 307 2153 357 2220; x_wconf 89' lang='lat' dir='ltr'><strong>ulli</strong></span> <span class='ocrx_word' id='word_1_148' title='bbox 374 2158 520 2223; x_wconf 84' lang='lat' dir='ltr'><strong>advocato</strong></span> <span class='ocrx_word' id='word_1_149' title='bbox 538 2157 691 2243; x_wconf 89' lang='lat' dir='ltr'><strong>quitquam</strong></span> <span class='ocrx_word' id='word_1_150' title='bbox 708 2159 824 2220; x_wconf 84' lang='lat' dir='ltr'><strong>solvere</strong></span> <span class='ocrx_word' id='word_1_151' title='bbox 840 2157 982 2229; x_wconf 89' lang='lat' dir='ltr'><strong>debeant,</strong></span> <span class='ocrx_word' id='word_1_152' title='bbox 999 2157 1054 2219; x_wconf 91' lang='lat' dir='ltr'><strong>sed</strong></span> <span class='ocrx_word' id='word_1_153' title='bbox 1071 2175 1127 2219; x_wconf 90' lang='lat' dir='ltr'><strong>nec</strong></span> <span class='ocrx_word' id='word_1_154' title='bbox 1144 2155 1237 2217; x_wconf 91' lang='lat' dir='ltr'><strong>advo-</strong></span> 
     </span>
     <span class='ocr_line' id='line_1_18' title="bbox 53 2265 1237 2352; baseline -0.005 -21"><span class='ocrx_word' id='word_1_155' title='bbox 53 2275 135 2332; x_wconf 89' lang='lat' dir='ltr'><strong>catum</strong></span> <span class='ocrx_word' id='word_1_156' title='bbox 155 2269 231 2352; x_wconf 90' lang='lat' dir='ltr'><strong>ipsis</strong></span> <span class='ocrx_word' id='word_1_157' title='bbox 255 2267 369 2331; x_wconf 91' lang='lat' dir='ltr'><strong>habere</strong></span> <span class='ocrx_word' id='word_1_158' title='bbox 389 2267 497 2340; x_wconf 83' lang='lat' dir='ltr'><strong>liceat,</strong></span> <span class='ocrx_word' id='word_1_159' title='bbox 525 2267 583 2330; x_wconf 91' lang='lat' dir='ltr'><strong>nisi</strong></span> <span class='ocrx_word' id='word_1_160' title='bbox 607 2268 797 2331; x_wconf 88' lang='lat' dir='ltr'><strong>defensorem</strong></span> <span class='ocrx_word' id='word_1_161' title='bbox 820 2267 987 2350; x_wconf 87' lang='lat' dir='ltr'><strong>principem</strong></span> <span class='ocrx_word' id='word_1_162' title='bbox 1015 2267 1111 2350; x_wconf 92' lang='lat' dir='ltr'><strong>ipsum</strong></span> <span class='ocrx_word' id='word_1_163' title='bbox 1128 2265 1168 2352; x_wconf 85' lang='lat' dir='ltr'><strong>f)</strong></span> <span class='ocrx_word' id='word_1_164' title='bbox 1187 2265 1237 2347; x_wconf 92' lang='lat' dir='ltr'><strong>qui</strong></span> 
     </span>
     <span class='ocr_line' id='line_1_19' title="bbox 14 2363 1235 2462; baseline -0.005 -22"><span class='ocrx_word' id='word_1_165' title='bbox 14 2363 16 2422; x_wconf 62' lang='lat' dir='ltr'><strong>l</strong></span> <span class='ocrx_word' id='word_1_166' title='bbox 52 2383 91 2440; x_wconf 89' lang='lat' dir='ltr'><strong>est</strong></span> <span class='ocrx_word' id='word_1_167' title='bbox 104 2378 196 2460; x_wconf 92' lang='lat' dir='ltr'><strong>capud</strong></span> <span class='ocrx_word' id='word_1_168' title='bbox 213 2384 298 2442; x_wconf 90' lang='lat' dir='ltr'><strong>terre</strong></span> <span class='ocrx_word' id='word_1_169' title='bbox 319 2376 350 2438; x_wconf 92' lang='lat' dir='ltr'><strong>in</strong></span> <span class='ocrx_word' id='word_1_170' title='bbox 367 2395 425 2459; x_wconf 90' lang='lat' dir='ltr'><strong>qua</strong></span> <span class='ocrx_word' id='word_1_171' title='bbox 442 2377 552 2460; x_wconf 90' lang='lat' dir='ltr'><strong>quique</strong></span> <span class='ocrx_word' id='word_1_172' title='bbox 580 2393 683 2440; x_wconf 91' lang='lat' dir='ltr'><strong>eorum</strong></span> <span class='ocrx_word' id='word_1_173' title='bbox 711 2376 841 2458; x_wconf 84' lang='lat' dir='ltr'><strong>degunt,</strong></span> <span class='ocrx_word' id='word_1_174' title='bbox 870 2381 900 2438; x_wconf 94' lang='lat' dir='ltr'><strong>et</strong></span> <span class='ocrx_word' id='word_1_175' title='bbox 921 2376 1000 2438; x_wconf 90' lang='lat' dir='ltr'><strong>bunc</strong></span> <span class='ocrx_word' id='word_1_176' title='bbox 1017 2374 1158 2462; x_wconf 76' lang='lat' dir='ltr'><strong>solama)</strong></span> <span class='ocrx_word' id='word_1_177' title='bbox 1179 2373 1235 2435; x_wconf 90' lang='lat' dir='ltr'><strong>Dei</strong></span> 
     </span>
     <span class='ocr_line' id='line_1_20' title="bbox 13 2482 1235 2574; baseline -0.004 -25"><span class='ocrx_word' id='word_1_178' title='bbox 13 2525 15 2574; x_wconf 58' lang='lat' dir='ltr'><strong>p</strong></span> <span class='ocrx_word' id='word_1_179' title='bbox 50 2485 317 2570; x_wconf 79' lang='lat' dir='ltr'><strong>retribucionema)</strong></span> <span class='ocrx_word' id='word_1_180' title='bbox 340 2484 454 2552; x_wconf 85' lang='lat' dir='ltr'><strong>debera</strong></span> <span class='ocrx_word' id='word_1_181' title='bbox 478 2503 642 2567; x_wconf 81' lang='lat' dir='ltr'><strong>exposcere</strong></span> <span class='ocrx_word' id='word_1_182' title='bbox 658 2491 689 2548; x_wconf 88' lang='lat' dir='ltr'><strong>et</strong></span> <span class='ocrx_word' id='word_1_183' title='bbox 704 2490 818 2549; x_wconf 82' lang='lat' dir='ltr'><strong>terrere.</strong></span> <span class='ocrx_word' id='word_1_184' title='bbox 852 2485 978 2566; x_wconf 87' lang='lat' dir='ltr'><strong>Propter</strong></span> <span class='ocrx_word' id='word_1_185' title='bbox 994 2484 1074 2566; x_wconf 91' lang='lat' dir='ltr'><strong>quod</strong></span> <span class='ocrx_word' id='word_1_186' title='bbox 1090 2482 1235 2566; x_wconf 86' lang='lat' dir='ltr'><strong>predictis</strong></span> 
     </span>
     <span class='ocr_line' id='line_1_21' title="bbox 50 2593 1236 2676; baseline -0.002 -17.091"><span class='ocrx_word' id='word_1_187' title='bbox 50 2595 175 2659; x_wconf 86' lang='lat' dir='ltr'><strong>fratribus</strong></span> <span class='ocrx_word' id='word_1_188' title='bbox 192 2595 240 2659; x_wconf 91' lang='lat' dir='ltr'><strong>ius</strong></span> <span class='ocrx_word' id='word_1_189' title='bbox 258 2595 356 2676; x_wconf 92' lang='lat' dir='ltr'><strong>ipsum</strong></span> <span class='ocrx_word' id='word_1_190' title='bbox 372 2593 416 2657; x_wconf 88' lang='lat' dir='ltr'><strong>sic</strong></span> <span class='ocrx_word' id='word_1_191' title='bbox 434 2595 608 2658; x_wconf 84' lang='lat' dir='ltr'><strong>conservari</strong></span> <span class='ocrx_word' id='word_1_192' title='bbox 629 2614 667 2657; x_wconf 85' lang='lat' dir='ltr'><strong>ac</strong></span> <span class='ocrx_word' id='word_1_193' title='bbox 689 2600 831 2657; x_wconf 86' lang='lat' dir='ltr'><strong>constare</strong></span> <span class='ocrx_word' id='word_1_194' title='bbox 855 2593 1061 2665; x_wconf 88' lang='lat' dir='ltr'><strong>decernimus,</strong></span> <span class='ocrx_word' id='word_1_195' title='bbox 1084 2598 1116 2658; x_wconf 90' lang='lat' dir='ltr'><strong>ut</strong></span> <span class='ocrx_word' id='word_1_196' title='bbox 1139 2613 1236 2676; x_wconf 89' lang='lat' dir='ltr'><strong>neque</strong></span> 
     </span>
     <span class='ocr_line' id='line_1_22' title="bbox 13 2691 1236 2789; baseline -0.003 -23"><span class='ocrx_word' id='word_1_197' title='bbox 13 2705 14 2708; x_wconf 72' lang='grc'>’</span> <span class='ocrx_word' id='word_1_198' title='bbox 50 2703 172 2769; x_wconf 79' lang='lat' dir='ltr'><strong>advocati</strong></span> <span class='ocrx_word' id='word_1_199' title='bbox 196 2723 298 2786; x_wconf 88' lang='lat' dir='ltr'><strong>neque</strong></span> <span class='ocrx_word' id='word_1_200' title='bbox 316 2703 491 2766; x_wconf 86' lang='lat' dir='ltr'><strong>defensores</strong></span> <span class='ocrx_word' id='word_1_201' title='bbox 515 2699 652 2789; x_wconf 72' lang='lat' dir='ltr'><strong>nicoli)</strong></span> <span class='ocrx_word' id='word_1_202' title='bbox 669 2722 760 2785; x_wconf 87' lang='lat' dir='ltr'><strong>super</strong></span> <span class='ocrx_word' id='word_1_203' title='bbox 776 2722 829 2766; x_wconf 88' lang='lat' dir='ltr'><strong>eos</strong></span> <span class='ocrx_word' id='word_1_204' title='bbox 846 2708 897 2767; x_wconf 88' lang='lat' dir='ltr'><strong>aut</strong></span> <span class='ocrx_word' id='word_1_205' title='bbox 908 2721 1012 2767; x_wconf 88' lang='lat' dir='ltr'><strong>eorum</strong></span> <span class='ocrx_word' id='word_1_206' title='bbox 1025 2691 1236 2783; x_wconf 88' lang='lat' dir='ltr'><strong>possessiones</strong></span> 
     </span>
     <span class='ocr_line' id='line_1_23' title="bbox 50 2809 1235 2897; baseline -0.003 -23"><span class='ocrx_word' id='word_1_207' title='bbox 50 2809 145 2874; x_wconf 82' lang='lat' dir='ltr'><strong>babere</strong></span> <span class='ocrx_word' id='word_1_208' title='bbox 152 2813 309 2896; x_wconf 79' lang='lat' dir='ltr'><strong>quitquam</strong></span> <span class='ocrx_word' id='word_1_209' title='bbox 319 2810 352 2897; x_wconf 74' lang='grc' dir='ltr'><strong>ἱ)</strong></span> <span class='ocrx_word' id='word_1_210' title='bbox 360 2810 546 2897; x_wconf 67' lang='lat' dir='ltr'><strong>reboante),</strong></span> <span class='ocrx_word' id='word_1_211' title='bbox 559 2811 617 2874; x_wconf 85' lang='lat' dir='ltr'><strong>nisi</strong></span> <span class='ocrx_word' id='word_1_212' title='bbox 627 2810 1027 2894; x_wconf 89' lang='lat' dir='ltr'><strong>nosetiupriucipatunobfs</strong></span> <span class='ocrx_word' id='word_1_213' title='bbox 1035 2810 1235 2874; x_wconf 87' lang='lat' dir='ltr'><strong>succedentes</strong></span> 
     </span>
     <span class='ocr_line' id='line_1_24' title="bbox 50 2919 1236 3002; baseline 0.001 -21"><span class='ocrx_word' id='word_1_214' title='bbox 50 2925 91 2983; x_wconf 89' lang='lat' dir='ltr'><strong>aut</strong></span> <span class='ocrx_word' id='word_1_215' title='bbox 104 2921 150 2984; x_wconf 89' lang='lat' dir='ltr'><strong>cui</strong></span> <span class='ocrx_word' id='word_1_216' title='bbox 163 2921 205 2984; x_wconf 90' lang='lat' dir='ltr'><strong>ad</strong></span> <span class='ocrx_word' id='word_1_217' title='bbox 221 2919 366 2984; x_wconf 87' lang='lat' dir='ltr'><strong>tuendum</strong></span> <span class='ocrx_word' id='word_1_218' title='bbox 385 2939 436 2983; x_wconf 91' lang='lat' dir='ltr'><strong>eos</strong></span> <span class='ocrx_word' id='word_1_219' title='bbox 454 2919 634 2984; x_wconf 88' lang='lat' dir='ltr'><strong>iniunximus</strong></span> <span class='ocrx_word' id='word_1_220' title='bbox 650 2921 734 2988; x_wconf 84' lang='lat' dir='ltr'><strong>vices</strong></span> <span class='ocrx_word' id='word_1_221' title='bbox 751 2925 881 2992; x_wconf 88' lang='lat' dir='ltr'><strong>nostras,</strong></span> <span class='ocrx_word' id='word_1_222' title='bbox 894 2919 945 3002; x_wconf 89' lang='lat' dir='ltr'><strong>qui</strong></span> <span class='ocrx_word' id='word_1_223' title='bbox 957 2924 1068 2991; x_wconf 89' lang='lat' dir='ltr'><strong>tamen,</strong></span> <span class='ocrx_word' id='word_1_224' title='bbox 1085 2920 1111 2982; x_wconf 90' lang='lat' dir='ltr'><strong>si</strong></span> <span class='ocrx_word' id='word_1_225' title='bbox 1128 2939 1236 2982; x_wconf 87' lang='lat' dir='ltr'><strong>nomen</strong></span> 
     </span>
     <span class='ocr_line' id='line_1_25' title="bbox 49 3027 1235 3110; baseline 0.001 -21"><span class='ocrx_word' id='word_1_226' title='bbox 49 3027 171 3093; x_wconf 81' lang='lat' dir='ltr'><strong>advocati</strong></span> <span class='ocrx_word' id='word_1_227' title='bbox 187 3029 316 3101; x_wconf 82' lang='lat' dir='ltr'><strong>babere,</strong></span> <span class='ocrx_word' id='word_1_228' title='bbox 333 3029 359 3092; x_wconf 91' lang='lat' dir='ltr'><strong>si</strong></span> <span class='ocrx_word' id='word_1_229' title='bbox 374 3028 421 3093; x_wconf 88' lang='lat' dir='ltr'><strong>ius</strong></span> <span class='ocrx_word' id='word_1_230' title='bbox 438 3029 577 3093; x_wconf 84' lang='lat' dir='ltr'><strong>advocati</strong></span> <span class='ocrx_word' id='word_1_231' title='bbox 594 3029 716 3110; x_wconf 83' lang='lat' dir='ltr'><strong>exigere</strong></span> <span class='ocrx_word' id='word_1_232' title='bbox 737 3031 801 3092; x_wconf 85' lang='lat' dir='ltr'><strong>sive</strong></span> <span class='ocrx_word' id='word_1_233' title='bbox 823 3029 890 3092; x_wconf 90' lang='lat' dir='ltr'><strong>aliis</strong></span> <span class='ocrx_word' id='word_1_234' title='bbox 913 3029 1010 3094; x_wconf 87' lang='lat' dir='ltr'><strong>modis</strong></span> <span class='ocrx_word' id='word_1_235' title='bbox 1033 3049 1085 3092; x_wconf 90' lang='lat' dir='ltr'><strong>eos</strong></span> <span class='ocrx_word' id='word_1_236' title='bbox 1108 3046 1235 3110; x_wconf 84' lang='lat' dir='ltr'><strong>gravare</strong></span> 
     </span>
     <span class='ocr_line' id='line_1_26' title="bbox 51 3137 1236 3221; baseline 0.001 -23"><span class='ocrx_word' id='word_1_237' title='bbox 51 3138 170 3211; x_wconf 78' lang='lat' dir='ltr'><strong>soluerit,</strong></span> <span class='ocrx_word' id='word_1_238' title='bbox 187 3138 308 3202; x_wconf 87' lang='lat' dir='ltr'><strong>reicere</strong></span> <span class='ocrx_word' id='word_1_239' title='bbox 325 3159 391 3202; x_wconf 91' lang='lat' dir='ltr'><strong>eum</strong></span> <span class='ocrx_word' id='word_1_240' title='bbox 405 3144 439 3201; x_wconf 88' lang='lat' dir='ltr'><strong>et</strong></span> <span class='ocrx_word' id='word_1_241' title='bbox 454 3159 472 3202; x_wconf 92' lang='lat' dir='ltr'><strong>a</strong></span> <span class='ocrx_word' id='word_1_242' title='bbox 489 3137 577 3202; x_wconf 88' lang='lat' dir='ltr'><strong>uobis</strong></span> <span class='ocrx_word' id='word_1_243' title='bbox 593 3139 683 3203; x_wconf 85' lang='lat' dir='ltr'><strong>alium</strong></span> <span class='ocrx_word' id='word_1_244' title='bbox 698 3144 803 3221; x_wconf 88' lang='lat' dir='ltr'><strong>petere</strong></span> <span class='ocrx_word' id='word_1_245' title='bbox 819 3137 899 3202; x_wconf 88' lang='lat' dir='ltr'><strong>iuste</strong></span> <span class='ocrx_word' id='word_1_246' title='bbox 921 3143 1058 3220; x_wconf 86' lang='lat' dir='ltr'><strong>possunt.</strong></span> <span class='ocrx_word' id='word_1_247' title='bbox 1087 3138 1127 3203; x_wconf 90' lang='lat' dir='ltr'><strong>Ut</strong></span> <span class='ocrx_word' id='word_1_248' title='bbox 1143 3137 1236 3220; x_wconf 80' lang='lat' dir='ltr'><strong>igitur</strong></span> 
     </span>
     <span class='ocr_line' id='line_1_27' title="bbox 52 3246 1234 3331; baseline 0.002 -23"><span class='ocrx_word' id='word_1_249' title='bbox 52 3254 140 3312; x_wconf 87' lang='lat' dir='ltr'><strong>cuncta</strong></span> <span class='ocrx_word' id='word_1_250' title='bbox 152 3248 288 3312; x_wconf 87' lang='lat' dir='ltr'><strong>becrata</strong></span> <span class='ocrx_word' id='word_1_251' title='bbox 301 3246 536 3331; x_wconf 78' lang='lat' dir='ltr'><strong>inconvulsaque</strong></span> <span class='ocrx_word' id='word_1_252' title='bbox 552 3247 678 3329; x_wconf 86' lang='lat' dir='ltr'><strong>perenni</strong></span> <span class='ocrx_word' id='word_1_253' title='bbox 692 3246 856 3312; x_wconf 78' lang='lat' dir='ltr'><strong>stabilitate</strong></span> <span class='ocrx_word' id='word_1_254' title='bbox 869 3246 1048 3319; x_wconf 89' lang='lat' dir='ltr'><strong>consistant,</strong></span> <span class='ocrx_word' id='word_1_255' title='bbox 1060 3253 1234 3329; x_wconf 87' lang='lat' dir='ltr'><strong>presentem</strong></span> 
     </span>
     <span class='ocr_line' id='line_1_28' title="bbox 13 3333 1231 3443; baseline 0.001 -25"><span class='ocrx_word' id='word_1_256' title='bbox 13 3333 14 3342; x_wconf 8' lang='grc' dir='ltr'>ἵ</span> <span class='ocrx_word' id='word_1_257' title='bbox 48 3356 177 3438; x_wconf 81' lang='lat' dir='ltr'><strong>paginam</strong></span> <span class='ocrx_word' id='word_1_258' title='bbox 189 3355 285 3438; x_wconf 84' lang='lat' dir='ltr'><strong>sigilli</strong></span> <span class='ocrx_word' id='word_1_259' title='bbox 300 3355 395 3420; x_wconf 89' lang='lat' dir='ltr'><strong>nostri</strong></span> <span class='ocrx_word' id='word_1_260' title='bbox 408 3356 607 3438; x_wconf 88' lang='lat' dir='ltr'><strong>impressione</strong></span> <span class='ocrx_word' id='word_1_261' title='bbox 620 3354 746 3419; x_wconf 86' lang='lat' dir='ltr'><strong>fecimus</strong></span> <span class='ocrx_word' id='word_1_262' title='bbox 764 3353 983 3443; x_wconf 80' lang='lat' dir='ltr'><strong>communiril)</strong></span> <span class='ocrx_word' id='word_1_263' title='bbox 996 3356 1103 3419; x_wconf 81' lang='lat' dir='ltr'><strong>Datum</strong></span> <span class='ocrx_word' id='word_1_264' title='bbox 1120 3361 1178 3418; x_wconf 88' lang='lat' dir='ltr'><strong>etc.</strong></span> <span class='ocrx_word' id='word_1_265' title='bbox 1194 3355 1231 3443; x_wconf 90' lang='lat'><strong>¹).</strong></span> 
     </span>
    </p>
   </div>
   <div class='ocr_carea' id='block_1_3' title="bbox 361 3486 898 3604">
    <p class='ocr_par' dir='ltr' id='par_1_3' title="bbox 361 3486 898 3604">
     <span class='ocr_line' id='line_1_29' title="bbox 361 3486 898 3604; baseline -0.007 -21"><span class='ocrx_word' id='word_1_266' title='bbox 361 3522 462 3585; x_wconf 77' lang='lat' dir='ltr'><strong>torna</strong></span> <span class='ocrx_word' id='word_1_267' title='bbox 485 3519 635 3604; x_wconf 76' lang='lat' dir='ltr'><strong>privilegii</strong></span> <span class='ocrx_word' id='word_1_268' title='bbox 659 3522 828 3603; x_wconf 76' lang='lat' dir='ltr'><strong>personalis</strong></span> <span class='ocrx_word' id='word_1_269' title='bbox 841 3486 898 3603; x_wconf 59' lang='lat' dir='ltr'><strong>m]</strong></span> 
     </span>
    </p>
   </div>
   <div class='ocr_carea' id='block_1_4' title="bbox 49 3643 1350 3844">
    <p class='ocr_par' dir='ltr' id='par_1_4' title="bbox 49 3643 1350 3844">
     <span class='ocr_line' id='line_1_30' title="bbox 124 3643 1230 3728; baseline -0.001 -19"><span class='ocrx_word' id='word_1_270' title='bbox 124 3646 271 3710; x_wconf 77' lang='lat' dir='ltr'><strong>liudolfus</strong></span> <span class='ocrx_word' id='word_1_271' title='bbox 287 3645 344 3709; x_wconf 89' lang='lat' dir='ltr'><strong>Dei</strong></span> <span class='ocrx_word' id='word_1_272' title='bbox 360 3643 463 3728; x_wconf 78' lang='lat' dir='ltr'><strong>gracia</strong></span> <span class='ocrx_word' id='word_1_273' title='bbox 478 3646 678 3709; x_wconf 89' lang='lat' dir='ltr'><strong>Romanorum</strong></span> <span class='ocrx_word' id='word_1_274' title='bbox 694 3666 747 3708; x_wconf 84' lang='lat' dir='ltr'><strong>ren</strong></span> <span class='ocrx_word' id='word_1_275' title='bbox 769 3652 800 3708; x_wconf 87' lang='lat' dir='ltr'><strong>et</strong></span> <span class='ocrx_word' id='word_1_276' title='bbox 816 3663 935 3727; x_wconf 90' lang='lat' dir='ltr'><strong>semper</strong></span> <span class='ocrx_word' id='word_1_277' title='bbox 956 3651 1102 3728; x_wconf 83' lang='lat' dir='ltr'><strong>augustus</strong></span> <span class='ocrx_word' id='word_1_278' title='bbox 1120 3643 1230 3709; x_wconf 90' lang='lat' dir='ltr'><strong>dilecto</strong></span> 
     </span>
     <span class='ocr_line' id='line_1_31' title="bbox 49 3751 1350 3844; baseline 0.002 -30"><span class='ocrx_word' id='word_1_279' title='bbox 49 3751 142 3820; x_wconf 79' lang='lat' dir='ltr'><strong>devoto</strong></span> <span class='ocrx_word' id='word_1_280' title='bbox 158 3754 211 3819; x_wconf 85' lang='lat' dir='ltr'><strong>tali</strong></span> <span class='ocrx_word' id='word_1_281' title='bbox 229 3753 333 3818; x_wconf 87' lang='lat' dir='ltr'><strong>comiti</strong></span> <span class='ocrx_word' id='word_1_282' title='bbox 354 3754 400 3818; x_wconf 90' lang='lat' dir='ltr'><strong>vel</strong></span> <span class='ocrx_word' id='word_1_283' title='bbox 421 3753 527 3818; x_wconf 89' lang='lat' dir='ltr'><strong>baroni</strong></span> <span class='ocrx_word' id='word_1_284' title='bbox 550 3753 683 3836; x_wconf 78' lang='lat' dir='ltr'><strong>graciam</strong></span> <span class='ocrx_word' id='word_1_285' title='bbox 707 3773 791 3844; x_wconf 88' lang='lat' dir='ltr'><strong>suam</strong></span> <span class='ocrx_word' id='word_1_286' title='bbox 807 3759 837 3816; x_wconf 89' lang='lat' dir='ltr'><strong>et</strong></span> <span class='ocrx_word' id='word_1_287' title='bbox 853 3774 940 3817; x_wconf 91' lang='lat' dir='ltr'><strong>omne</strong></span> <span class='ocrx_word' id='word_1_288' title='bbox 957 3753 1075 3818; x_wconf 90' lang='lat' dir='ltr'><strong>bonum.</strong></span> <span class='ocrx_word' id='word_1_289' title='bbox 1109 3755 1174 3818; x_wconf 86' lang='lat' dir='ltr'><strong>Etsi</strong></span> <span class='ocrx_word' id='word_1_290' title='bbox 1190 3755 1230 3818; x_wconf 92' lang='lat' dir='ltr'><strong>ad</strong></span> <span class='ocrx_word' id='word_1_291' title='bbox 1240 3776 1317 3817; x_wconf 74' lang='lat' dir='ltr'><strong>ruas</strong></span> <span class='ocrx_word' id='word_1_292' title='bbox 1329 3776 1350 3816; x_wconf 89' lang='lat' dir='ltr'><strong>s.</strong></span> 
     </span>
    </p>
   </div>
   <div class='ocr_carea' id='block_1_5' title="bbox 13 3870 1265 4406">
    <p class='ocr_par' dir='ltr' id='par_1_5' title="bbox 13 3870 1265 4406">
     <span class='ocr_line' id='line_1_32' title="bbox 123 3870 1230 3951; baseline 0.001 -16"><span class='ocrx_word' id='word_1_293' title='bbox 123 3882 158 3951; x_wconf 82' lang='lat' dir='ltr'><strong>a)</strong></span> <span class='ocrx_word' id='word_1_294' title='bbox 171 3880 289 3936; x_wconf 85' lang='lat' dir='ltr'><strong>detentis</strong></span> <span class='ocrx_word' id='word_1_295' title='bbox 301 3879 331 3934; x_wconf 81' lang='lat' dir='ltr'><strong>V.</strong></span> <span class='ocrx_word' id='word_1_296' title='bbox 345 3909 380 3920; x_wconf 92' lang='lat'>-</span> <span class='ocrx_word' id='word_1_297' title='bbox 394 3880 426 3950; x_wconf 87' lang='lat' dir='ltr'><strong>d)</strong></span> <span class='ocrx_word' id='word_1_298' title='bbox 441 3881 484 3938; x_wconf 82' lang='lat' dir='ltr'><strong>fair</strong></span> <span class='ocrx_word' id='word_1_299' title='bbox 493 3880 555 3935; x_wconf 79' lang='lat' dir='ltr'><strong>talis</strong></span> <span class='ocrx_word' id='word_1_300' title='bbox 568 3879 620 3936; x_wconf 90' lang='lat' dir='ltr'><strong>loci</strong></span> <span class='ocrx_word' id='word_1_301' title='bbox 632 3887 684 3936; x_wconf 87' lang='lat' dir='ltr'><strong>etc.</strong></span> <span class='ocrx_word' id='word_1_302' title='bbox 700 3885 741 3948; x_wconf 77' lang='lat' dir='ltr'><strong>„in</strong></span> <span class='ocrx_word' id='word_1_303' title='bbox 754 3870 1034 3950; x_wconf 49' lang='lat' dir='ltr'><strong>Bau&#39;mgarteubergffl</strong></span> <span class='ocrx_word' id='word_1_304' title='bbox 1048 3881 1118 3935; x_wconf 83' lang='lat' dir='ltr'><strong>itura</strong></span> <span class='ocrx_word' id='word_1_305' title='bbox 1131 3880 1147 3937; x_wconf 86' lang='lat' dir='ltr'><strong>l.</strong></span> <span class='ocrx_word' id='word_1_306' title='bbox 1161 3898 1184 3937; x_wconf 86' lang='lat' dir='ltr'><strong>c.</strong></span> <span class='ocrx_word' id='word_1_307' title='bbox 1196 3909 1230 3920; x_wconf 90' lang='lat'><strong>·-</strong></span> 
     </span>
     <span class='ocr_line' id='line_1_33' title="bbox 48 3968 1265 4044; baseline 0.002 -23"><span class='ocrx_word' id='word_1_308' title='bbox 48 3969 72 4039; x_wconf 85' lang='lat' dir='ltr'><strong>c)</strong></span> <span class='ocrx_word' id='word_1_309' title='bbox 90 3977 210 4044; x_wconf 83' lang='lat' dir='ltr'><strong>exempta</strong></span> <span class='ocrx_word' id='word_1_310' title='bbox 223 3972 267 4027; x_wconf 79' lang='lat' dir='ltr'><strong>fuir</strong></span> <span class='ocrx_word' id='word_1_311' title='bbox 280 3973 369 4044; x_wconf 88' lang='lat' dir='ltr'><strong>quieta</strong></span> <span class='ocrx_word' id='word_1_312' title='bbox 388 3974 416 4027; x_wconf 83' lang='lat' dir='ltr'><strong>Z.</strong></span> <span class='ocrx_word' id='word_1_313' title='bbox 433 4003 466 4013; x_wconf 90' lang='lat'><em>-</em></span> <span class='ocrx_word' id='word_1_314' title='bbox 482 3975 518 4043; x_wconf 82' lang='lat' dir='ltr'><strong>d)</strong></span> <span class='ocrx_word' id='word_1_315' title='bbox 532 3973 574 4027; x_wconf 88' lang='lat' dir='ltr'><strong>die</strong></span> <span class='ocrx_word' id='word_1_316' title='bbox 596 3972 638 4026; x_wconf 84' lang='lat' dir='ltr'><strong>rel</strong></span> <span class='ocrx_word' id='word_1_317' title='bbox 658 3968 726 4028; x_wconf 89' lang='lat' dir='ltr'><strong>fehlt</strong></span> <span class='ocrx_word' id='word_1_318' title='bbox 739 3972 767 4026; x_wconf 85' lang='lat' dir='ltr'><strong>Z.</strong></span> <span class='ocrx_word' id='word_1_319' title='bbox 789 4002 817 4011; x_wconf 97' lang='lat'><em>-</em></span> <span class='ocrx_word' id='word_1_320' title='bbox 833 3972 865 4040; x_wconf 87' lang='lat' dir='ltr'><strong>e)</strong></span> <span class='ocrx_word' id='word_1_321' title='bbox 885 3973 929 4026; x_wconf 83' lang='lat' dir='ltr'><strong>tiit·</strong></span> <span class='ocrx_word' id='word_1_322' title='bbox 950 3973 996 4027; x_wconf 89' lang='lat' dir='ltr'><strong>tali</strong></span> <span class='ocrx_word' id='word_1_323' title='bbox 1015 3971 1076 4028; x_wconf 88' lang='lat' dir='ltr'><strong>loeo</strong></span> <span class='ocrx_word' id='word_1_324' title='bbox 1091 3975 1230 4038; x_wconf 83' lang='lat' dir='ltr'><strong>„Mutarn“</strong></span> <span class='ocrx_word' id='word_1_325' title='bbox 1255 4015 1265 4032; x_wconf 84' lang='grc'><em>,</em></span> 
     </span>
     <span class='ocr_line' id='line_1_34' title="bbox 49 4057 1230 4136; baseline 0 -23"><span class='ocrx_word' id='word_1_326' title='bbox 49 4057 109 4116; x_wconf 76' lang='lat' dir='ltr'><strong>durs</strong></span> <span class='ocrx_word' id='word_1_327' title='bbox 115 4059 134 4118; x_wconf 85' lang='lat' dir='ltr'><strong>l.</strong></span> <span class='ocrx_word' id='word_1_328' title='bbox 140 4079 163 4119; x_wconf 89' lang='lat' dir='ltr'><strong>c.</strong></span> <span class='ocrx_word' id='word_1_329' title='bbox 173 4095 202 4104; x_wconf 91' lang='lat'><em>-</em></span> <span class='ocrx_word' id='word_1_330' title='bbox 210 4061 336 4135; x_wconf 72' lang='lat' dir='ltr'><strong>Dipsum</strong></span> <span class='ocrx_word' id='word_1_331' title='bbox 342 4063 428 4134; x_wconf 86' lang='lat' dir='ltr'><strong>ipsum</strong></span> <span class='ocrx_word' id='word_1_332' title='bbox 435 4063 463 4119; x_wconf 85' lang='lat' dir='ltr'><strong>V.</strong></span> <span class='ocrx_word' id='word_1_333' title='bbox 472 4065 548 4136; x_wconf 68' lang='lat' dir='ltr'><strong>-pJ</strong></span> <span class='ocrx_word' id='word_1_334' title='bbox 555 4061 611 4118; x_wconf 89' lang='lat' dir='ltr'><strong>sola</strong></span> <span class='ocrx_word' id='word_1_335' title='bbox 618 4063 797 4118; x_wconf 88' lang='lat' dir='ltr'><strong>retribucione</strong></span> <span class='ocrx_word' id='word_1_336' title='bbox 806 4061 835 4116; x_wconf 81' lang='lat' dir='ltr'><strong>V.</strong></span> <span class='ocrx_word' id='word_1_337' title='bbox 845 4061 922 4135; x_wconf 81' lang='lat' dir='ltr'><strong>-b)</strong></span> <span class='ocrx_word' id='word_1_338' title='bbox 933 4061 1085 4119; x_wconf 88' lang='lat' dir='ltr'><strong>defensoris</strong></span> <span class='ocrx_word' id='word_1_339' title='bbox 1098 4079 1189 4116; x_wconf 85' lang='lat' dir='ltr'><strong>nomen</strong></span> <span class='ocrx_word' id='word_1_340' title='bbox 1202 4059 1230 4115; x_wconf 80' lang='lat' dir='ltr'><strong>Z.</strong></span> 
     </span>
     <span class='ocr_line' id='line_1_35' title="bbox 48 4147 1232 4225; baseline 0.003 -21"><span class='ocrx_word' id='word_1_341' title='bbox 48 4177 76 4190; x_wconf 87' lang='lat'><em>—</em></span> <span class='ocrx_word' id='word_1_342' title='bbox 87 4147 113 4220; x_wconf 86' lang='lat' dir='ltr'><strong>i)</strong></span> <span class='ocrx_word' id='word_1_343' title='bbox 126 4154 267 4225; x_wconf 82' lang='lat' dir='ltr'><strong>quisquam</strong></span> <span class='ocrx_word' id='word_1_344' title='bbox 279 4155 307 4208; x_wconf 72' lang='lat' dir='ltr'><strong>ze</strong></span> <span class='ocrx_word' id='word_1_345' title='bbox 330 4179 364 4194; x_wconf 80' lang='lat'><strong>-</strong></span> <span class='ocrx_word' id='word_1_346' title='bbox 384 4154 420 4223; x_wconf 76' lang='lat' dir='ltr'><strong>lc)</strong></span> <span class='ocrx_word' id='word_1_347' title='bbox 432 4153 531 4209; x_wconf 78' lang='lat' dir='ltr'><strong>debeat</strong></span> <span class='ocrx_word' id='word_1_348' title='bbox 542 4154 564 4207; x_wconf 87' lang='lat' dir='ltr'>V</span> <span class='ocrx_word' id='word_1_349' title='bbox 577 4154 630 4206; x_wconf 90' lang='lat' dir='ltr'><strong>und</strong></span> <span class='ocrx_word' id='word_1_350' title='bbox 644 4154 671 4215; x_wconf 84' lang='lat' dir='ltr'><strong>Z.</strong></span> <span class='ocrx_word' id='word_1_351' title='bbox 685 4169 726 4208; x_wconf 84' lang='lat' dir='ltr'><strong>wo</strong></span> <span class='ocrx_word' id='word_1_352' title='bbox 739 4168 771 4208; x_wconf 81' lang='lat' dir='ltr'><strong>es</strong></span> <span class='ocrx_word' id='word_1_353' title='bbox 784 4155 851 4208; x_wconf 84' lang='lat' dir='ltr'><strong>auch</strong></span> <span class='ocrx_word' id='word_1_354' title='bbox 864 4155 966 4225; x_wconf 76' lang='lat' dir='ltr'><strong>ricbtig</strong></span> <span class='ocrx_word' id='word_1_355' title='bbox 979 4154 1024 4208; x_wconf 83' lang='lat' dir='ltr'><strong>ist.</strong></span> <span class='ocrx_word' id='word_1_356' title='bbox 1049 4181 1077 4193; x_wconf 87' lang='grc'><strong>-</strong></span> <span class='ocrx_word' id='word_1_357' title='bbox 1093 4155 1120 4224; x_wconf 85' lang='lat' dir='ltr'><strong>l)</strong></span> <span class='ocrx_word' id='word_1_358' title='bbox 1134 4153 1232 4208; x_wconf 80' lang='lat' dir='ltr'><strong>Testes</strong></span> 
     </span>
     <span class='ocr_line' id='line_1_36' title="bbox 13 4241 1233 4316; baseline 0.004 -23"><span class='ocrx_word' id='word_1_359' title='bbox 13 4301 14 4306; x_wconf 7' lang='grc' dir='ltr'>ἵ</span> <span class='ocrx_word' id='word_1_360' title='bbox 48 4245 101 4295; x_wconf 83' lang='lat' dir='ltr'><strong>sunt</strong></span> <span class='ocrx_word' id='word_1_361' title='bbox 116 4241 250 4300; x_wconf 86' lang='lat' dir='ltr'><strong>Utricus</strong></span> <span class='ocrx_word' id='word_1_362' title='bbox 262 4259 378 4299; x_wconf 87' lang='lat' dir='ltr'><strong>eomes</strong></span> <span class='ocrx_word' id='word_1_363' title='bbox 390 4244 428 4298; x_wconf 82' lang='lat' dir='ltr'><strong>de</strong></span> <span class='ocrx_word' id='word_1_364' title='bbox 443 4243 545 4307; x_wconf 78' lang='lat' dir='ltr'><strong>Clam,</strong></span> <span class='ocrx_word' id='word_1_365' title='bbox 559 4243 589 4298; x_wconf 89' lang='lat' dir='ltr'><strong>ll.</strong></span> <span class='ocrx_word' id='word_1_366' title='bbox 603 4243 831 4316; x_wconf 73' lang='lat' dir='ltr'><strong>defibunring</strong></span> <span class='ocrx_word' id='word_1_367' title='bbox 843 4249 870 4299; x_wconf 89' lang='lat' dir='ltr'><strong>et</strong></span> <span class='ocrx_word' id='word_1_368' title='bbox 883 4244 927 4299; x_wconf 83' lang='lat' dir='ltr'><strong>alii</strong></span> <span class='ocrx_word' id='word_1_369' title='bbox 940 4245 1118 4316; x_wconf 85' lang='lat' dir='ltr'><strong>quamplures.</strong></span> <span class='ocrx_word' id='word_1_370' title='bbox 1137 4245 1233 4299; x_wconf 79' lang='lat' dir='ltr'><strong>Actum</strong></span> 
     </span>
     <span class='ocr_line' id='line_1_37' title="bbox 48 4333 1150 4406; baseline 0.006 -24"><span class='ocrx_word' id='word_1_371' title='bbox 48 4346 68 4382; x_wconf 83' lang='lat' dir='ltr'><strong>a.</strong></span> <span class='ocrx_word' id='word_1_372' title='bbox 80 4333 183 4398; x_wconf 89' lang='lat' dir='ltr'><strong>bomini,</strong></span> <span class='ocrx_word' id='word_1_373' title='bbox 195 4352 247 4406; x_wconf 83' lang='lat' dir='ltr'><strong>per</strong></span> <span class='ocrx_word' id='word_1_374' title='bbox 259 4336 386 4390; x_wconf 82' lang='lat' dir='ltr'><strong>omniunt</strong></span> <span class='ocrx_word' id='word_1_375' title='bbox 403 4352 493 4406; x_wconf 84' lang='lat' dir='ltr'><strong>supra,</strong></span> <span class='ocrx_word' id='word_1_376' title='bbox 506 4351 554 4406; x_wconf 88' lang='lat' dir='ltr'><strong>par</strong></span> <span class='ocrx_word' id='word_1_377' title='bbox 564 4352 656 4389; x_wconf 85' lang='lat' dir='ltr'><strong>manus</strong></span> <span class='ocrx_word' id='word_1_378' title='bbox 669 4336 724 4391; x_wconf 90' lang='lat' dir='ltr'><strong>Ulr.</strong></span> <span class='ocrx_word' id='word_1_379' title='bbox 739 4335 842 4390; x_wconf 73' lang='lat' dir='ltr'><strong>potami.</strong></span> <span class='ocrx_word' id='word_1_380' title='bbox 856 4336 883 4387; x_wconf 85' lang='grc' dir='ltr'><strong>Ζ.</strong></span> <span class='ocrx_word' id='word_1_381' title='bbox 901 4367 929 4380; x_wconf 91' lang='grc'><strong>-</strong></span> <span class='ocrx_word' id='word_1_382' title='bbox 946 4336 988 4405; x_wconf 88' lang='lat' dir='ltr'><strong>m)</strong></span> <span class='ocrx_word' id='word_1_383' title='bbox 1004 4335 1072 4390; x_wconf 77' lang='lat' dir='ltr'><strong>bist.</strong></span> <span class='ocrx_word' id='word_1_384' title='bbox 1088 4335 1106 4389; x_wconf 94' lang='lat' dir='ltr'><strong>l.</strong></span> <span class='ocrx_word' id='word_1_385' title='bbox 1121 4337 1150 4389; x_wconf 80' lang='lat' dir='ltr'><strong>V.</strong></span> 
     </span>
    </p>
   </div>
   <div class='ocr_carea' id='block_1_6' title="bbox 129 4433 362 4449">
    <p class='ocr_par' dir='ltr' id='par_1_6' title="bbox 129 4433 362 4449">
     <span class='ocr_line' id='line_1_38' title="bbox 129 4433 362 4449; baseline 0.004 -1"><span class='ocrx_word' id='word_1_386' title='bbox 129 4433 362 4449; x_wconf 40' lang='lat' dir='ltr'><strong>Q*—</strong></span> 
     </span>
    </p>
   </div>
   <div class='ocr_carea' id='block_1_7' title="bbox 70 4477 1227 4624">
    <p class='ocr_par' dir='ltr' id='par_1_7' title="bbox 70 4477 1227 4624">
     <span class='ocr_line' id='line_1_39' title="bbox 70 4477 1227 4540; baseline 0.001 -16"><span class='ocrx_word' id='word_1_387' title='bbox 70 4477 92 4537; x_wconf 82' lang='lat'><strong>¹)</strong></span> <span class='ocrx_word' id='word_1_388' title='bbox 102 4481 168 4528; x_wconf 74' lang='lat' dir='ltr'><strong>bisne</strong></span> <span class='ocrx_word' id='word_1_389' title='bbox 184 4481 295 4528; x_wconf 74' lang='lat' dir='ltr'><strong>Urknnde</strong></span> <span class='ocrx_word' id='word_1_390' title='bbox 312 4486 343 4528; x_wconf 78' lang='lat' dir='ltr'><strong>ist</strong></span> <span class='ocrx_word' id='word_1_391' title='bbox 358 4484 418 4528; x_wconf 84' lang='lat' dir='ltr'><strong>nacla</strong></span> <span class='ocrx_word' id='word_1_392' title='bbox 436 4483 486 4528; x_wconf 80' lang='lat' dir='ltr'><strong>dem</strong></span> <span class='ocrx_word' id='word_1_393' title='bbox 500 4481 562 4539; x_wconf 77' lang='lat' dir='ltr'><strong>Jetst</strong></span> <span class='ocrx_word' id='word_1_394' title='bbox 574 4483 597 4526; x_wconf 82' lang='lat' dir='ltr'><strong>io</strong></span> <span class='ocrx_word' id='word_1_395' title='bbox 609 4482 665 4529; x_wconf 80' lang='lat' dir='ltr'><strong>hina</strong></span> <span class='ocrx_word' id='word_1_396' title='bbox 677 4479 833 4526; x_wconf 80' lang='lat' dir='ltr'><strong>betindlieben</strong></span> <span class='ocrx_word' id='word_1_397' title='bbox 849 4481 954 4538; x_wconf 71' lang='lat' dir='ltr'><strong>original</strong></span> <span class='ocrx_word' id='word_1_398' title='bbox 971 4481 1088 4540; x_wconf 72' lang='lat' dir='ltr'><strong>gedruckt</strong></span> <span class='ocrx_word' id='word_1_399' title='bbox 1106 4482 1144 4528; x_wconf 86' lang='lat' dir='ltr'><strong>lrei</strong></span> <span class='ocrx_word' id='word_1_400' title='bbox 1158 4483 1227 4535; x_wconf 72' lang='lat' dir='ltr'><strong>Korn,</strong></span> 
     </span>
     <span class='ocr_line' id='line_1_40' title="bbox 101 4562 783 4624; baseline 0.004 -19"><span class='ocrx_word' id='word_1_401' title='bbox 101 4562 205 4624; x_wconf 75' lang='lat' dir='ltr'><strong>Beitrige</strong></span> <span class='ocrx_word' id='word_1_402' title='bbox 222 4565 247 4617; x_wconf 81' lang='grc'><strong>3,</strong></span> <span class='ocrx_word' id='word_1_403' title='bbox 259 4563 315 4610; x_wconf 74' lang='grc'>403.</span> <span class='ocrx_word' id='word_1_404' title='bbox 328 4565 429 4621; x_wconf 73' lang='lat' dir='ltr'><strong>Meliten,</strong></span> <span class='ocrx_word' id='word_1_405' title='bbox 442 4565 558 4624; x_wconf 72' lang='lat' dir='ltr'><strong>Regesterr</strong></span> <span class='ocrx_word' id='word_1_406' title='bbox 570 4580 593 4623; x_wconf 59' lang='lat' dir='ltr'><strong>pr</strong></span> <span class='ocrx_word' id='word_1_407' title='bbox 613 4566 668 4618; x_wconf 86' lang='lat'>100,</span> <span class='ocrx_word' id='word_1_408' title='bbox 686 4577 725 4610; x_wconf 87' lang='lat' dir='ltr'><strong>uu.</strong></span> <span class='ocrx_word' id='word_1_409' title='bbox 745 4564 783 4608; x_wconf 83' lang='grc'><strong>73.</strong></span> 
     </span>
    </p>
   </div>
   <div class='ocr_carea' id='block_1_8' title="bbox 0 0 1562 5124">
    <p class='ocr_par' dir='ltr' id='par_1_8' title="bbox 0 0 1562 5124">
     <span class='ocr_line' id='line_1_41' title="bbox 0 0 1562 5124; baseline 0 1"><span class='ocrx_word' id='word_1_410' title='bbox 0 0 1562 5124; x_wconf 95' lang='lat' dir='ltr'><strong> </strong></span> 
     </span>
    </p>
   </div>
  </div>
 </body>
</html>
