3112 5118
1186 265 1259 338 167

80 437 160 502 beata
174 444 270 502 mater
285 439 417 503 ecclesia
433 441 502 523 quia
519 439 624 503 domus
647 440 769 504 celestis
790 441 876 522 panis
893 440 944 526 a),
968 457 1054 504 mons
1071 439 1166 522 Syon,
1183 441 1262 504 unde
1334 511 1337 515 .

78 547 123 610 lux
138 546 216 618 exiit,
238 548 345 611 civitas
367 548 450 630 regis
472 549 583 629 magni,
609 547 645 610 de
670 567 729 631 qua
751 549 884 630 gloriosa
905 548 986 610 dicta
1003 548 1042 610 sit
1058 552 1149 619 terra,
1173 566 1263 629 quam

79 653 129 716 Dei
156 651 233 715 filius
265 674 321 718 suo
353 675 407 738 pro
438 655 526 719 nobis
559 657 706 736 sanguine
745 656 952 727 consecravit,
990 653 1078 735 regni
1110 654 1203 717 robur
1235 660 1265 717 et

80 760 276 842 pulchritudo,
304 763 393 844 periit
419 763 531 846 fletque
559 763 709 846 quondam
731 764 825 827 libera
848 769 878 826 et
901 762 957 826 sub
981 763 1069 846 impie
1097 763 1264 842 tyrannidis

79 868 143 949 iugo
170 871 271 933 servit.
304 872 404 952 Luget
432 871 580 954 siquidem
608 872 678 953 quia
706 871 748 934 ihi
765 871 804 956 b)
819 870 977 934 multitudo
1006 869 1128 931 celestis
1157 871 1265 951 pace‘m

80 977 181 1040 cecinit
196 978 324 1049 milicie,
352 977 550 1060 ibipressum
567 977 678 1059 gentis·
691 977 946 1048 immundissime,
974 975 1132 1048 seandala,
1161 977 1382 1039 simul-rouce-

78 1090 148 1146 lates
164 1083 202 1162 c)
218 1090 251 1147 et
273 1086 416 1149 scismata
438 1085 608 1157 suscitavit,
632 1104 669 1147 ac
691 1085 838 1150 innovans
861 1084 977 1147 excidia
999 1083 1161 1165 prcliorum
1182 1085 1265 1148 misit

79 1191 113 1254 ad
139 1190 350 1255 desiderabilia
386 1213 507 1256 manum
538 1210 639 1263 suam,
672 1191 842 1255 sacerdocii
874 1196 904 1254 et
935 1209 1091 1254 sacrorum
1129 1191 1266 1254 ordinum

78 1299 137 1380 pias
158 1300 242 1380 leges
261 1305 291 1363 et
315 1300 409 1382 ipsius
431 1302 497 1364 iura
519 1307 625 1362 nature
648 1300 788 1381 relegans
806 1319 824 1362 a
846 1299 955 1380 templo
970 1298 1107 1370 Domini,
1136 1299 1264 1362 diversis

78 1406 181 1468 ibidem
197 1406 497 1472 abhominacionibus
515 1413 545 1470 et
561 1406 720 1489 spurciciis
736 1406 927 1486 introductis.
957 1407 996 1470 ut
1012 1406 1080 1469 ideo
1096 1407 1265 1472 Jerusalem

81 1513 109 1576 in
123 1515 183 1576 suis
211 1515 313 1578 derisa
341 1515 475 1580 sabbatis
505 1515 661 1579 obsorduit
689 1515 775 1597 quasi
802 1515 914 1597 polluta
941 1515 1103 1577 menstruis
1136 1514 1163 1601 ¹)
1186 1515 1267 1580 inter

77 1621 172 1687 hostes
189 1621 241 1708 β).
275 1624 320 1686 hd
343 1624 479 1687 eiusdem
501 1623 595 1706 igitur
616 1643 795 1686 succursum
817 1623 928 1686 nullum
955 1623 1058 1686 tcdeat
1078 1623 1266 1706 peregrinari

75 1747 122 1812 pro
136 1732 248 1819 patria,
267 1737 385 1796 certare
407 1750 476 1794 eum
492 1752 546 1814 spe
568 1731 694 1795 victorie
709 1752 764 1814 pro
782 1752 911 1805 corona,
939 1731 1015 1795 mori
1031 1750 1086 1813 pro
1103 1731 1182 1804 vita,
1210 1751 1265 1814 pro

77 1836 121 1900 illo
136 1839 286 1902 sustinere
303 1841 342 1902 ad
356 1846 476 1922 tempus
494 1840 569 1903 dura
586 1845 617 1902 et
633 1839 743 1912 tristia,
766 1840 817 1922 qui
834 1839 1011 1903 contusione
1035 1839 1266 1922 contemptibili,

77 1952 157 2027 sputo
188 1967 393 2029 conspersus,
434 1967 524 2010 cesus
555 1947 711 2028 colaphis,
757 1947 885 2029 flagellis
916 1948 1066 2020 afflictus,
1104 1955 1266 2013 coronatus

78 2054 163 2135 spinis
186 2074 292 2118 coram
306 2055 409 2136 Pylato
433 2056 499 2118 sisti
521 2060 663 2137 tanquam
685 2055 845 2118 multorum
867 2075 937 2117 reus
964 2055 1120 2118 criminum
1143 2047 1266 2138 pertulit

78 2161 278 2244 cruciligium,
306 2163 344 2225 ad
368 2162 503 2230 ultimum
524 2167 646 2244 potatus
669 2163 755 2234 selle,
783 2163 889 2226 lancea
909 2164 1097 2244 perforatus,
1126 2165 1265 2226 emittens

77 2287 138 2332 cum
160 2271 293 2334 clamore
314 2270 413 2334 valido
437 2271 591 2352 spiritum,
618 2290 673 2352 pro
697 2271 883 2334 condicionis
900 2271 1028 2334 humane
1045 2270 1159 2364 viribps
1176 2291 1265 2353 repa-

71 2377 189 2450 randis,
223 2398 346 2444 cursum
376 2378 528 2461 presentis
559 2380 620 2442 vite
653 2385 804 2443 saturatus
832 2379 948 2442 iniuriis
978 2381 1175 2443 consumavit.
1208 2379 1265 2442 llic

79 2484 161 2558 enim,
177 2490 211 2549 ut
227 2489 401 2569 repetamus
425 2487 525 2558 altius,
543 2488 594 2570 qui
610 2486 648 2549 de
664 2493 790 2569 paterne
807 2487 881 2550 solio
899 2487 1006 2568 glorie,
1030 2486 1103 2550 celis
1120 2487 1265 2551 mirabili-

77 2598 119 2654 ter
137 2595 301 2658 inclinatus
317 2595 369 2678 d),
392 2595 431 2657 ad
453 2601 556 2658 nostre
579 2594 769 2659 mortalitatis
791 2595 850 2658 ima
874 2593 1075 2668 descendens,
1097 2615 1157 2658 uon
1179 2594 1266 2658 dedi·

77 2706 177 2780 gnatus
207 2708 257 2767 est
272 2703 354 2766 Deus
382 2703 488 2774 homo,
517 2709 638 2767 creator
665 2709 805 2768 creatura
831 2702 914 2775 fieri,
944 2705 1099 2786 suscipere
1128 2703 1264 2766 dominus

76 2806 194 2873 formam
217 2811 314 2882 servi,
342 2816 377 2875 ut
399 2811 450 2893 qui
473 2831 533 2873 non
554 2817 726 2892 poteramus
748 2831 804 2894 per
818 2817 951 2876 nostram
967 2812 1118 2876 iusticiam
1142 2831 1265 2892 sperare

75 2917 193 2989 veniam,
209 2938 267 3000 per
278 2917 358 2984 hunc
371 2919 527 2981 consecuti
539 2919 673 3000 graciam
685 2918 860 2989 inauditam,
872 2918 999 2982 heredes
1012 2920 1079 2990 Dei,
1096 2918 1264 2982 coheredes

76 3041 139 3085 vero
164 3025 295 3098 Christi,
327 3026 491 3090 divinitatis
519 3029 724 3099 consorcium,
756 3026 909 3091 solicitatis
943 3034 1046 3092 eterne
1073 3027 1263 3110 participium

76 3133 256 3197 sortiremur.
289 3134 329 3196 Et
349 3134 421 3198 licet
442 3155 498 3217 per
519 3137 653 3216 graciam
676 3133 826 3217 adoptati,
855 3135 980 3199 cottidie
1003 3155 1111 3199 causas
1133 3136 1263 3218 ingrati-

74 3239 179 3302 tudinis
197 3243 401 3314 cumulemus,
423 3243 490 3325 ipse
513 3249 613 3306 tamen
629 3243 784 3307 habundat
804 3244 836 3328 in
861 3243 979 3306 diviciis
1004 3242 1165 3316 bonitatis,
1193 3244 1263 3306 dum

74 3353 192 3428 propter
208 3349 416 3414 diversitatum
431 3351 468 3437 e)
485 3350 685 3422 voluntatum,
714 3352 838 3423 virium,
866 3350 1057 3424 facultatum,
1086 3349 1263 3434 delinquen-

74 3453 147 3518 tibus
161 3456 281 3521 diversa
293 3478 347 3539 pro
364 3464 500 3541 tempore
518 3449 724 3522 satisfaciendi
740 3478 854 3540 genera
871 3459 1006 3530 eontulit,
1023 3459 1105 3522 varia
1121 3459 1262 3522 medendi

74 3560 288 3644 languentibus
317 3567 450 3630 remedia
478 3566 652 3639 suscitavit,
681 3567 752 3630 duur
779 3572 906 3638 terram,
935 3567 966 3629 in
984 3586 1042 3649 qua
1057 3567 1158 3638 nasci,
1186 3565 1262 3631 mori

73 3676 102 3750 et
114 3693 276 3756 resurgere
298 3674 408 3746 voluit,
430 3675 549 3738 tamdiu·
560 3676 599 3738 ad
623 3674 875 3758 exercitacionem
890 3673 1021 3738 fidelium
1038 3674 1075 3737 ab
1092 3674 1261 3738 infidelibus

24 3797 28 3806 ·
75 3779 195 3843 detineri
216 3780 380 3863 permittit,
408 3782 480 3846 licet
503 3804 563 3846 non
580 3783 620 3845 sit
635 3783 789 3846 abreviata
804 3773 1064 3854 manus‘Domini,
1093 3803 1150 3845 nec
1166 3785 1262 3847 virtus

74 3887 133 3950 eius
154 3889 185 3951 in
213 3889 314 3971 aliquo
343 3891 503 3962 diminuta,
532 3892 603 3974 quin
631 3910 713 3963 eam,
743 3891 822 3954 sicut
849 3895 959 3954 cuncta
987 3891 1060 3953 fecit
1088 3912 1123 3953 ex
1138 3889 1261 3963 nichilo,

67 3993 195 4060 ‘liberare
222 3998 322 4060 valeat
347 3997 379 4061 in
406 4003 566 4062 momento.
601 3998 664 4062 Sed
690 3997 756 4060 illas
785 3997 1003 4080 compassionis
1032 4003 1062 4060 et
1090 3997 1259 4063 dilectionis

155 4158 189 4226 c)
203 4157 282 4228 panis
301 4174 343 4212 anu
362 4159 461 4213 Raude.
479 4189 507 4199 -
524 4160 556 4228 b)
577 4159 620 4212 ubi
640 4177 672 4213 zu
690 4160 776 4212 lesen,
789 4187 825 4198 -—
838 4159 869 4226 c)
884 4159 1032 4212 simultates
1051 4175 1091 4210 am
1110 4158 1211 4214 Raude.
1226 4188 1259 4198 -

77 4245 106 4311 d)
124 4247 259 4302 inclinatis
279 4266 310 4301 zu
331 4251 424 4304 lesen..
443 4281 468 4290 -
494 4251 524 4320 e)
546 4250 728 4304 diversitatem
749 4267 780 4303 uu
802 4249 883 4302 lesen.

100 4463 121 4519 ¹)
136 4465 222 4511 Thren.
242 4467 266 4521 1,
286 4467 323 4512 17.
