3116 5124
1180 378 1255 452 117

13 629 14 638 q
72 556 232 629 occasione,
249 557 347 639 ipsum
364 556 503 622 detinctis
521 555 739 622 contumaciter
754 560 943 640 occupatum.
967 556 1006 619 Et
1023 575 1201 640 quamquam
1219 577 1255 619 ex

71 671 147 748 parte
162 664 311 730 karissimi
326 664 377 730 lilii
392 667 439 739 R„
454 667 657 731 Romanorum
671 666 753 748 regis
763 664 912 737 illustris,
934 665 993 728 iam
1009 665 1127 729 fueritis
1143 665 1255 748 pluries

13 827 14 838 ,
71 774 207 859 requisiti,
230 783 264 840 ut
286 775 496 849 docimesio
520 776 770 864 complementum
793 773 934 838 exhibere
957 781 1073 857 parato,
1096 779 1127 837 et
1148 777 1256 858 parcre

13 959 15 970 Ι
69 884 168 947 volenti
179 884 210 946 in
222 883 281 949 hac
297 889 383 968 parte
398 885 467 958 iuri,
483 904 520 948 ac
533 883 732 949 sufficientem
743 883 910 966 inpendere
922 883 1111 955 caucionem,
1124 889 1256 948 castrum

13 1007 15 1074 ζ
71 991 158 1076 ipsum
173 993 334 1058 restituere
351 994 509 1067 curaretis,
524 993 557 1058 id
572 994 672 1076 ipsum
687 993 789 1056 lacere
805 992 958 1064 renuistis,
982 1011 1041 1055 uon
1064 991 1254 1056 attendentes

13 1081 15 1104 ¹
70 1102 157 1184 qlod,
176 1103 258 1168 sicut
273 1125 310 1167 ex
325 1108 411 1186 parte
426 1103 521 1186 ipsius
537 1103 620 1185 regis
642 1101 829 1185 proponitur,
851 1122 904 1165 rex
919 1101 986 1184 ipse
1003 1123 1062 1166 non
1078 1099 1251 1167 difficilibus

13 1211 15 1242 v
68 1212 204 1292 potuisset
219 1211 301 1276 idem
315 1218 448 1276 castrum
460 1212 600 1276 remediis
612 1231 822 1295 recuperasse,
836 1211 892 1274 nisi
909 1211 1081 1276 devocionis
1098 1211 1256 1274 sinceritas

13 1325 15 1410 ᾗ
68 1319 94 1382 in
107 1340 140 1384 eo
156 1320 235 1384 vires
251 1323 394 1404 potencie
411 1321 577 1386 cohiberet.
607 1321 706 1404 Quare
718 1321 943 1386 universitatem
958 1327 1089 1384 vestram
1104 1320 1258 1384 hortamur

69 1427 94 1491 in
107 1429 241 1504 Domino,
266 1451 322 1514 per
349 1431 515 1514 apostolica
543 1431 629 1496 vobis
653 1431 766 1513 scripta
782 1430 975 1502 mandantes,
1004 1435 1151 1513 quatenus
1175 1429 1257 1512 circa

67 1537 279 1603 restitucioncm
296 1539 336 1627 a)
354 1541 427 1604 dicti
449 1541 541 1604 castri
557 1541 676 1624 prefato
697 1539 774 1621 regi,
797 1545 886 1623 prout
907 1538 1051 1602 tenemini
1073 1539 1256 1610 faciendum,

13 1651 15 1730 ῗ
68 1647 152 1711 taliter
165 1649 266 1713 velitis
283 1650 333 1714 illo
349 1649 474 1714 consilio
488 1649 597 1732 dirigi,
622 1655 653 1713 ut
669 1669 761 1732 super
783 1647 842 1712 hoc
859 1648 897 1712 de
914 1647 1086 1731 cupiditatis
1104 1645 1182 1711 vicio
1200 1653 1254 1712 aut

70 1756 198 1822 violencie
215 1757 390 1823 temeritate
412 1757 525 1831 notari,
554 1758 635 1841 quod
656 1757 686 1820 in
702 1756 768 1820 aliis
791 1757 898 1841 pocius
919 1755 1083 1840 reprobare
1099 1756 1254 1829 tenemini,

72 1887 115 1930 non
128 1869 266 1950 possitis,
285 1873 318 1932 ut
335 1867 432 1933 dictus
448 1889 512 1939 rer,
526 1868 611 1932 cuius
624 1866 854 1931 mansuetudine
866 1866 1014 1930 hactenus
1027 1865 1115 1930 alousi
1127 1865 1255 1930 forsitan

13 2039 15 2068 q
73 1977 226 2051 exstitistis,
257 1978 433 2060 coniugium
448 1977 486 2041 ad
502 1977 583 2041 aliud
604 1976 718 2041 hahere
740 1975 906 2041 remedium
927 1975 1075 2060 aliamque
1097 1974 1156 2039 sibi
1177 1974 1256 2038 viam

70 2087 322 2170 recuperacionis,
346 2085 433 2151 volvis
450 2088 528 2152 sorte
545 2087 620 2151 satis
637 2081 847 2170 dampnosam,
870 2087 1027 2170 exquirere
1043 2106 1103 2150 non
1119 2090 1256 2166 cogatur,

13 2265 15 2308 l

13 2547 15 2588 Ι

14 2629 16 2678 l

14 2729 16 2744 l

14 2761 16 2776 l

14 2813 15 2822 ι

13 2185 15 2262 ζ
67 2201 208 2281 vestraque
226 2196 357 2261 devocio
375 2196 485 2260 debeat
500 2196 605 2260 exinde
623 2218 682 2260 non
698 2195 846 2260 immerito
864 2195 1076 2260 commendari.

141 2305 203 2369 Nos
232 2327 309 2370 vero
338 2312 368 2370 tc
396 2326 519 2387 regem,
547 2305 638 2368 lilium
667 2311 800 2370 nostrum
832 2305 863 2368 in
897 2305 1016 2369 Christo
1051 2303 1255 2377 karissimum,

65 2412 206 2479 hortamur
243 2417 277 2480 in
323 2415 444 2479 domino
481 2416 556 2479 lesu
602 2414 722 2478 Christo
760 2435 816 2497 per
858 2415 1013 2480 salutifere
1058 2413 1167 2482 crucis¹
1201 2434 1255 2477 sue

66 2526 225 2604 mysterium
262 2531 296 2588 et
339 2526 385 2588 sui
427 2523 559 2608 preciosi
602 2523 758 2606 sanguinis
801 2524 1008 2608 aspersionem
1053 2522 1253 2596 obtestantes,

66 2639 198 2713 quatenus
215 2634 349 2718 predicti
374 2633 466 2698 castri
490 2653 612 2698 eausam
634 2633 792 2717 tranquilla
816 2638 916 2698 mente
940 2633 1113 2696 discuciens
1137 2638 1169 2697 et
1190 2639 1255 2698 tea

65 2761 126 2823 rege
141 2744 180 2831 b)
195 2765 307 2826 regum
323 2743 426 2808 datum
441 2763 547 2825 regem
558 2747 590 2806 in
602 2742 743 2824 gentibus
759 2743 912 2812 humiliter
923 2763 1161 2826 recognoscens,
1178 2742 1255 2829 tec)

66 2847 149 2932 ipsum
171 2859 202 2916 et
218 2859 290 2918 tuos
308 2874 369 2916 non
385 2858 580 2937 peecatorum
598 2839 832 2916 necessitatibus¹
854 2853 1009 2936 implices,
1033 2852 1087 2915 scd
1110 2872 1201 2935 regas
1225 2860 1256 2916 et

15 3043 16 3048 ἵ
66 2957 164 3043 dirigas
180 2963 219 3026 ad
237 2963 378 3026 salutem.
411 2963 457 3026 Tu
481 2982 618 3047 quoque,
641 2961 698 3024 nisi
721 2967 805 3024 recte
827 2963 870 3025 tui
894 2962 984 3026 animi
1001 2968 1112 3026 motum
1128 2961 1254 3034 rexeris,

15 3093 16 3156 j
65 3087 113 3132 nou
138 3075 222 3136 recte
251 3070 310 3136 tini
337 3091 464 3154 regnum
492 3073 556 3135 sive
585 3092 694 3136 nomen
721 3071 839 3154 regium
866 3078 897 3135 et
919 3072 1044 3155 tytulum
1068 3070 1252 3135 vendicabis.

66 3175 163 3244 lanam
174 3180 266 3245 huius
284 3180 386 3244 mundi
402 3181 528 3264 gloriam
545 3181 639 3244 instar
654 3182 758 3265 puncti
772 3201 839 3244 eum
855 3187 905 3244 tuo
922 3182 963 3268 d)
980 3186 1098 3245 tuorum
1120 3179 1254 3265 periculo

65 3288 218 3367 predictum
241 3289 370 3373 amplius
394 3292 424 3352 in
453 3290 638 3354 comocionis
669 3289 776 3373 spiritu
798 3290 957 3373 negocium
979 3290 1190 3375 prosequendo
1208 3328 1252 3339 —

66 3397 137 3461 euius
153 3405 254 3464 tamen
272 3400 403 3463 fructum
419 3400 578 3484 aliquando
596 3400 702 3484 nequis
719 3401 902 3483 assequi-
919 3421 978 3464 non
994 3399 1131 3484 sequaris
1148 3404 1186 3486 e]
1199 3399 1253 3462 sed

65 3511 156 3586 pocius
172 3511 343 3574 animarum
362 3509 475 3582 exicio,
503 3529 662 3592 corporum
679 3515 799 3590 strages
823 3529 880 3572 nec
896 3529 955 3572 non
971 3529 1072 3574 rerum
1088 3506 1257 3589 dispendia,

16 3661 17 3680 2
67 3632 114 3698 quc
128 3618 373 3701 persecutionem
389 3618 562 3684 huiusmodi
584 3617 788 3682 verisimiliter
810 3617 1052 3702 subsequuntur,
1077 3637 1201 3702 quorum
1224 3623 1256 3682 tu

66 3731 158 3791 auctor
184 3734 216 3792 et
244 3733 333 3792 actor
352 3729 523 3813 precipuus
553 3727 743 3801 recenseris,
771 3728 802 3790 in
824 3726 901 3791 libra
925 3735 1031 3792 exacte
1060 3726 1257 3791 discussionis

68 3837 229 3918 appendens
247 3844 459 3902 momentanee
476 3836 692 3902 delectacionis
710 3836 890 3919 ambiguum.
920 3836 1098 3924 Propterf]
1113 3837 1145 3900 id
1161 3837 1257 3920 ipsum

67 3947 227 4012 certitudini
244 3952 351 4011 eterne
367 3967 430 4012 non
441 3966 592 4030 preponas
610 3947 727 4020 salutis,
744 3946 800 4009 sed
812 3945 867 4009 suh
881 3947 997 4030 potenti
1010 3966 1099 4010 manu
1112 3944 1257 4009 creatoris

67 4052 103 4117 tui
126 4075 161 4120 ac
191 4058 258 4122 cius
288 4056 393 4121 vicarii
420 4056 593 4140 potentatu's
621 4056 665 4121 tui
692 4055 773 4119 vires
800 4055 959 4120 humilians
988 4076 1025 4120 ac
1041 4054 1173 4129 iusticie,
1197 4075 1256 4139 que

69 4180 180 4242 parvum
210 4187 248 4232 ac
282 4186 424 4251 magnum
456 4166 589 4240 iudicat,
621 4164 851 4250 magnificencie
882 4170 933 4231 tue
962 4165 1038 4230 colla
1069 4164 1259 4244 submittens,

68 4269 158 4339 humili
181 4278 280 4342 auimo
305 4276 343 4342 ab
368 4277 479 4344 eadem,
497 4275 716 4359 persecucionc
741 4275 883 4348 desistas,
901 4274 1079 4341 omnimodis
1104 4280 1135 4338 et
1155 4274 1258 4344 multi-

69 4381 174 4464 plicatis
196 4387 235 4452 ab
261 4387 331 4453 olim
355 4384 519 4451 salutiferis
542 4383 798 4470 persuasionibus
822 4385 1012 4469 acquiescas.

149 4514 180 4584 c)
202 4514 370 4571 restitiouem
391 4515 421 4569 V.
445 4545 479 4556 -
502 4515 534 4584 b)
563 4517 593 4567 et
616 4518 644 4569 to
663 4529 754 4585 regom
777 4513 805 4567 V.
832 4541 868 4552 -
893 4513 925 4582 e)
941 4518 971 4568 et
996 4513 1026 4570 V.
1057 4541 1091 4554 -
1114 4513 1149 4582 (ἢ
1174 4517 1203 4568 et
1224 4527 1255 4565 ιι

72 4610 187 4673 eumaeo
201 4638 231 4649 -
247 4607 414 4680 adsequeris
426 4625 459 4662 au
472 4607 553 4661 lesco.
573 4635 600 4644 -
613 4605 646 4678 f)
659 4605 809 4676 Propterea
823 4621 855 4659 ιιι
868 4603 950 4658 loson.
