3116 5124
1195 268 1246 338 89

20 431 22 464 ¹
61 446 194 510 auxilium
224 446 273 510 sic
300 445 426 528 procide
451 445 542 526 dirigi
571 451 601 508 et
627 450 688 507 tem
716 444 842 516 sollicite
869 443 1039 516 confoveri,
1066 449 1100 508 ut
1118 442 1247 506 alicuius

62 560 190 638 pretextu
219 554 390 636 calumpnie
413 554 524 618 nullum
545 554 661 618 interne
683 553 768 635 pacis
784 551 949 624 excidium,
976 552 1088 617 nullum
1113 550 1248 633 religiosi

60 670 148 727 statam
164 663 559 746 proterantdetrimentuar,
576 662 631 725 sed
646 662 677 724 in
692 661 751 724 biis
767 662 860 726 robur
876 661 1055 744 strigorem
1071 659 1248 741 suscipiant,

61 793 109 854 por
129 791 190 854 que
219 770 304 834 cirea
333 771 442 836 cultrum
477 771 569 834 diuini
595 770 724 838 nominis
754 770 869 838 deuob's
904 777 935 834 et
962 769 1070 854 quietis
1098 768 1247 832 mentibus

20 867 22 954 ξ
63 880 253 947 invalescant
937 926 941 931 ,
1313 946 1316 950 ,

20 955 22 1082 l
140 987 222 1052 item
238 987 290 1072 a).
323 988 379 1054 Dei
400 986 493 1060 lilius,
521 989 572 1072 qui
594 1011 648 1073 pro
671 988 813 1052 salvando
835 987 964 1050 humano
986 1006 1100 1068 genere
1127 987 1165 1050 dc
1188 986 1247 1049 alto

20 1089 22 1208 l
59 1095 182 1165 ωῑοιηιω
197 1096 240 1161 ad
257 1117 326 1180 yma
341 1097 512 1170 descendit,
529 1103 561 1161 nt
574 1118 630 1162 suo
642 1085 794 1161 descensu
810 1094 923 1160 bomini
935 1094 974 1158 cd
984 1114 1116 1176 superna
1127 1100 1249 1176 pararet

20 1215 22 1284 ξ
60 1223 231 1277 ascensum,
271 1205 359 1274 cuias
389 1206 496 1274 ricerii
531 1206 606 1272 licet
644 1205 775 1272 inmeriti
812 1205 976 1280 consutus,
999 1203 1086 1268 saluti
1118 1203 1247 1268 emnium

59 1311 209 1394 vigilanter
220 1313 393 1387 intendere,
403 1315 543 1399 beneque
557 1316 628 1380 totis
641 1316 782 1398 amplecti
795 1313 1248 1396 desideriisomniquetenemur
1257 1329 1300 1368 sor.
1310 1329 1333 1367 rr
1344 1327 1364 1367 r.
1399 1314 1401 1319 ’

59 1420 213 1502 diligencie
228 1423 332 1486 studio
349 1443 522 1506 procurare.
556 1425 642 1488 Unde
658 1424 742 1506 iden
757 1423 851 1488 oflicii
872 1423 967 1490 nostri
986 1421 1090 1484 debito
1105 1421 1248 1486 ardenter

20 1537 22 1612 i
61 1530 218 1612 appetimus
237 1537 269 1595 et
286 1532 324 1594 ad
341 1532 372 1595 id
388 1533 468 1596 iuxta
485 1539 618 1596 nostram
634 1531 884 1616 insufficientiam
900 1551 987 1612 opem
1010 1535 1040 1594 et
1054 1549 1178 1612 operam
1192 1530 1248 1594 ad-

20 1615 22 1720 :
61 1637 198 1715 libemus,
212 1645 250 1708 ut
268 1640 379 1728 singuli
394 1641 547 1710 eei-Deum
570 1641 681 1710 erectis
705 1641 799 1708 oculis
821 1639 1041 1727 affectibusque
1064 1638 1188 1706 directis
1209 1638 1247 1701 ad

20 1721 22 1830 l
62 1747 145 1828 ipsum
173 1747 234 1810 sibi
258 1749 369 1830 placita
393 1755 552 1832 operantes
576 1750 649 1818 tetis
670 1751 709 1818 ad
731 1770 799 1814 eum
821 1748 878 1813 sub
906 1748 1096 1810 consciencie
1124 1747 1248 1811 tendant

20 1835 22 1936 i
63 1857 215 1936 gressibus,
236 1859 429 1926 secumsiue
446 1857 550 1943 linet)
567 1859 676 1938 victuri
692 1858 839 1930 feliciter,
868 1857 919 1942 qui
936 1858 972 1923 ad
990 1878 1056 1929 nos,
1078 1878 1116 1922 ne
1133 1855 1246 1940 absque

20 1973 22 2050 t
64 1965 173 2034 termine
191 1987 391 2038 moreremur,
408 1967 648 2034 misericorditer
663 1969 859 2050 cognoscitur
873 1967 1055 2034 accessisse.
1138 1981 1141 1986 “

297 2170 339 2232 lle
355 2172 529 2250 pdeueltete
546 2171 795 2234 instituendorum
812 2170 1004 2253 prelatorum.

414 2281 420 2292 ‘
534 2293 660 2338 sentinoso
673 2293 747 2356 rue).

143 2411 261 2480 Exelto
280 2412 470 2496 prospiciens
485 2414 690 2494 miserateret
702 2415 874 2482 misericors
890 2414 1033 2478 Dominus
1051 2413 1092 2476 ita
1113 2411 1245 2493 prelatos
1283 2459 1285 2464 ,

60 2524 84 2586 cl
102 2521 266 2590 animarum
282 2528 418 2590 rectores
447 2543 501 2590 seu
523 2529 662 2606 pastores
687 2523 858 2606 preminere
881 2523 973 2589 uoluit
996 2522 1026 2588 in
1048 2521 1138 2588 terris
1157 2539 1193 2586 ac
1215 2519 1246 2582 in

61 2626 131 2691 illlis
147 2630 191 2701 sis
203 2652 222 2694 a
235 2631 303 2700 Deo
320 2631 436 2699 collatis
453 2631 601 2713 proficere
618 2633 711 2700 verbo
728 2633 844 2716 pariter
860 2638 890 2696 et
911 2631 1057 2714 exemplo,
1074 2636 1107 2693 ut
1121 2623 1246 2711 provide

60 2733 174 2815 ipsorum
191 2739 429 2822 dispensacione
446 2739 533 2822 plebs
550 2739 595 2808 eis
613 2743 773 2808 commisse
790 2747 908 2822 sumpto
930 2739 1038 2822 pabulo
1055 2737 1190 2806 caritatis
1203 2741 1245 2799 et

21 2831 22 2908 J
61 2847 258 2932 temporalibus
274 2849 426 2916 frueretur
441 2847 584 2916 subsidiis
601 2854 632 2912 et
648 2849 754 2918 exinde
770 2855 858 2916 aucta
869 2838 1080 2930 *spritualibus
1092 2845 1244 2916 ¹alimentis

20 2939 23 2984 ³
63 2950 92 3017 dc
105 2954 211 3024 rirmte
225 2955 392 3038 proficeret
407 2957 438 3024 iu
454 2957 603 3024 virtutem.

136 3064 213 3134 lem
225 3066 274 3132 ud
282 3065 377 3135 icem.
394 3065 453 3132 Dei
465 3071 497 3128 et
512 3065 664 3134 bominum
680 3065 978 3132 mediatorDeminns
990 3065 1081 3130 lesus
1094 3062 1243 3133 Christus,

63 3169 102 3248 oui
129 3191 196 3240 eum
229 3179 313 3242 esset
345 3173 375 3242 in
406 3172 496 3242 terris
528 3193 583 3260 pro
615 3175 712 3242 salute
743 3174 864 3240 humani
896 3175 1018 3255 generis
1050 3172 1260 3244 constitutus,

63 3277 211 3348 numeris
233 3281 467 3350 miserationum
489 3283 633 3366 operibus
653 3285 831 3366 populorum
852 3283 1070 3373 multitudinem
1096 3281 1244 3348 multifor-

63 3386 135 3455 miter
154 3392 322 3464 recreavit,
350 3392 388 3457 de
409 3391 552 3460 ineffabili
574 3392 690 3474 pietate
711 3394 856 3476 providit,
885 3399 917 3459 ut
937 3392 1094 3475 queniam,
1117 3392 1183 3474 ipso
1206 3390 1244 3456 ad

64 3499 142 3574 patris
168 3500 296 3593 gloriam
323 3502 485 3573 redeunte,
513 3502 704 3570 tenebrarum
731 3503 872 3587 princeps
899 3503 1007 3572 multos
1030 3507 1096 3567 erat
1122 3505 1243 3566 renatos

66 3603 133 3669 lente
147 3607 337 3691 baptismatis
353 3599 588 3693 temptacionum
603 3612 720 3694 laqueis
738 3612 927 3687 turbaturus,
954 3611 1099 3678 vicarium
1115 3610 1242 3675 interra

65 3713 232 3798 relinqueret
249 3727 280 3784 et
296 3720 439 3801 singulari
455 3725 608 3802 potestate
625 3721 776 3803 preditum
793 3727 823 3788 ct
838 3722 1039 3789 remediorum
1055 3718 1242 3788 multitudine

66 3825 269 3900 preminenoius
291 3826 482 3909 insignitum,
512 3827 597 3894 cuius
610 3830 821 3898 sellioiudine
843 3829 980 3912 diligenti
1001 3849 1058 3912 pax
1080 3827 1145 3896 orbi
1161 3833 1242 3894 terre

65 3928 147 4010 tat,
161 3942 192 4004 et
207 3938 245 4001 ad
262 3937 397 4006 colorum
409 3937 604 4020 perveniendi
616 3939 743 4022 patriam
756 3940 844 4022 plena
859 3939 1044 4022 possibilitas
1060 3938 1240 4020 proveniret.
1261 4023 1268 4036 .

67 4038 140 4110 duno
154 4046 316 4114 nereidem
329 4047 438 4114 sedens
456 4047 494 4112 ad
510 4038 663 4114 dexteram
680 4048 857 4120 maiestatis,
875 4049 925 4114 dat
941 4068 995 4130 per
1008 4067 1060 4114 cos
1074 4050 1124 4134 qui
1136 4047 1241 4134 dispo-

67 4146 164 4220 sicione
180 4154 278 4224 divina
293 4155 332 4222 ad
348 4176 460 4238 sponse
476 4158 669 4238 precellentis
691 4165 761 4226 sunt
781 4159 958 4242 obsequium
975 4165 1078 4224 sancte
1095 4159 1136 4243 d)
1153 4159 1241 4224 vide-

20 4281 22 4422 Ι
68 4244 127 4323 licet
141 4265 239 4331 matris
256 4266 386 4334 ecclesie
412 4266 563 4350 deputati,
587 4273 618 4334 ut
640 4268 783 4336 doctrinis
807 4270 947 4337 virtutum
964 4269 1081 4334 cunctis
1098 4269 1242 4334 reddatur

20 4427 22 4456 r
154 4390 186 4457 o)
202 4391 234 4445 sd
251 4393 320 4447 idem
333 4395 360 4448 Z.
374 4424 407 4436 -
427 4395 457 4463 d)
473 4393 524 4449 lice
537 4413 578 4450 am
591 4396 680 4452 Raude
694 4397 722 4452 V·
741 4425 776 4440 v*
796 4398 828 4466 c)
840 4394 905 4450 bist
920 4395 954 4450 lll
968 4394 1034 4450 leblt
1048 4397 1074 4450 Z.
1090 4397 1143 4454 und
1157 4396 1185 4450 V.
1202 4425 1234 4436 -—

20 4469 22 4590 ἑ
72 4472 100 4539 d)
115 4473 183 4533 beate
195 4479 220 4537 Ζ.
1093 4527 1094 4530 ,
