3100 5116
1139 339 1218 412 357

27 511 98 574 llinc
127 517 190 583 est,
225 514 306 595 quod
334 532 402 577 cum
430 513 462 578 in
491 531 633 597 suprema
662 513 815 596 dignitatis
845 514 968 596 specula
1000 515 1092 578 simus
1109 514 1221 576 adhoc

26 620 129 702 positi,
152 620 234 704 quod
257 621 397 684 universa
419 641 508 685 sacro
531 623 663 685 Romano
687 621 812 704 imperio
838 625 868 684 et
891 622 929 684 ad
957 643 1011 685 nos
1033 643 1089 706 per
1112 622 1223 686 devota

25 726 149 791 seruicia
161 727 252 791 iidem
265 729 419 810 gerencia,
436 729 527 793 claris
544 729 700 794 obtutibus
718 734 748 792 et
765 731 901 813 synceris
915 728 1073 793 affectibus
1090 733 1224 793 nostram

26 836 217 900 serenitatem
247 837 355 899 deceat
390 838 602 920 contemplari:
639 838 796 901 universos
828 859 882 902 vos
915 843 945 902 et
976 838 1110 919 singulos
1144 836 1223 900 omni

25 943 230 1026 benignitate,
260 963 318 1026 quc
354 945 550 1010 serenitatem
580 945 669 1009 decet
700 945 834 1028 regiam,
867 946 1094 1030 complectimur
1126 947 1224 1009 animo

25 1051 181 1132 graciose,
210 1050 373 1114 credentes
401 1056 432 1115 et
453 1052 568 1136 absque
592 1053 689 1116 omnis
714 1052 919 1135 ambiguitatis
949 1054 1089 1136 scrupulo
1116 1072 1226 1138 presu-

24 1165 154 1230 mentes,
187 1159 270 1244 quod
298 1157 425 1222 affectus
453 1165 577 1232 noster,
606 1179 696 1244 quem
724 1182 761 1223 ex
787 1161 989 1241 impendenda
1015 1161 1101 1224 vobis
1124 1164 1226 1224 nostre

25 1266 198 1330 serenitatis
222 1267 327 1348 gracia
349 1267 488 1349 poteritis
517 1268 664 1350 experiri,
692 1289 749 1351 per
776 1268 917 1350 devotum
945 1274 1045 1332 vestre
1071 1266 1227 1332 fidelitatis

28 1375 208 1458 obsequium
225 1380 401 1458 oportunam
415 1377 477 1440 suis
490 1375 606 1439 vicibus
618 1396 739 1460 pervus
753 1378 891 1458 recipere
904 1376 1015 1440 debeat
1028 1375 1228 1442 omnimodam

28 1503 269 1568 recompensam.

119 1610 240 1664 Gerbert
259 1611 278 1664 l.
297 1627 321 1661 c.
342 1616 410 1664 selat
428 1609 521 1664 diesen
534 1611 610 1664 Brief
620 1611 644 1664 in
659 1610 702 1664 die
716 1615 786 1664 erste
800 1612 857 1664 Zeit
871 1612 918 1666 der
932 1611 1083 1680 Regierung
1098 1609 1228 1673 liudolfo,

30 1701 113 1754 indcrn
129 1715 160 1753 er
174 1718 226 1754 aus
240 1699 292 1762 den
305 1701 525 1771 Anlcngsworten
540 1701 678 1754 desselben
691 1700 827 1763 scbliesst,
840 1716 869 1754 er
881 1702 967 1754 kdnne
982 1702 1054 1754 nieht
1068 1701 1146 1770 lange
1159 1701 1229 1754 nach

29 1792 114 1846 aeinrr
132 1790 215 1845 Wabl
243 1791 419 1860 gescbrieben
441 1791 506 1845 scin.
533 1791 626 1844 Dieses
649 1790 797 1858 Argument
820 1791 854 1843 ist
876 1790 950 1845 nicht
969 1792 1133 1862 sticlbultig,
1161 1789 1229 1844 denn

30 1881 95 1934 aucb
109 1881 135 1934 in
149 1884 281 1951 apateren
291 1879 391 1940 Zeiten,
403 1898 425 1932 a.
437 1881 465 1933 B.
476 1879 501 1933 in
517 1880 591 1935 einer
604 1897 635 1933 au
646 1881 738 1933 Erfurt
750 1897 790 1932 arn
803 1881 848 1933 25.
858 1881 977 1934 Februar
990 1875 1061 1933 1290
1075 1881 1229 1952 gegebenen

30 1971 154 2026 Urlrrrnde
176 1971 222 2024 tur
240 1969 416 2026 Walkenried
436 1971 519 2026 findet
537 1971 595 2026 sich
616 1971 658 2024 ein
678 1970 737 2025 dem
756 1971 883 2039 unsrigen
902 1970 1132 2040 gleicblautendes
1146 1972 1230 2025 linor-

31 2063 104 2116 dium.
130 2063 229 2129 Vergl.
248 2060 348 2116 Urkdb.
368 2061 417 2114 des
435 2061 498 2114 hist.
520 2059 629 2114 Vereins
648 2061 691 2115 fuir
709 2060 921 2116 Niedersncbsen
940 2060 1002 2114 Heft
1021 2060 1059 2119 11,
1080 2061 1142 2114 334.
1162 2061 1230 2129 Reg.

31 2153 94 2207 liud.
107 2169 152 2207 ao.
171 2148 253 2204 1016.

609 2337 645 2409 8.

396 2481 563 2563 luperator
580 2481 692 2545 civitati
709 2480 803 2542 alloni
818 2485 876 2544 etc.

2 2592 3 2595 Ἴ
34 2615 83 2670 cin
99 2613 204 2668 Kcicer
223 2609 290 2664 oder
309 2606 394 2677 Kdniq
416 2605 498 2660 dclobt
515 2605 574 2660 eine
595 2605 674 2660 stadt
694 2604 750 2658 und
763 2603 835 2658 tieret
846 2621 889 2657 um
899 2602 1072 2674 freondlicbc
1084 2602 1235 2676 dufnabtnc

543 2695 631 2750 arinca
643 2698 735 2750 Boten.
757 2718 759 2723 ·

120 2846 273 2904 Bcdmann‚
285 2860 312 2914 p.
325 2841 387 2896 203.

122 2991 216 3056 Avite
232 2985 488 3070 magnanimitatis
505 2986 536 3047 in
551 3003 616 3057 vos,
632 2983 723 3046 velud
739 2983 769 3045 in
780 2983 855 3046 tilios
869 2981 997 3046 liliorum
1009 2983 1236 3066 propagacionc

34 3101 180 3167 laudabili
203 3097 338 3170 derivata
361 3093 562 3166 strennuitas,
591 3097 621 3156 et
641 3091 768 3175 probate
784 3091 854 3155 fidei
876 3091 1008 3174 puritas,
1037 3111 1096 3175 qua
1119 3113 1239 3176 semper

36 3232 107 3294 erga
134 3212 307 3274 Romanum
338 3205 512 3289 imperium,
552 3203 642 3266 claris
675 3202 857 3265 continuatis
890 3199 1048 3284 operibus,
1079 3202 1238 3285 splendide

37 3318 193 3384 claruistis
211 3316 242 3378 in
257 3314 343 3396 regie
365 3312 533 3375 maiestatis
550 3310 741 3393 aspectibus,
771 3309 840 3372 altis
862 3330 914 3373 vos
938 3311 1071 3373 extulere
1087 3310 1238 3393 preconiis

36 3434 64 3492 et
75 3427 196 3491 intimis
217 3421 443 3509 preeordiorum
459 3426 632 3484 nostrorum
645 3419 868 3483 memorialibus
881 3418 1009 3482 fideliter
1021 3419 1238 3503 ascripserunt,

36 3539 74 3601 ita
92 3535 180 3621 quod
198 3534 238 3597 ad
255 3530 459 3614 generalitatis
476 3534 507 3592 et
523 3530 719 3613 specialitatis
742 3534 842 3592 vestre
868 3529 1033 3612 profectus,
1058 3529 1239 3591 continuatis

36 3647 198 3732 augendos
220 3641 378 3724 auspiciis,
401 3638 563 3722 plurimum
584 3659 639 3702 nos
669 3639 800 3702 delectat
822 3656 995 3718 assurgere,
1018 3656 1054 3700 ac
1075 3635 1240 3700 honoribus

36 3763 137 3820 vestre
173 3750 306 3817 civitatis
338 3747 464 3811 ubilibet
493 3747 691 3828 ampliandum
719 3746 876 3810 intendere
903 3744 996 3808 libeat
1023 3765 1091 3808 cum
1119 3744 1361 3808 effectur-nean.

37 3868 110 3932 Cum
126 3866 227 3948 igitur
242 3859 420 3924 familiarem
449 3861 480 3919 et
502 3854 622 3918 fidelem
643 3861 779 3919 nostrum
795 3855 832 3918 N.
856 3873 911 3938 pro
934 3852 1112 3937 quibusdam
1129 3853 1241 3918 nostris

39 3975 180 4061 negociis
211 3969 250 4035 ad
281 3973 412 4032 vestram
443 3965 634 4048 presenciam
666 3965 867 4036 destinemus,
906 3963 1108 4027 universitatis
1141 3968 1243 4026 vestre

38 4082 240 4168 prudenciam
258 4078 466 4159 deprecamur,
485 4079 632 4156 quatenus
649 4073 788 4143 cundem,
804 4092 858 4154 pro
876 4077 978 4135 nostra
1001 4071 1187 4144 reverencia,
1212 4071 1244 4134 in
1351 4160 1353 4163 .

40 4195 153 4259 nestris
173 4187 302 4272 agendis
317 4185 417 4248 velitis
433 4181 549 4246 habere
565 4180 724 4264 benignius
741 4181 978 4245 recommissum.
