3116 5124
1112 389 1187 463 133

28 573 126 618 eramus
152 556 181 620 in
201 557 343 633 Domino,
372 560 427 623 sub
449 563 647 627 attestacione
674 582 727 626 vos
758 561 849 624 divini
875 559 978 625 indicii
1006 562 1189 635 adiurantes,

28 671 153 746 quatenns
169 666 251 730 vobis
269 672 301 732 et
322 670 492 733 commissis
515 670 600 735 vobis
627 669 771 754 gregibus
795 669 919 752 singulis
943 669 1069 734 sollicite
1091 677 1191 736 atten-

29 773 130 849 dentes,
158 776 354 860 exstirpandis
376 779 462 843 viciis
486 787 517 845 et
537 780 706 864 plantandis
722 779 881 844 virtutibus
899 778 1075 862 diligencius
1092 781 1191 845 inten-

29 885 106 958 datis,
132 894 161 952 et
186 889 358 973 specialiter
385 890 605 955 incontineneie
633 892 759 963 vicium,
788 891 868 975 quod
895 891 1058 955 enormiter
1080 891 1191 955 Christi

30 1013 120 1076 sponse
135 997 262 1081 derogat
275 999 437 1073 honestati,
454 1001 600 1066 studeatis
616 1001 713 1066 modis
731 999 867 1065 omnibus
883 999 991 1084 quibus
1007 1000 1144 1084 poteritis
1161 1000 1192 1064 in

31 1103 135 1170 adoriens
161 1107 321 1182 cohibere,
348 1109 431 1192 ipsos
459 1131 537 1174 nunc
565 1110 700 1183 monitis,
729 1131 807 1173 nune
824 1098 1090 1182 nominationibus,
1113 1131 1192 1174 nune

32 1213 101 1277 etiam
120 1205 331 1281 beneficiorum
354 1218 608 1283 subtractionibus
632 1203 870 1302 compescendo,
898 1219 1004 1302 utqui
1025 1240 1103 1282 nunc
1124 1225 1193 1282 sunt

31 1323 108 1387 uultis
132 1325 161 1388 in
189 1328 363 1391 scandalum
392 1335 422 1393 et
450 1329 603 1393 horrorem
625 1329 663 1392 ad
686 1330 804 1412 frugem
825 1330 885 1392 vite
913 1330 1045 1392 melioris
1066 1327 1193 1392 Domino

31 1442 181 1499 remeantes
198 1438 338 1501 conversi
355 1437 414 1503 siut
429 1439 634 1521 penitentibus
650 1439 689 1503 ad
706 1439 867 1522 exemplar,
883 1439 1067 1522 vosqncDeo
1080 1437 1194 1502 animas

32 1542 227 1610 lucrifacientes
236 1567 351 1621 eorum,
363 1549 606 1632 apudDominum
621 1549 751 1613 omnium
763 1550 936 1613 meritorum
948 1547 1032 1612 vobis
1047 1548 1194 1612 cumulum

35 1655 142 1736 augeatis
159 1663 189 1720 et
205 1677 260 1720 nos
285 1657 443 1740 diligencie
466 1664 566 1722 vestre
588 1658 718 1722 studium
742 1658 841 1742 dignis
864 1677 1008 1740 cogamur
1023 1656 1053 1720 in
1068 1658 1194 1721 Domino

36 1759 142 1828 laudibus
150 1767 371 1831 commendare.
381 1768 493 1833 Sivcro
501 1789 553 1833 vos
562 1767 769 1832 inbuiusmodi
783 1766 982 1831 invenerimus
995 1768 1195 1850 negligentes,

40 1873 221 1955 negligentiam
237 1880 370 1940 vestram
387 1876 551 1961 inpunitam
568 1865 724 1960 negligere
741 1897 800 1941 non
815 1896 988 1960 possemus,
1011 1898 1048 1940 ne
1064 1882 1196 1940 vestrum

43 1979 95 2045 forte
106 1983 323 2049 dissimulantes
339 1989 520 2069 neglectum,
536 1987 694 2052 aDomino
717 1985 832 2069 negligi
853 2006 1052 2059 mereremur,
1074 1987 1198 2069 insuper

42 2095 63 2151 nt
73 2095 233 2176 propensius
251 2097 426 2161 desiderare
444 2117 673 2180 cognoscamur,
690 2097 818 2182 qualiter
834 2096 887 2169 hii,
904 2096 955 2180 qni
971 2102 1041 2160 sunt
1056 2095 1198 2159 videlieet

40 2203 218 2278 vasabnmini,
236 2206 360 2271 caucius
377 2208 584 2281 emundentur,
601 2228 668 2271 enm
684 2228 739 2290 per
753 2206 967 2271 fornicacionis
984 2205 1156 2288 contagium
1168 2205 1199 2268 in

38 2309 97 2374 clero
108 2312 244 2379 honestas
262 2317 392 2379 ecclesie
409 2317 530 2380 nimium
546 2317 726 2401 inquinetur.
742 2315 816 2398 Quia
832 2322 932 2379 tamen
948 2317 978 2378 in
994 2313 1198 2378 fornicacione

42 2416 169 2488 iacentium
186 2425 365 2490 elericorum
382 2432 452 2490 sunt
468 2426 575 2510 aliqui,
598 2426 665 2510 qui,
688 2433 827 2510 tanquam
843 2426 974 2489 iumenta
989 2429 1199 2508 putrescentes

43 2524 62 2589 lu
73 2535 190 2597 stercore
207 2555 276 2608 suo,
300 2536 521 2599 correctionem
538 2535 615 2600 nullo
638 2535 727 2600 modo
743 2534 908 2618 recipiant,
936 2534 1083 2617 eligentes
1099 2531 1199 2615 perire

39 2639 118 2716 pocius
132 2662 218 2726 qnam
233 2666 361 2728 parere,
389 2665 514 2729 quorum
531 2645 667 2729 quidam,
697 2651 729 2709 ut
743 2643 802 2709 hoe
820 2644 980 2728 effugiant,
1007 2644 1201 2725 interponunt

42 2746 169 2816 adsedem
185 2754 382 2836 apostolicam
404 2754 559 2818 articulum
582 2753 804 2837 appellationis,
832 2753 923 2838 aliqui
939 2773 1010 2818 vcro
1025 2752 1128 2816 literas
1145 2750 1201 2815 ob-

41 2850 111 2924 tinent
124 2864 159 2929 ab
174 2864 299 2937 eadem,
326 2885 381 2948 per
403 2885 548 2949 quassos
565 2885 582 2928 a
599 2864 705 2950 quibus
729 2866 936 2949 corriguntur,
965 2865 1002 2929 de
1018 2863 1106 2929 buius
1123 2864 1200 2928 vicio

42 2963 145 3035 indebite
165 2974 350 3058 inquietant:
379 2995 450 3046 nos,
479 2996 515 3038 ne
538 2976 613 3039 tales
631 2975 849 3040 correctionem
876 2974 1051 3039 canonicam
1077 2973 1201 3038 illudere

43 3076 132 3143 valeant
150 3083 195 3146 vel
217 3103 273 3147 vos
296 3084 457 3148 occasione
479 3083 536 3147 bae
559 3086 659 3148 vexari
681 3085 821 3167 possitis,
853 3084 1012 3166 providere
1041 3104 1077 3147 ex
1104 3083 1201 3148 animo

46 3190 201 3270 ungentes,
230 3211 299 3256 cum
322 3193 359 3256 ad
382 3193 587 3295 predictorum
604 3193 810 3259 defensionem
826 3192 904 3258 trahi
921 3215 981 3259 non
997 3193 1108 3257 debeat
1123 3191 1203 3277 qued

48 3290 71 3355 ad
81 3297 276 3366 innocencium
299 3307 331 3365 et
354 3322 565 3386 oppressorum
585 3303 749 3386 presidium
766 3309 814 3367 est
829 3308 988 3376 statutum,
1017 3322 1073 3367 nec
1096 3302 1204 3365 deceat
1300 3383 1311 3408 .

46 3401 93 3469 inde
107 3409 220 3475 defendi
242 3411 366 3475 erimina
388 3412 467 3475 unde
491 3419 719 3477 consueverunt
740 3413 913 3496 gravamina
931 3411 1075 3476 relevari:
1098 3417 1320 3496 aucto-,m

47 3510 111 3580 ritate
124 3519 204 3584 vobis
232 3521 425 3604 presencium
442 3520 647 3602 indulgemus,
675 3529 707 3586 ut
733 3542 788 3605 per
815 3524 890 3586 tales
918 3521 1020 3586 literas
1049 3520 1203 3587 conveniri

46 3621 139 3690 uinirne
153 3630 276 3695 valeatis
297 3631 334 3718 ¹).

113 3735 154 3790 leb
169 3739 318 3804 vermutbe,
340 3739 404 3794 dass
423 3738 511 3794 dieser
522 3739 603 3801 Brief,
622 3739 709 3810 gleieb
729 3739 788 3796 dem
808 3739 962 3810 folgenden,
981 3757 1031 3794 von
1043 3741 1149 3812 (fragor
1162 3739 1206 3798 lx.

54 3818 167 3893 tmunrr,
192 3830 238 3885 der
260 3831 445 3886 unaufbbrlicb
459 3833 568 3888 bemnibt
588 3848 650 3894 wer,
673 3831 732 3886 dem
748 3831 849 3886 Vcrfall
873 3829 921 3885 dar
939 3829 1026 3886 Sitten
1049 3835 1127 3886 noter
1150 3830 1201 3885 deu

58 3916 186 3976 eistliebeu
206 3925 336 3994 entgegen
359 3941 391 3977 zu
415 3924 521 3978 wirlren.
548 3923 636 3996 Vergl.
649 3921 767 3993 llaynald
783 3921 862 3984 1230,
875 3940 918 3975 no.
932 3921 967 3976 19
979 3920 1034 3976 und
1046 3920 1096 3985 20;
1123 3920 1204 3987 1231,

68 4030 80 4059 ι
89 4009 118 4064 23
130 4013 168 4077 lf.;
181 4013 260 4078 1238,
274 4033 298 4069 n.
312 4015 357 4068 41.

53 4121 341 4145 ''S——

70 4185 87 4246 ¹)
101 4193 168 4242 Seiron
182 4199 295 4244 Innocens
313 4199 349 4244 111.
367 4200 446 4252 hatte,
464 4212 501 4244 um
514 4199 565 4244 dem
577 4197 747 4253 missnensem,
765 4198 807 4244 der
819 4198 859 4243 mit
870 4198 914 4243 den
926 4198 1105 4259 Appellationen
1123 4209 1150 4241 an
1168 4196 1206 4242 die

102 4275 171 4334 Curic,
186 4281 289 4338 urslebe,
312 4283 341 4328 ds
357 4294 409 4328 man
426 4281 495 4327 ibren
512 4281 568 4326 dort
590 4281 659 4326 meiat
676 4282 758 4326 immer
775 4281 859 4340 Erfolg
876 4281 1021 4328 verrebad'en
1038 4281 1141 4334 konnte,
1168 4278 1207 4324 die

100 4357 243 4424 follzlebnug
267 4367 309 4412 der
332 4367 432 4412 Gaetne
449 4365 583 4424 unmdglicb
607 4366 727 4419 maehum,
762 4365 885 4424 gelrieben
910 4366 1006 4416 wurde,
1033 4367 1150 4425 entgegcu
1177 4375 1208 4406 nu

99 4442 180 4499 treton,
202 4450 338 4504 verordnet,
356 4450 409 4495 dass
425 4449 464 4494 die
481 4448 590 4494 Bisebdfe
607 4449 765 4494 correctionis
782 4451 807 4494 et
824 4449 1000 4495 reformationis
1017 4445 1120 4492 efficium
1132 4443 1207 4489 libere

102 4524 182 4571 valeant
200 4542 311 4577 exercere
328 4562 374 4585 ..,
392 4533 418 4576 nt
441 4531 602 4577 executionem
620 4531 724 4588 ipsorum
748 4532 811 4576 nulla
829 4529 955 4590 appellatio
982 4529 1060 4575 valeat
1082 4525 1206 4583 impedire,

101 4606 138 4650 nisi
152 4609 241 4657 formem
254 4615 406 4667 excesserint,
427 4613 451 4658 in
468 4613 804 4670 tariunsobserrandomcpp.
822 4613 870 4657 lun.
888 4612 925 4659 Ill.
942 4611 984 4657 lib.
1002 4612 1029 4656 ll.
1047 4624 1068 4655 c.
1088 4611 1110 4654 7.
1128 4608 1206 4653 Necu-

108 4686 144 4734 der
159 4692 294 4755 bllgemulne
311 4697 394 4743 Geseb.
413 4693 462 4741 der'
473 4696 625 4742 christliebcn
645 4695 750 4755 Religion
767 4697 812 4740 und
830 4694 916 4741 fiircbe
931 4693 956 4746 ὅ,
975 4694 996 4740 1.
1014 4693 1066 4738 263.
