3116 5124
1138 289 1212 365 125

39 457 229 535 propugnatur
246 451 377 515 ecclesie
396 450 515 514 inclitus
528 451 637 524 factus,
656 470 775 534 semper
789 450 927 532 prefulsit
944 448 1110 522 sublimius,
1128 467 1213 511 suum

40 561 145 624 celebre
161 580 197 624 ac
214 561 408 625 memorabile
425 580 534 625 nomen
551 561 588 624 ad
613 562 735 644 superni
757 561 840 643 regis
866 561 1001 632 laudem,
1029 560 1155 642 gloriam
1184 565 1215 623 et

38 677 211 757 augmentum
220 672 391 737 Christiane
407 672 478 738 fidei
496 673 664 739 diffundens
682 681 713 740 et
721 674 885 768 notificans
901 673 1012 757 ubique
1027 693 1083 756 per
1099 672 1213 747 orhcm,

39 808 66 851 ae
80 788 113 850 dc
128 787 193 869 ipso
209 786 397 871 principibus
414 789 480 850 aliis
498 789 641 854 exhibens
659 790 791 872 exempla
809 787 922 851 salutis.
946 785 1002 848 llic
1019 784 1119 858 ctiam,
1137 790 1167 849 et
1183 784 1213 848 in

39 899 193 962 fulcimento
223 897 296 961 fidei
321 904 350 963 ct
373 900 503 963 ecclesie
526 900 708 965 munimento
736 896 940 984 preambulum
964 895 1160 959 ministerium
1184 900 1214 959 et

41 1001 173 1090 speculum
190 1007 334 1080 aliorum,
364 1027 418 1070 suc
434 1007 597 1075 iuventutis
619 1031 712 1074 annos
737 1008 881 1072 dedicans
899 1005 1053 1088 obsequiis
1070 1003 1213 1078 crucifixi,

43 1116 151 1182 salvifice
168 1120 272 1182 crucis
291 1125 443 1201 assumpto
468 1121 642 1203 signaculo,
669 1124 809 1208 potenter
829 1119 859 1180 in
882 1123 964 1181 terre
987 1121 1091 1180 sancte
1113 1115 1214 1185 suhsi-

42 1227 104 1291 dium
118 1230 336 1295 transfretavit.
361 1231 418 1295 Pro
432 1231 516 1295 cuius
530 1237 610 1295 terre
624 1230 800 1294 defensione
812 1215 900 1314 quam
913 1234 1054 1291 strennue
1071 1227 1213 1310 preliatus

41 1347 77 1404 est
89 1341 174 1423 prelia
189 1340 314 1405 Domini
331 1348 436 1406 contra
451 1341 644 1426 blasphemos
661 1341 788 1405 nominis
807 1339 968 1405 Christiani
982 1343 1012 1402 et
1024 1357 1111 1422 quam
1128 1338 1212 1420 large

41 1453 63 1512 ot
87 1451 220 1533 copiose,
255 1469 406 1534 quamque
437 1450 602 1515 liberaliter
633 1450 751 1515 ibidem
775 1469 830 1532 pro
862 1448 1048 1512 incremento
1079 1445 1149 1510 fidei
1183 1452 1213 1510 ct

42 1561 225 1644 redemptione
246 1561 486 1626 Christianorum
499 1569 671 1646 magnatum
684 1567 715 1626 et
727 1562 864 1633 aliorum,
881 1578 1006 1644 quorum
1023 1578 1211 1623 numerosam

43 1673 234 1738 ouationem
263 1693 320 1756 per
347 1673 481 1738 diversas
508 1674 618 1757 Egypti
647 1680 678 1739 et
699 1675 772 1739 alias
807 1671 967 1737 orientales
1000 1677 1102 1754 partes
1123 1669 1214 1734 intol-

45 1779 147 1846 lerabilis
179 1787 419 1850 sarracenorum
452 1803 558 1850 carcer
589 1785 713 1849 tenebat
748 1783 910 1856 inclusam,
949 1801 1020 1844 suos
1052 1780 1211 1845 thesauros

50 1893 171 1970 efuderit,
199 1897 269 1980 ipsa
297 1901 427 1960 testatur
446 1897 491 1960 rei
514 1897 626 1962 veritas
651 1901 681 1960 et
701 1895 838 1978 predicte
861 1891 1001 1958 archivus
1025 1892 1157 1956 ecclesie
1174 1891 1212 1956 ad

47 2012 191 2087 perpetuam
214 2007 392 2071 memoriam
410 2007 544 2072 continet
566 2013 597 2072 et
620 2012 788 2072 conservat.
821 2004 877 2068 llio
900 2004 1023 2087 insuper
1044 2001 1081 2066 ad
1104 2022 1160 2066 nos
1183 2005 1213 2064 et

45 2115 175 2181 ecclesiam
193 2119 223 2181 in
243 2118 410 2190 devocione
428 2117 556 2190 stabilis,
574 2125 604 2182 ct
620 2137 768 2181 aecensus
785 2117 905 2180 fervore
929 2111 1098 2177 omnimode
1115 2111 1300 2175 conti-ruer
1310 2135 1328 2162 ··

27 2227 134 2302 inercie,
149 2229 319 2312 apostolice
335 2229 401 2293 sedi
418 2229 543 2314 eiusque
558 2229 668 2312 legatis
686 2233 716 2292 ct
737 2228 855 2292 nunciis
871 2225 1077 2291 reverenciam
1094 2243 1214 2307 semper

27 2336 133 2402 :studuit
148 2340 303 2414 exhihere,
320 2337 510 2424 magnificum
526 2341 624 2422 ipsum
641 2340 785 2422 favorem,
802 2337 946 2422 quociens
968 2335 1024 2399 fuit
1040 2334 1213 2418 expediens,

43 2441 67 2507 iu
79 2449 182 2512 cunctis
199 2450 333 2514 ecclesie
350 2449 476 2532 agendis
493 2455 633 2532 potenter
656 2455 686 2514 ct
706 2453 845 2531 patenter
866 2445 1052 2531 inpendens,
1076 2444 1213 2509 ad‘cius-

42 2552 91 2618 dem
117 2559 194 2622 sedis
223 2559 445 2624 exaltacioncm
473 2561 546 2625 totis
574 2558 757 2626 intendendo
786 2557 917 2630 viribus,
944 2555 1076 2640 totisque
1105 2553 1213 2620 studiis

42 2661 187 2734 laborando.
230 2669 390 2754 Siquidem
401 2670 564 2738 'laudabilis
577 2675 711 2736 veterum
727 2668 946 2734 katholicorum
961 2673 1116 2752 regumet
1130 2667 1213 2750 prin-

42 2773 117 2854 cipum
149 2778 284 2844 imitator
321 2780 469 2854 existens,
502 2781 583 2865 quod
620 2800 687 2844 cum
720 2779 819 2844 divine
850 2777 973 2862 pietatis
1003 2775 1214 2842 habundancia

44 2885 195 2964 specialibus
219 2889 333 2972 graciis
361 2890 533 2974 insignivit,
561 2891 740 2955 recolendos
762 2891 895 2973 ipsorum
917 2894 1002 2953 actus
1024 2888 1214 2970 amplectitur

46 2992 206 3081 ambulatque
228 3019 285 3082 per
307 2999 371 3062 vias
395 3019 514 3074 corum,
537 3019 686 3084 nunquam
709 3021 726 3064 a
748 2999 867 3064 tramite
888 2998 1008 3062 iusticie
1026 2997 1214 3074 declinando.

49 3097 170 3190 habetque
196 3108 378 3191 probitatem
406 3109 521 3173 illorum
544 3111 575 3174 in
598 3116 698 3176 mente
720 3109 939 3192 conscriptam,
961 3127 1087 3192 eamque
1109 3107 1214 3171 sedulo

50 3213 209 3288 manumet
231 3217 394 3282 salubrium
422 3226 542 3286 actuum
563 3221 643 3286 clara
659 3221 839 3304 operacionc
860 3239 1043 3292 recensens,
1065 3220 1213 3285 continuis

48 3321 127 3386 studiis
154 3332 183 3391 et
210 3329 307 3412 gestis
336 3327 547 3394 devociorihus
576 3330 680 3396 nititur
701 3317 825 3396 cottidie
842 3329 964 3394 adicere
987 3350 1078 3414 super
1105 3332 1210 3414 ipsam.

43 3423 105 3493 Unde
126 3435 243 3520 dignum
261 3442 325 3510 est,
354 3443 386 3502 ut
414 3439 545 3503 ecclesia
574 3441 679 3504 cadem
707 3441 788 3504 illum
804 3459 949 3524 —quem
977 3440 1151 3526 priusquam
1173 3442 1212 3507 ad

45 3536 134 3616 apicem
155 3545 309 3628 dignitatis
332 3547 391 3610 iam
415 3554 567 3632 assumpte
590 3549 809 3613 conscenderet
827 3554 872 3614 tot
895 3549 1035 3632 cognovit
1053 3550 1211 3616 virtutihus

43 3648 218 3732 turrigerum,
234 3662 280 3722 tot
297 3663 432 3723 ornatum
448 3658 571 3741 graciis,
588 3665 692 3744 totquc
708 3659 824 3742 meritis
842 3661 1102 3725 decoratum-in
1118 3661 1212 3726 advo·

46 3762 121 3823 tatum
141 3763 241 3832 sibiet
263 3768 454 3833 defensorem
477 3775 625 3843 assumat,
653 3777 685 3834 ut
709 3773 869 3860 presertim
890 3771 1002 3836 haheat
1022 3771 1080 3856 biis
1105 3772 1210 3838 diebus

48 3860 68 3924 ll
88 3887 137 3951 quo
160 3873 382 3960 insurgencium
409 3879 540 3965 undique
567 3880 797 3945 tribulacionum
824 3881 940 3954 mallei,
969 3881 1076 3966 quihus
1105 3882 1210 3946 eadem

49 3977 151 4044 ecelesia
171 3984 343 4070 frequenter
359 3989 520 4072 affligitur,
548 3995 758 4064 conterantur,
786 3991 816 4054 in
840 3991 925 4055 cuius
947 3991 1062 4074 potenti
1085 3990 1214 4056 brachio

47 4084 156 4159 predicte
171 4093 231 4159 iura
249 4097 379 4160 ecclesie
403 4098 603 4162 defendantur
625 4097 770 4172 fideliter,
799 4100 924 4183 eiusque
946 4100 1050 4164 hostes
1073 4107 1103 4164 et
1120 4101 1208 4165 emuli

51 4187 143 4260 fortiter
156 4211 318 4270 arceantur.
354 4207 517 4290 speramus
533 4207 636 4291 itaque
661 4216 693 4273 et
713 4209 743 4272 in
762 4210 883 4292 superni
906 4210 989 4292 regis
1006 4211 1116 4274 virtute
1134 4230 1208 4274 con-

48 4293 155 4380 fidimus,
171 4315 245 4396 quod
261 4316 338 4399 ipsc,
363 4336 450 4401 quem
468 4317 566 4381 dictus
589 4324 695 4382 noster
716 4316 792 4382 lilius
809 4317 985 4385 karissimus
1002 4319 1033 4383 in
1051 4325 1204 4403 assumpto

50 4403 141 4491 inperii
165 4425 287 4504 negocio
316 4426 424 4490 dicitur
446 4426 505 4491 sihi
528 4429 667 4511 posuisse
689 4429 929 4502 fundamentum,
953 4429 981 4492 ei
1003 4431 1207 4513 prosequendi

51 4512 72 4576 la
80 4520 216 4594 udabiliter
231 4540 260 4599 ct
275 4536 405 4601 feliciter
421 4538 627 4612 consumandi,
644 4546 703 4604 tam
721 4540 815 4623 ipsius
832 4541 960 4624 imperii,
977 4562 1064 4627 quam
1078 4542 1206 4607 ecclesie
