3112 5118
608 741 670 813 34.

271 917 348 998 ispe
364 917 401 980 te
417 917 565 982 irideriee
582 918 730 999 quondan
747 916 791 1002 a)
807 919 996 999 inperatore.

453 1071 674 1128 tatemerem.
690 1073 820 1144 Lugduni.

48 1215 162 1269 lacerem
175 1217 222 1270 IV.
242 1216 469 1288 heptademtaoebt
485 1215 529 1271 die
540 1219 687 1272 Permeoea
705 1235 795 1289 coepere
812 1217 885 1272 ibren
905 1216 999 1287 Sieqeo
1012 1217 1076 1271 eber
1090 1215 1228 1270 Friedrich

266 1307 322 1360 und
333 1306 454 1362 maone
465 1307 513 1370 eie,
524 1305 620 1376 [einer
630 1307 684 1377 auf
692 1306 767 1360 ibren
779 1307 832 1361 Hut
843 1325 875 1360 zu
888 1306 954 1360 aeia.

123 1449 250 1513 Plaudet
270 1449 302 1512 in
321 1451 414 1515 iubilo
437 1451 577 1515 universa
606 1457 728 1515 caterva
747 1457 849 1515 vestra
879 1451 1000 1515 domino
1021 1452 1087 1515 Deo
1110 1453 1227 1521 nostro,

46 1555 121 1618 cuius
136 1557 348 1639 inseparabilis
364 1558 470 1632 uirtus,
487 1581 547 1624 nou
559 1560 704 1623 deserens
720 1561 758 1623 de
774 1561 869 1642 ipsius
884 1560 1017 1642 presidio
1030 1558 1229 1628 confidentes,

44 1663 70 1724 in
83 1683 167 1726 mauu
183 1671 286 1728 vestra
303 1665 445 1729 contrivit
459 1667 585 1732 miriiioe
603 1668 742 1730 baculum
756 1668 902 1750 principis
926 1669 1094 1751 impiorum,
1116 1666 1229 1729 ceden-

45 1773 78 1836 tis
106 1775 250 1855 populos,
291 1774 468 1838 subicientis
506 1775 539 1840 in
570 1778 672 1841 furore
704 1783 812 1858 gentes
844 1782 875 1840 et
905 1783 1030 1841 matrem
1061 1795 1129 1838 oum
1160 1772 1229 1836 filiis

43 1880 195 1945 cmdetiter
216 1882 436 1964 persequentis.
472 1883 548 1946 Nam
572 1890 604 1948 ut
619 1885 823 1948 inveniremus
839 1904 893 1947 ros
911 1883 942 1946 in
962 1883 1111 1964 promisso
1126 1888 1229 1946 vestro

43 1988 136 2052 ideles
163 2011 221 2072 per
249 1992 454 2054 constanciam
476 1998 606 2056 vestram
622 1994 660 2056 de
682 2012 736 2074 spe
752 1993 874 2057 celestis
897 1991 998 2056 auxilii
1021 1991 1229 2055 strenuitatem

44 2103 163 2160 resbam
179 2097 318 2160 ducimus
336 2096 578 2163 confirmandum.
611 2100 695 2164 Deus
718 2100 878 2182 siquidem,
902 2099 950 2162 oui
965 2118 1092 2180 parcere
1108 2116 1230 2179 promp-

42 2209 96 2268 tum
111 2213 157 2270 est
172 2211 205 2269 et
219 2207 376 2288 proprium
397 2207 547 2280 misereri,
568 2208 641 2272 licet
662 2210 701 2272 ad
722 2208 906 2290 expiaeionis
929 2207 1110 2270 exercicium
1125 2205 1230 2270 fideles

42 2313 126 2395 affligi
140 2315 297 2378 interdum
312 2313 350 2378 ab
366 2313 536 2378 infidelibus
558 2316 708 2398 paciatur,
729 2315 829 2379 nescit
849 2321 951 2378 tamen
967 2315 998 2378 in
1014 2313 1227 2395 indignatione

43 2420 232 2484 clemenciam
250 2422 416 2494 continere,
433 2443 470 2485 ne
487 2442 580 2504 super
595 2423 773 2488 hereditatis
790 2443 844 2487 sue
862 2427 975 2486 sortem
990 2423 1106 2502 uirgam
1119 2419 1230 2504 1))ἰηί-

44 2528 157 2609 quitatis
181 2549 280 2612 usque
304 2529 342 2594 ad
363 2529 517 2594 interitum
538 2531 714 2614 delinquere
735 2531 881 2595 videatur.
915 2529 993 2612 Quin
1013 2529 1136 2612 pocius,
1164 2547 1233 2591 cum

43 2653 250 2715 perversorum
261 2637 402 2719 iniquitas
419 2638 544 2700 alieuius
561 2638 728 2710 invalescit,
744 2644 816 2701 tunc
833 2658 871 2699 ne
887 2638 1093 2700 tribulatorum
1107 2635 1233 2718 pacien-

25 2743 112 2844 'ciam
143 2745 358 2810 tribulacionis
390 2748 519 2828 perimat
552 2748 701 2819 ualitudo,
738 2747 892 2829 propicius
926 2747 1070 2812 liberator
1103 2745 1231 2826 exurgit,

44 2873 198 2936 oppressos
212 2855 382 2931 ¹clementer
411 2855 540 2937 eripiens
570 2862 601 2919 et
627 2857 706 2919 iuste
732 2857 870 2918 iudicans
899 2857 1120 2938 opprimentes,
1152 2854 1233 2917 sieut

43 2962 168 3027 declarat
194 2963 334 3027 miranda
361 2964 551 3045 presentibus
581 2971 612 3028 et
637 2965 830 3028 memoranda
856 2964 987 3046 posteris
1014 2965 1078 3026 dies
1106 2962 1172 3036 ilia,
1201 2963 1232 3025 in

43 3089 93 3153 qua
109 3091 212 3134 eoram
229 3071 334 3143 vobis,
355 3071 476 3154 quivos
494 3071 660 3154 querebant
677 3072 821 3143 obruere,
845 3077 1032 3134 corruerunt.
1067 3071 1140 3152 Quis
1157 3091 1231 3134 sane

42 3178 69 3239 in
82 3180 248 3242 victorioso
264 3179 424 3260 triumpho,
447 3199 506 3262 quo
530 3200 627 3261 nuper
642 3181 787 3244 adversus
803 3181 836 3242 F.
855 3181 1005 3262 quondam
1021 3180 1231 3262 imperatorem

42 3286 158 3371 eiusque
175 3307 328 3371 sequaces
344 3286 520 3350 mirabiliter
536 3287 686 3351 claruistis
708 3289 752 3376 1),
774 3288 930 3350 victricem
947 3308 1065 3350 manum
1083 3287 1231 3350 dominice

42 3397 259 3478 omnipoteneie
272 3415 332 3458 non
344 3397 493 3476 agnoseit,
518 3396 568 3478 qui
586 3396 729 3459 subtimes
745 3396 890 3470 humiliat,
908 3396 1020 3458 eiciens
1039 3395 1075 3456 de
1092 3414 1232 3475 supremo

42 3504 165 3567 eulmine
183 3503 353 3584 gloriosos,
373 3503 407 3565 in
423 3503 560 3568 manibus
576 3522 739 3584 paucorum
754 3504 875 3570 facilem
892 3502 1045 3566 concludit
1061 3503 1232 3584 superbiam

41 3612 233 3675 multitudinis
263 3611 466 3674 contumacis!
498 3611 645 3693 Equidem
673 3611 755 3673 illum
782 3611 819 3673 ad
848 3611 1008 3690 inglorium
1035 3610 1123 3673 tinem
1141 3609 1233 3691 digna

41 3722 202 3784 necessitas
215 3720 296 3783 iuste
308 3718 456 3800 perduxit,
474 3719 524 3801 qui
536 3739 631 3802 usque
647 3719 685 3780 ad
698 3719 884 3783 altitudinem
900 3718 1021 3780 nubium
1038 3740 1071 3780 se
1089 3717 1233 3782 extollens

41 3834 68 3891 et
87 3828 255 3912 disponens
276 3848 314 3892 ex
329 3829 456 3892 adverso
473 3827 609 3892 altissimi
632 3827 750 3909 erigere
774 3826 877 3890 sedem
893 3846 978 3891 sunm
996 3827 1046 3911 ²),
1073 3826 1232 3909 pacificam

125 4064 160 4134 o)
172 4063 310 4136 quondam
320 4079 368 4115 ron
380 4061 495 4116 anderen
504 4061 577 4115 Hand
587 4061 878 4135 iubergescbrieben.·—
888 4061 919 4131 b)
936 4062 1034 4134 virgam
1048 4080 1090 4118 am
1103 4061 1194 4116 Raude
1204 4062 1233 4116 V.

68 4354 90 4412 ί)
106 4357 153 4400 Der
171 4355 231 4412 Sieg
252 4355 297 4398 der
312 4355 448 4408 Paroreian,
471 4353 562 4400 wetebe
579 4352 602 4401 io
620 4352 662 4422 des
681 4352 775 4400 Kaisar·
796 4351 964 4400 Abweaenbeit
985 4351 1052 4397 einen
1079 4351 1231 4409 giickticben

104 4437 193 4480 lustau
210 4437 253 4479 aut
268 4437 309 4479 das
326 4435 546 4493 Betagerungsbeer
564 4433 681 4486 maehten,
698 4433 755 4480 tend
772 4446 807 4480 am
827 4433 863 4482 18.
881 4433 987 4482 Februar
1005 4431 1066 4478 1248
1083 4433 1149 4478 strtt.

66 4510 89 4572 ²)
105 4516 157 4573 lsaj.
177 4516 219 4570 14,
238 4515 277 4560 ii.
