3112 5118
279 273 353 344 172

272 444 443 527 potentibus
459 443 554 526 ipsius
571 443 670 516 urbis,
699 463 773 526 quos
790 442 965 517 habundare
982 442 1052 505 nulli
1070 442 1192 506 dubium
1220 447 1284 513 est,
1313 441 1468 504 maliciose

274 571 358 615 suam
389 550 627 614 habundanciam
660 550 880 614 occultantibus
913 555 944 613 et
974 568 1162 632 nequaquam
1189 549 1366 612 timentibus
1394 549 1467 612 illud

275 659 430 721 incurrere
453 657 645 722 maledictum
668 677 725 740 quo
748 657 873 723 dicitur:
905 656 1102 731 „maledictus
1125 657 1220 720 omnis
1237 657 1289 740 qui
1306 657 1468 719 abscondit

273 769 465 842 frumentum,
482 766 654 829 benedictio
671 771 772 829 autem
788 785 880 847 super
896 765 995 846 capud
1011 765 1242 837 vendencium“,
1260 785 1317 829 nec
1335 765 1467 848 denique

272 873 518 960 attendentibus,
556 873 637 955 quod
674 873 872 936 necessitates
910 873 1080 938 huiusmodi
1111 873 1296 938 habundanti
1328 871 1468 962 tribuunt

274 982 419 1064 grandem
442 981 598 1045 materiam
630 980 760 1044 diluendi
791 985 919 1061 peccata
951 987 981 1044 et
1012 980 1143 1044 divinam
1175 980 1308 1061 graciam
1339 981 1469 1044 ulterius

273 1089 474 1170 promerendi.
508 1089 643 1168 Urgente
669 1089 762 1169 igitur
782 1089 954 1157 victualium
979 1089 1079 1170 inopia
1096 1089 1220 1151 ocntluit
1235 1089 1274 1150 ad
1291 1108 1346 1152 nos
1363 1088 1469 1170 populi

274 1196 430 1260 multitudo
448 1216 516 1258 cum
533 1196 730 1268 clamoribus,
760 1216 849 1279 quem
866 1196 931 1258 sine
948 1197 1079 1259 lacrimis
1096 1195 1200 1259 audire
1217 1215 1276 1259 non
1291 1215 1470 1277 possumus,

273 1305 415 1368 alimenta
438 1303 556 1367 scilicet
579 1304 812 1385 deposcentem
840 1323 900 1366 non
921 1303 1009 1366 aliter
1032 1323 1120 1386 quam
1138 1303 1163 1364 si
1178 1303 1294 1386 lapides
1311 1304 1471 1368 valeamus

276 1413 306 1474 in
321 1432 429 1495 panem
458 1417 636 1476 convertere
654 1417 684 1474 et
700 1413 731 1474 in
748 1413 874 1476 farinam
903 1411 1058 1493 pulverem
1084 1417 1294 1475 transmutare.
1327 1413 1361 1476 ln
1377 1413 1470 1477 huius

273 1521 367 1601 igitur
394 1520 587 1583 ¹necessitatis
616 1521 741 1583 articulo
756 1520 796 1583 ad
818 1526 848 1582 te
873 1519 1007 1583 duximus
1035 1519 1213 1584 fiducialiter
1239 1521 1470 1593 recurrendum,

272 1624 442 1694 recolentes
460 1629 540 1711 quod
556 1627 653 1692 felicis
680 1629 904 1691 recordacionis
932 1627 1054 1710 quidam
1081 1628 1331 1709 predecessorum
1348 1633 1471 1692 nostro·

276 1757 342 1800 rum
370 1739 410 1818 a)
442 1737 567 1799 Romani
595 1736 769 1818 pontifices,
803 1737 842 1800 ad
869 1736 971 1804 inclite
998 1736 1222 1800 recordacionis
1244 1756 1334 1817 reges
1354 1737 1471 1818 Sycilie

271 1844 506 1926 predecessores
536 1851 602 1909 tuos
624 1847 655 1908 in
677 1865 751 1908 casu
780 1845 867 1912 simili
895 1845 1029 1934 habuere
1057 1863 1214 1908 recursum
1237 1850 1268 1906 et
1290 1863 1344 1907 eos
1362 1845 1394 1907 in
1408 1845 1472 1908 hac

271 1957 356 2034 parte
386 1953 539 2025 liberales,
572 1958 661 2034 prout
691 1953 824 2033 regalem
855 1953 958 2016 decuit
987 1951 1245 2025 munificenciam,
1277 1954 1469 2016 invenerunt.

272 2060 358 2141 Quod
375 2061 593 2143 utiqueeciam
609 2060 647 2124 de
663 2064 715 2124 tua
727 2059 907 2123 liberalitate
924 2082 941 2124 a
957 2061 1045 2124 nobis
1059 2079 1118 2122 non
1134 2061 1257 2141 indigne
1269 2063 1470 2142 presumitur,

272 2188 339 2231 cum
367 2189 427 2231 non
454 2169 598 2231 minorem
626 2167 665 2230 ad
692 2173 723 2230 te
758 2168 922 2231 habeamus
951 2169 1086 2231 caritatis
1113 2175 1286 2250 respectum
1315 2189 1407 2252 quam
1433 2172 1471 2234 ad

271 2275 424 2356 predictos
452 2295 541 2356 reges
568 2275 701 2337 habuere
729 2275 886 2357 pontifices
915 2276 1076 2348 antedicti,
1108 2297 1164 2338 nec
1192 2277 1340 2339 minorem
1375 2297 1466 2360 quam

274 2385 374 2446 iuerat
397 2382 561 2445 eorundem
576 2403 682 2465 regum
705 2384 743 2446 ad
766 2384 832 2446 illos
854 2390 935 2446 tuam
958 2385 996 2446 ad
1018 2405 1073 2446 nos
1089 2383 1328 2447 benivolenciam
1346 2387 1472 2449 estime-

271 2511 346 2555 mus.
379 2490 564 2571 Imperialem
585 2490 685 2574 itaque
706 2491 915 2554 liberalitatem
938 2493 1018 2553 omni
1041 2511 1100 2574 qua
1122 2510 1282 2572 possumus
1306 2491 1470 2557 allectione

273 2599 480 2681 deposcimus,
513 2602 660 2680 quatenus
688 2598 854 2680 prudenter
881 2599 1039 2664 attendens
1069 2598 1303 2680 oportunitatem
1332 2601 1469 2680 graciam

270 2706 460 2788 promerendi
472 2705 611 2775 divinam,
626 2707 826 2789 populumque
833 2707 998 2768 Romanum
1014 2707 1052 2768 ad
1069 2726 1201 2769 amorem
1218 2712 1248 2768 et
1265 2705 1466 2771 devocionem

179 2853 181 2855 -
275 2820 357 2878 tuam
381 2813 482 2876 arcius
500 2813 651 2894 obligandi
675 2833 743 2875 esse
760 2834 777 2877 a
793 2814 920 2876 Domino
937 2813 990 2876 tibi
1015 2814 1131 2885 datam,
1153 2833 1241 2894 quam
1263 2818 1325 2876 tam
1341 2815 1472 2880 libenter

272 2943 360 3008 quam
372 2920 515 3003 hylariter
528 2922 717 3004 amplectaris
732 2924 864 3004 exemplo
870 2921 997 3004 loseph,
1011 2923 1062 3004 qui
1074 2924 1255 2988 necessitate
1268 2924 1335 3004 pari
1352 2930 1467 3005 patrem

273 3032 393 3114 pavisse
410 3028 519 3095 dicitur
534 3035 624 3113 atque
640 3033 767 3104 fratres,
796 3036 829 3097 ut
851 3051 906 3094 nos
928 3038 960 3094 et
981 3031 1062 3093 idem
1085 3031 1231 3113 populus,
1259 3033 1312 3114 qui
1330 3034 1414 3098 sicut
1429 3036 1466 3099 ad

269 3147 386 3219 patrem
402 3139 569 3201 esurientes
585 3137 654 3210 tilii,
678 3139 716 3204 ad
732 3159 786 3201 nos
805 3140 952 3208 clamant,
972 3139 1094 3202 articuli
1110 3139 1281 3208 huiusmodi
1303 3144 1463 3223 angustias

270 3265 325 3327 per
341 3245 485 3310 auxilium·
501 3251 586 3312 tuum
608 3248 735 3326 evadere
757 3249 909 3315 valeamus
927 3253 957 3310 et
973 3252 1136 3328 generacio
1153 3248 1210 3315 hec
1228 3267 1322 3332 opera
1341 3249 1384 3337 β)
1400 3253 1466 3322 lau·

274 3351 324 3421 det
341 3361 371 3418 et
388 3354 549 3421 eructatio
565 3357 667 3418 secula
682 3361 734 3420 tue
750 3356 925 3419 memoriam
939 3356 1087 3436 largitatis
1105 3353 1143 3441 p)
1171 3355 1199 3442 ).

361 3533 554 3603 Erganzuogen
565 3550 613 3587 aus
623 3533 783 3587 Hohl-brem
795 3535 934 3595 11,711.-
946 3533 979 3604 α)
991 3533 1078 3588 felicis
1092 3534 1292 3588 recordacionis
1307 3536 1457 3591 Alexander

271 3626 299 3676 et
312 3624 417 3676 laucius.
438 3653 464 3662 -
481 3622 516 3693 β)
530 3625 585 3676 toa.
598 3653 632 3663 —
645 3623 677 3694 a)
696 3625 731 3676 Er
748 3629 826 3692 mdge
845 3625 903 3678 sich
917 3625 1003 3677 durch
1017 3624 1182 3691 Gewthrung
1201 3625 1250 3677 der
1262 3625 1334 3678 Bitte
1348 3625 1385 3679 im
1399 3627 1462 3680 ller-

270 3717 362 3768 trauen
384 3712 432 3767 des
454 3715 568 3782 Papstes
592 3713 730 3768 erhalten:
754 3730 893 3784 preces-
911 3715 1053 3786 repulsam.
1079 3744 1109 3760 -.
1134 3715 1188 3768 Dae
1210 3716 1305 3767 Datum
1329 3718 1459 3773 bestimmt

269 3799 431 3858 built-orto.
443 3804 459 3856 l.
472 3819 495 3858 c.
506 3801 553 3858 mit
562 3803 647 3862 Recbt
658 3805 727 3858 uach
737 3801 785 3859 der
795 3803 943 3858 Nachricht
955 3805 989 3862 im
1003 3802 1153 3858 Chronicon
1166 3805 1214 3857 des
1227 3803 1380 3860 Riocardus
1390 3806 1423 3861 de
1436 3806 1461 3859 S.

270 3891 399 3954 Germano
418 3893 451 3946 ad
469 3911 492 3948 a.
508 3893 585 3948 1227.
610 3896 740 3950 llonorius
757 3911 827 3966 papa
845 3911 911 3949 suos
930 3895 964 3950 ad
977 3895 1164 3965 imperatorem
1178 3894 1203 3951 in
1218 3894 1340 3950 Siciliam
1353 3896 1462 3955 nuncies

270 3981 359 4045 mittit,
372 3986 401 4036 ut
414 3982 464 4037 sibi
479 3987 506 4038 et
519 3984 636 4040 Romane
657 3986 730 4039 curie
743 3986 769 4038 in
787 3985 944 4038 victualibus
965 3985 1132 4048 subveniret;
1153 3985 1196 4054 qui
1209 4001 1259 4053 per
1272 3985 1414 4040 Hearicum
1427 3984 1459 4040 de

270 4074 358 4125 Merra
371 4073 524 4143 magistrum
536 4073 709 4130 iusticiarium
722 4076 773 4128 hoc
786 4073 844 4128 fieri
858 4075 972 4129 mandat.

273 4225 597 4241 ——u——o-——q

303 4322 326 4381 1)
343 4325 420 4371 Pselm
439 4324 494 4381 lu,
507 4327 529 4369 7.
