3116 5124
1199 293 1245 363 91

69 463 176 527 tacione
193 483 266 526 cure
285 464 449 528 communis
467 465 672 546 multipliciter
687 465 818 548 fatigari.
855 467 887 530 Si
906 465 985 529 enim
1001 472 1084 529 esset
1105 466 1136 528 in
1152 487 1252 529 rernm

67 577 161 633 natura
183 572 347 653 possibile,
376 571 455 654 quod
483 573 655 635 universnm
679 593 789 654 corpus
811 592 829 636 a
853 572 951 656 capite
973 573 1037 635 sine
1060 573 1252 637 menbrorum

66 678 198 760 suffragio
215 687 386 762 regeretur,
402 682 590 764 potissimum
608 682 694 745 nobis
711 683 790 747 inter
804 688 874 746 vota
890 688 994 746 nostra
1009 685 1141 756 veniret,
1170 685 1251 767 quod

65 809 225 851 communes
242 789 364 852 labores
380 795 435 872 pro
452 791 613 854 universali
634 797 822 872 portaremus
840 792 979 859 ecclesia.
1003 797 1036 854 ut
1050 793 1247 873 particulares

65 898 133 962 nullo
148 899 346 963 vexacionum
366 901 574 981 ingrucncium
592 901 749 983 participio
766 908 978 982 gravarentur,
996 907 1026 964 et
1042 901 1079 964 de
1096 902 1245 985 frequenti

65 1013 155 1070 nostre
182 1008 376 1071 turbacionis·
397 1010 587 1074 incommodo
620 1011 730 1073 ceteris
755 1031 813 1074 non
836 1010 916 1074 aliud
944 1011 1001 1073 nisi
1031 1011 1132 1074 ociose
1164 1013 1248 1093 pacis

65 1116 240 1180 commodum
266 1117 449 1199 proveniret.
481 1117 754 1200 Verumquoniam
776 1119 815 1182 ud
837 1119 936 1182 omnia
960 1117 1153 1201 possibilitas.
1167 1119 1254 1183 nobis

65 1225 124 1288 data
145 1245 204 1288 non
227 1225 361 1298 sufficit,
390 1226 514 1290 aliorum
529 1227 672 1290 humeros
695 1228 832 1309 cogimur
853 1227 884 1290 in
907 1228 1127 1309 suportaciouis
1144 1248 1253 1291 vocare

65 1332 246 1414 suffragium,
282 1355 319 1397 nc
352 1334 490 1398 defectus
522 1335 646 1408 virium,
679 1335 743 1398 sine
776 1334 884 1418 quibus
913 1333 1019 1398 efficax
1047 1357 1115 1399 esse
1132 1337 1251 1419 ¹nequit

66 1441 186 1522 suscepti
207 1441 324 1506 laboris
341 1442 505 1514 instancia,
533 1443 668 1525 periculo
690 1443 768 1506 viam
790 1449 892 1525 paret,
921 1449 951 1506 et
975 1443 1252 1526 dampnosapariat

66 1548 240 1612 detrimenta.
294 1550 357 1614 Sed
387 1549 458 1612 dum
489 1550 555 1614 aliis
587 1551 726 1613 ecclesiis
764 1572 818 1615 seu
850 1551 1049 1616 ecclesiarum
1079 1552 1249 1620 rectoribus

66 1657 187 1738 cogimur
208 1658 423 1722 incumbencia
446 1659 667 1724 communicare
683 1660 873 1740 gravamina,
898 1659 1016 1742 quando
1034 1659 1072 1720 ad
1087 1659 1119 1723 id
1134 1679 1247 1742 urgens

67 1767 219 1830 necessitas
247 1787 306 1830 uos
333 1769 481 1851 pertrabit
508 1787 587 1832 nuuc
615 1769 815 1840 voluntarios,
833 1788 912 1831 nunc
934 1767 1054 1840 invitos,
1071 1788 1251 1852 quecunque

70 1894 213 1966 possumus
231 1877 436 1940 remediorum
453 1877 573 1958 ingenia
590 1878 777 1958 cogitamus,
799 1896 854 1958 per
870 1896 928 1959 quc
945 1875 1043 1939 feran't
1060 1876 1154 1940 levius
1171 1878 1251 1959 quit-

70 1985 124 2067 quid
155 1993 202 2049 est
230 1987 296 2058 cis,
324 2007 361 2049 ue
389 2006 443 2068 pro
472 1987 593 2051 defectu
614 1987 737 2058 virium,
766 1986 844 2050 sicut
872 1986 1014 2057 diximus,
1043 1986 1252 2050 ecclesiastica

66 2099 157 2174 pereat
173 2095 301 2166 utilitas,
317 2094 521 2175 inponendum
541 2093 578 2181 ¹).
1118 2105 1120 2111 '

342 2316 384 2378 llo
399 2315 614 2396 perscrurlenc
627 2311 667 2397 α)
684 2316 830 2378 benorum
849 2314 981 2379 eurulis.

574 2453 702 2499 Distiuctio
722 2455 746 2499 V.

146 2610 239 2673 Lucis
259 2616 365 2672 eterne
380 2609 491 2672 lumine
509 2609 671 2672 destitutus
687 2608 812 2680 lucifer,
838 2608 955 2670 caduca
983 2608 1124 2689 superbia
1148 2629 1260 2690 procu-

70 2726 157 2792 rante,
181 2721 247 2783 celo
267 2719 415 2782 contineri
431 2718 594 2801 nequiens,
612 2738 648 2781 eo
661 2718 742 2801 quod
756 2723 901 2800 perpetue
919 2717 1259 2804 aecidatisl)tenebras

71 2826 252 2900 incurrisset,
284 2828 339 2890 sed
367 2828 437 2890 dum
464 2826 599 2908 perditus
628 2831 659 2889 et
680 2827 817 2889 minister
838 2825 1020 2906 perdicionis
1050 2825 1193 2898 effectus,
1221 2848 1259 2888 ne

72 2935 214 3017 ademptas
232 2935 294 2999 sibi
312 2935 435 2999 delicias
453 2934 651 3018 sempiternas
668 2934 765 3016 possit
781 2933 967 2997 condicionis
983 2933 1112 2996 humane
1129 2934 1260 3016 dignitas

72 3044 196 3126 adipisci,
214 3045 362 3129 quoniam
378 3045 475 3108 solent
491 3041 593 3107 miseri
609 3039 811 3129 prosperitate
828 3043 960 3106 felicium
977 3042 1118 3115 cruciari,
1134 3042 1213 3105 illam
1229 3044 1261 3105 in

74 3154 241 3232 profundum
261 3153 385 3237 perfidie
402 3153 441 3217 ab
458 3154 612 3217 altitudine
634 3148 704 3216 fidei
728 3155 884 3217 devertere
908 3151 1031 3222 nititur,
1057 3157 1089 3214 ut
1110 3153 1261 3216 inlocum

75 3281 119 3323 sne
134 3263 255 3326 miserie
274 3263 452 3333 deducatur,
470 3255 614 3325 estimans
630 3281 686 3343 per
701 3263 760 3324 boc
783 3257 1009 3342 dampnacio'nis
1033 3281 1087 3322 sue
1113 3261 1261 3324 cumulum

75 3369 219 3444 minorari,
253 3393 290 3434 eo
320 3371 399 3454 quod
431 3370 527 3433 soleat
558 3370 678 3434 afflictis
707 3370 848 3453 quodiam
877 3367 978 3430 afferri
1006 3369 1150 3432 solacium
1175 3375 1262 3451 grata

79 3479 186 3543 miseris
203 3482 337 3544 societas
354 3481 530 3543 miserorum
548 3479 588 3566 ²).

155 3590 235 3655 ltcm
252 3591 299 3654 ud
312 3591 405 3658 idem.
437 3589 470 3652 ln
486 3588 605 3651 Abrabe
622 3587 688 3650 liliis
710 3589 736 3650 is
756 3589 807 3670 qui
830 3587 997 3651 secundum
1020 3605 1140 3649 carnem
1163 3591 1211 3648 cst
1227 3606 1263 3648 ex

78 3697 172 3760 ancilla
188 3704 277 3761 natus
306 3702 485 3778 persecutor
507 3697 584 3760 illius
611 3697 740 3768 exstitit,
769 3696 819 3778 qui
843 3694 1008 3758 secundum
1025 3695 1158 3777 speciem
1175 3701 1262 3757 natus

79 3811 147 3876 crat,
173 3807 211 3870 ad
240 3806 463 3869 similitudinem
487 3805 634 3888 siquidem
658 3805 861 3888 persecutoris
892 3805 981 3868 buius
1000 3803 1037 3888 c)
1068 3805 1204 3867 infelices
1234 3809 1264 3865 et

80 3913 171 3976 miseri
185 3915 337 3998 Aggareni
354 3914 407 4000 d),
424 3915 475 3998 qui
491 3915 590 3978 adbuc
607 3914 790 3998 infidelitatis
808 3913 925 3978 nebulis
943 3913 1090 3986 obvoluti,
1119 3933 1177 3975 non
1198 3910 1264 3973 visa

160 4097 193 4164 a)
205 4110 321 4168 persecu
335 4093 480 4150 Correctur
492 4096 522 4148 V.
539 4125 568 4134 -
583 4096 615 4163 b)
629 4094 682 4147 sic!
697 4125 730 4133 -
744 4094 775 4164 o)
790 4093 940 4148 huiusmodi
959 4095 986 4166 ΖΙΙ
1005 4123 1030 4132 -
1050 4095 1085 4161 d)
1107 4093 1215 4162 rigarent
1229 4091 1256 4145 Z.

84 4265 395 4280 Ἃ*

114 4402 221 4463 ¹)Vergl.
240 4407 296 4452 Cod.
316 4404 387 4450 Willr.
406 4406 432 4450 Α.
450 4405 488 4448 77.
509 4403 595 4448 Archiv
614 4403 656 4447 der
675 4403 808 4448 desellsch.
827 4403 865 4447 fior
881 4404 921 4447 alt,
942 4403 964 4447 d.
985 4402 1071 4447 Gescb.
1090 4403 1113 4455 ⁷,
1130 4402 1185 4446 915.

114 4479 135 4542 ¹)
147 4486 189 4530 ber
206 4487 279 4543 lirici,
297 4501 326 4532 zu
344 4487 395 4532 dem
414 4487 493 4533 dieser
510 4485 619 4544 llingung
636 4485 733 4543 gebim,
752 4486 815 4544 folgt
832 4488 903 4531 notan
921 4485 973 4530 Ful.
991 4483 1032 4542 25,
1051 4497 1090 4529 no.
1110 4485 1131 4528 1.
