3096 5128
266 345 348 426 tsl

365 529 438 592 Cum
459 548 560 591 omnes
579 527 718 591 homines
735 529 857 610 equales
875 534 982 592 natura
998 527 1154 612 genuerit,
1174 548 1233 591 non
1250 531 1357 589 nature
1372 521 1464 595 vicio,

265 636 318 698 sed
342 635 494 698 bominum
516 635 704 698 deformitate
727 636 894 718 processit,
919 637 999 718 quod
1022 641 1148 718 propter
1169 634 1296 698 affectus
1322 637 1463 697 et'actus

265 744 378 815 noxios,
397 742 518 808 iusticie
534 743 678 806 limitibus
695 742 915 818 cohercendos,
932 745 1021 808 bomo
1038 765 1097 807 non
1113 743 1267 807 hominum
1283 747 1392 805 nature
1409 739 1463 804 sed

264 851 350 914 viciis
376 853 555 933 preferatur.
597 851 810 914 Verumtamen
838 851 875 914 ad
903 851 961 914 boc
980 851 1176 934 proculdubio
1200 855 1263 914 tam
1289 848 1464 932 precellens

265 958 397 1023 officium
414 961 496 1024 solus
513 960 562 1022 ille
574 965 718 1023 censetur
733 961 879 1042 ydoneus,
897 961 978 1024 solus
996 960 1116 1042 dignus,
1134 959 1184 1042 qui
1201 958 1355 1022 subiectos
1364 957 1463 1040 preire

264 1066 342 1130 sciat
357 1069 462 1131 merito
480 1074 510 1130 et
526 1069 646 1132 virtute.
665 1069 708 1130 llli
726 1069 805 1131 enim
822 1069 977 1150 regiminis
991 1067 1177 1131 locusdebet
1188 1065 1462 1147 regendusolierri‚

264 1175 349 1238 cuius
365 1175 472 1239 merita
489 1177 555 1238 loco
574 1181 741 1258 congruant
765 1182 795 1238 et
818 1176 924 1239 honori
948 1182 979 1240 et
1001 1176 1088 1240 cuius
1111 1169 1227 1238 humeri
1250 1196 1310 1237 non
1327 1175 1389 1237 sint
1405 1171 1461 1236 sub

262 1285 338 1346 tanti
355 1286 439 1348 sasce
451 1284 593 1367 ponderis
610 1284 787 1355 imbecilles,
797 1287 865 1367 quia
882 1285 954 1348 licet
970 1286 1088 1348 culmen
1105 1283 1261 1366 regiminis
1275 1281 1463 1346 asscribatur

262 1391 379 1464 honori,
406 1393 499 1456 habet
526 1400 626 1456 tamen
651 1412 795 1455 annexam
821 1393 920 1455 oneris
938 1400 968 1457 et
984 1392 1108 1475 periculi
1132 1391 1320 1475 gravitatem.
1350 1390 1462 1454 Verum

262 1500 401 1581 quoniam
435 1503 498 1564 sola
528 1501 583 1566 Dei
608 1499 794 1564 sufficiencia
823 1502 896 1563 lacit
923 1501 1074 1564 hominem
1102 1501 1132 1563 in
1159 1497 1332 1562 huiusmodi
1361 1495 1461 1560 officio

262 1606 460 1671 sufficientem
478 1613 508 1672 et
525 1610 664 1691 dignum,
688 1609 725 1670 de
742 1615 845 1672 nostra
862 1629 1050 1692 nequaquam
1069 1611 1180 1672 virtute
1204 1605 1327 1677 confisi,
1353 1605 1410 1668 sed
1431 1606 1462 1668 in

262 1715 354 1778 solius
379 1716 478 1780 divine
502 1716 643 1780 bonitatis
672 1717 778 1779 auxilio
807 1738 891 1799 spem
919 1723 1085 1798 ponentes,
1108 1715 1334 1779 considerantes
1358 1715 1460 1786 etiam,

262 1825 341 1905 quod
358 1823 501 1888 nobilium
517 1825 690 1907 prudencia,
708 1826 810 1906 populi
828 1827 1020 1896 constancia,
1049 1845 1104 1888 nec
1129 1843 1188 1888 non
1204 1825 1334 1887 omnium
1351 1828 1382 1885 et
1398 1823 1462 1887 sin·

261 1933 397 2014 gulorum
427 1933 557 1996 civitatis
585 1935 692 1995 Bon..
723 1931 880 1996 nobiscum
908 1932 1119 1996 sollicitudinis
1149 1935 1251 1997 nostre
1274 1951 1368 1995 onera
1390 1953 1462 2016 par-

261 2041 379 2103 ciantur
396 2047 425 2103 et
442 2042 570 2103 reddant
587 2061 622 2102 ea
638 2041 718 2103 sacili
737 2041 913 2104 obediencia
930 2042 1058 2103 leviora:
1084 2061 1170 2112 ecce,
1186 2043 1324 2104 invocato
1342 2042 1461 2104 nomine

260 2147 333 2213 Jesu
352 2148 474 2219 Christi,
493 2148 530 2211 de
548 2154 716 2211 nostrorum
733 2148 895 2211 amicorum
918 2148 1108 2231 beneplacito
1133 2154 1163 2212 et
1180 2169 1351 2221 consensu,
1376 2149 1459 2232 regi-

261 2256 348 2320 minis
372 2258 463 2320 vestri
492 2257 578 2320 nobis
608 2257 741 2320 oblatum
767 2257 923 2328 honorem,
954 2255 1004 2338 qui
1033 2257 1137 2320 maiori
1161 2257 1259 2320 tocius
1275 2257 1374 2329 Ytalie
1396 2257 1459 2322 viro

260 2365 454 2429 exaltacionis
481 2370 511 2428 et
533 2366 628 2447 glorie
652 2365 776 2427 cederet
799 2365 1053 2447 inaugmentum,
1077 2366 1159 2428 iuxta
1175 2371 1343 2428 vestrarum
1361 2365 1459 2428 conti-

261 2472 397 2536 nenciam
415 2473 568 2537 literarum
585 2473 751 2554 gaudenter·
765 2478 794 2536 et
805 2473 949 2554 hylariter
961 2479 1165 2556 acceptamus.
1179 2473 1348 2536 Auxiliante
1356 2474 1458 2557 itaque

257 2581 396 2652 Domino,
420 2581 547 2644 termino
569 2579 681 2663 pretiro
704 2579 859 2643 veniemus
882 2580 1039 2662 regiminis
1056 2583 1148 2644 vestri
1166 2581 1278 2644 utinam
1295 2582 1356 2645 leto
1373 2583 1455 2664 prin-

263 2689 354 2770 cipio,
373 2687 453 2750 lelici
470 2708 633 2769 progressu
652 2692 681 2749 et
697 2687 755 2749 tine
773 2687 914 2751 laudabili
931 2688 1062 2752 honores
1080 2694 1111 2752 et
1127 2708 1218 2751 onera
1235 2688 1375 2752 subituri.

815 2893 877 2962 64.

257 3071 375 3135 Electus
399 3072 435 3133 ud
459 3070 586 3132 edictum
608 3071 776 3150 protectore
798 3071 982 3148 regradetur
1004 3072 1040 3132 do
1061 3071 1172 3133 bonore
1191 3072 1248 3146 slbl
1267 3071 1405 3151 impenso
1424 3090 1458 3134 oc

458 3183 579 3242 excusat
594 3195 642 3254 sc,
661 3179 739 3258 quod
756 3176 885 3240 olllclum
901 3196 960 3240 ron
976 3183 1078 3258 potest
1095 3183 1260 3260 acceptare.

348 3337 425 3400 Cum
443 3337 574 3418 dignitas
592 3339 621 3398 et
638 3335 766 3398 officium
784 3336 956 3417 prefecture
979 3341 1098 3400 ceteros
1121 3336 1153 3398 in
1176 3337 1234 3399 hoc
1257 3337 1364 3400 seculo
1389 3358 1458 3421 pre·

258 3447 348 3511 cellat
364 3445 513 3518 honores,
536 3465 596 3506 non
612 3447 711 3525 potest
728 3463 819 3525 gens,
836 3445 963 3528 populus
981 3450 1012 3507 et
1028 3445 1135 3508 civitas
1153 3445 1244 3508 alicui
1260 3445 1325 3507 viro
1344 3446 1458 3509 exalta·

256 3555 352 3620 sionis
376 3560 406 3617 et
428 3551 524 3635 glorie
547 3553 614 3636 plus
639 3553 794 3623 conferre,
823 3573 912 3636 quam
935 3575 971 3616 ex
994 3554 1115 3635 proprie
1139 3551 1304 3616 voluntatis
1332 3552 1456 3616 arbitrio

257 3683 324 3726 eum
340 3662 419 3724 inter
436 3667 554 3724 ceteros
571 3662 761 3732 discernere,
786 3660 898 3742 eligere
923 3680 959 3724 ac
982 3660 1039 3724 sibi
1063 3681 1233 3744 preponere
1257 3661 1412 3724 dominum
1429 3665 1457 3722 et

256 3779 404 3836 rectorem
428 3776 459 3834 et
480 3790 534 3832 sue
558 3790 591 3831 se
615 3767 754 3831 subicere
777 3769 927 3852 potestati.
969 3771 1032 3832 lloc
1056 3789 1163 3852 nempe
1185 3768 1306 3849 signum
1328 3769 1455 3832 evidens

258 3887 306 3942 est
322 3877 527 3941 indubitabilis
545 3877 731 3940 confidencie
748 3897 784 3939 ae
801 3876 904 3940 intime
923 3877 1092 3940 dilectionis
1109 3877 1249 3959 eligentis
1262 3877 1302 3939 ad
1315 3879 1455 3946 electum,

254 3988 314 4051 boc
343 3988 437 4050 eciam
466 3986 498 4049 in
522 3991 701 4068 perpetuum
725 3985 807 4048 cedit
834 3985 992 4056 decorem,
1022 3991 1053 4048 et
1076 3985 1170 4048 decus
1193 4005 1253 4047 non
1276 3985 1375 4048 solum
1401 3983 1456 4068 ipsi

256 4097 371 4166 electo,
395 4096 449 4158 sed
473 4090 611 4157 universe
627 4095 657 4156 in
675 4097 829 4176 posterum
845 4092 931 4176 stirpi
948 4094 1021 4157 eius.
1047 4093 1150 4155 Talem
1166 4093 1259 4174 igitur
1275 4113 1346 4154 esse
1363 4092 1456 4156 colla-

253 4212 319 4268 tum
335 4203 422 4266 nobis
439 4223 456 4265 a
474 4202 684 4265 dominacione
701 4207 802 4265 vestra
818 4200 1065 4282 recognoscimus
1082 4207 1113 4263 et
1129 4199 1304 4282 profitemur
1318 4201 1456 4283 graciam

256 4318 288 4376 et
304 4311 459 4381 honorem,
477 4315 508 4373 et
524 4329 560 4372 eo
577 4309 674 4392 magis
687 4309 894 4381 excellentem,
912 4330 971 4392 quo
985 4309 1064 4373 inter
1076 4313 1180 4371 cetera
1192 4308 1296 4372 muudi
1307 4308 1456 4390 regimina

256 4421 348 4484 vestri
372 4418 528 4502 regiminis
560 4420 644 4483 locus
677 4420 774 4485 maius
807 4419 902 4501 glorie
920 4420 1040 4482 culmen
1056 4416 1157 4480 babet.
1181 4417 1227 4481 De
1249 4438 1310 4502 quo
1332 4417 1455 4502 quidem
1539 4475 1541 4496 ,

256 4534 339 4590 tanto
364 4533 394 4589 et
416 4528 468 4590 tali
491 4526 640 4590 beneficio
664 4529 824 4591 ethonore
841 4527 1037 4608 licetdignas
1057 4533 1086 4588 et
1102 4546 1191 4610 pares
1208 4525 1384 4608 graciarum
1402 4547 1454 4590 ne-
