3100 5116
798 629 858 703 15.

447 806 643 871 Romanorum
657 825 710 872 rex
727 809 913 889 regrecletnr
928 806 1046 871 dentre
1063 824 1140 888 pepe
1161 803 1199 890 1).

785 965 865 1021 1280.
896 973 900 980 '

227 1109 313 1181 Konip
331 1109 436 1176 liudolf
450 1111 532 1166 dealt
550 1111 608 1164 dem
626 1113 725 1182 Papete
741 1112 871 1166 Nicolaoe
888 1112 936 1166 ΙΙΙ.
953 1109 1116 1184 surdescere
1135 1108 1291 1184 Bemobuny
1308 1128 1352 1164 um
1371 1112 1422 1166 dae

227 1201 478 1254 Zuetundetrommen
499 1201 549 1254 der
571 1199 682 1255 lleiratb
704 1199 834 1256 zwiecben
855 1201 943 1255 eeiner
969 1200 1079 1254 Toebter
1105 1201 1249 1256 Clementia
1275 1202 1333 1256 und
1360 1202 1425 1256 Cart

455 1293 561 1358 Martel,
576 1291 635 1346 dem
648 1291 734 1346 Enbel
744 1275 792 1348 dee
805 1292 907 1363 Kdnr'pe
922 1291 985 1346 Cart
995 1308 1045 1344 eoo
1060 1288 1180 1346 Sicilire.

317 1434 458 1499 llodmann,
470 1453 497 1505 p.
510 1435 554 1490 71.
568 1435 674 1492 Rodolfl
688 1436 722 1491 ad
734 1453 861 1492 summum
874 1433 1030 1507 pontificem
1042 1435 1157 1494 litterae.

319 1581 444 1657 Gemino
467 1581 510 1668 o)
544 1581 677 1646 caritatis
706 1582 836 1664 igniculo
872 1582 983 1646 dudum
1018 1582 1208 1648 calescencia
1230 1583 1270 1668 t]
1298 1582 1422 1666 pietatis

227 1694 351 1770 paterne
386 1689 563 1770 precordia,
591 1690 665 1753 mire
699 1690 894 1775 providencie
916 1692 1023 1756 studiis
1054 1692 1120 1756 urbi
1143 1698 1175 1756 et
1205 1691 1272 1758 orbi
1302 1692 1425 1775 prospi-

229 1796 357 1869 eiencia,
385 1796 508 1879 copiose
536 1797 699 1878 flagrancie
727 1797 833 1878 globos
868 1797 978 1882 ubique
1013 1799 1228 1870 disseminant,
1260 1817 1317 1881 per
1347 1819 1425 1882 quos

228 1905 341 1968 karitas
358 1905 504 1970 hactenus
521 1906 744 1988 refrigescens,
766 1906 900 1970 redivivo
923 1927 1028 1972 rursus
1051 1908 1219 1972 dulcedinis
1235 1907 1425 1972 incrementa

229 2013 409 2096 suscipiens,
427 2014 571 2077 coalescit
587 2019 617 2077 et
632 2011 762 2096 proficit,
782 2015 975 2078 condensatis
991 2015 1125 2080 tenebris
1142 2017 1259 2098 spargit
1275 2015 1379 2079 radios
1397 2021 1427 2078 et

229 2121 347 2205 lapidea
363 2122 454 2185 eorda
471 2123 574 2195 mollit,
592 2123 661 2186 dum
677 2143 743 2197 vos,
761 2144 849 2208 quem
867 2125 970 2209 utique
993 2125 1076 2208 pacis
1093 2125 1378 2208 evangelizatorem
1396 2125 1427 2188 in

229 2231 318 2294 terris
346 2230 444 2294 divine
472 2231 625 2313 sapiencie
653 2231 858 2295 inscrutabilis
888 2232 1013 2296 altitudo
1037 2232 1196 2316 disposuit,
1218 2233 1299 2296 iuste
1323 2239 1354 2297 et
1377 2232 1428 2315 pie

230 2339 322 2402 oflicii
337 2339 422 2402 vobis
439 2340 546 2403 crediti
563 2339 697 2404 debitum
713 2347 908 2425 exequentes,
926 2341 1100 2405 convertitis
1124 2341 1217 2405 eorda
1239 2347 1360 2424 patrum
1384 2343 1424 2406 ad

229 2448 305 2511 lilios
323 2448 352 2534 ²)
370 2454 411 2520 et,
428 2448 565 2511 extinctis
583 2448 709 2513 ubilibet
726 2449 862 2512 odiorum
878 2449 1047 2512 seminariis
1064 2449 1235 2531 evulsisque
1253 2437 1292 2537 e)
1309 2449 1426 2532 germi-

230 2557 317 2620 nibus
334 2556 515 2621 simultatum
531 2557 585 2642 d),
602 2557 783 2639 coniungitis
796 2556 876 2621 labia
890 2557 1105 2621 dissidencium
1117 2557 1295 2640 populorum
1312 2577 1425 2622 recon-

231 2665 395 2729 ciliacionis
412 2665 443 2728 in
459 2667 561 2729 osculo
578 2670 609 2729 et
623 2670 731 2748 pacate
745 2666 853 2749 quietis
867 2666 896 2729 in
910 2667 977 2730 ocio
990 2666 1091 2730 mundi
1105 2666 1226 2730 climata
1236 2667 1424 2739 reformatis,

230 2775 398 2839 truculente
424 2775 590 2857 tyrannidis
612 2773 696 2838 rabie
719 2774 905 2857 quiescente.
938 2776 1032 2857 Igitur
1047 2775 1097 2857 pie
1112 2780 1216 2857 pater!
1241 2795 1337 2858 super
1361 2775 1420 2838 biis

231 2885 341 2949 vestris
355 2883 443 2948 bouis
459 2883 612 2965 operibus,
627 2900 686 2964 que
701 2889 771 2965 post
785 2883 928 2956 nubilum,
941 2884 1022 2965 quod
1035 2883 1141 2946 diebus
1154 2883 1238 2946 malis
1252 2882 1425 2947 obduxerat

232 3011 349 3056 omnem
376 2997 503 3063 terram,
531 2990 617 3054 nobie
646 2995 676 3054 et
704 2989 769 3055 orbi
795 2994 936 3055 universo
959 2995 1100 3075 tanquam
1122 2991 1232 3054 lucifer
1257 2993 1425 3057 matutinus

231 3101 368 3164 serenius
384 3099 551 3171 illuxerunt,
570 3105 599 3164 et
617 3099 834 3182 specialissime
848 3119 940 3182 super
955 3100 1091 3163 benivola
1108 3105 1209 3162 vestre
1225 3098 1428 3164 benificencie

232 3210 386 3282 ubertate,
413 3229 502 3293 quam
528 3207 724 3272 teneritudini
751 3210 837 3290 regie
866 3209 1095 3273 continuacione
1122 3210 1254 3292 gratuita
1284 3209 1428 3291 dignatus

233 3321 307 3385 estis
328 3318 495 3403 graciosius
519 3317 678 3382 exhibere:
703 3317 897 3382 beatitudinis
921 3326 1021 3383 vestre
1045 3318 1175 3401 pedibus
1199 3339 1234 3382 ea
1258 3338 1320 3403 qua
1337 3319 1428 3384 decet

233 3430 397 3495 bumilitate
414 3427 615 3513 provolvimur
631 3448 699 3492 oum
716 3427 920 3491 solucionibus
938 3427 1095 3490 uberrimis
1120 3429 1299 3508 graciarum.
1335 3428 1427 3492 Porro

234 3540 314 3623 quod
331 3538 368 3602 de
384 3540 442 3610 via,
459 3557 519 3621 qua
536 3555 681 3619 prospere
696 3535 891 3619 procedendo
908 3555 1082 3618 regnemus,
1096 3535 1284 3599 obstancium
1297 3535 1448 3599 diffisus

234 3654 328 3713 tatum
354 3647 498 3729 repagula
524 3651 724 3717 removentes,
752 3664 807 3708 nos
835 3644 970 3708 voluistis
999 3665 1067 3707 eum
1094 3644 1196 3708 inclito
1226 3663 1301 3726 rege
1325 3645 1430 3708 Sicilie

235 3756 359 3840 speciali
386 3753 594 3819 familiaritatis
624 3759 654 3817 et
680 3753 821 3816 amicicie
849 3753 967 3816 vinculo
996 3751 1174 3816 communiri
1182 3774 1191 3824 ;
1223 3759 1372 3835 concepta
1400 3756 1431 3816 et

237 3866 372 3930 ordinata
399 3885 455 3948 per
480 3862 812 3928 vestramindustriam
839 3861 917 3925 inter
944 3860 1084 3926 dilectam
1119 3861 1208 3925 liliam
1234 3867 1369 3925 nostram
1399 3869 1430 3925 et

328 4010 361 4082 e)
386 4011 424 4064 be
447 4009 627 4064 misericordia
651 4007 769 4063 offeubar
796 4005 891 4061 frlsch.
917 4005 971 4060 Der
990 4006 1135 4060 Schreiber
1156 4021 1268 4060 noceres
1289 4005 1382 4059 Codex
1400 4005 1429 4060 V.

238 4105 285 4160 hav
309 4103 332 4158 G
363 4104 405 4156 fdr
429 4102 465 4162 b,
488 4099 540 4153 und
571 4127 599 4138 —
628 4098 678 4152 mie
706 4097 848 4152 ttlschlich
870 4096 1052 4152 misericordie
1078 4097 1195 4166 geleeeu.
1220 4123 1256 4136 ·-
1281 4095 1313 4164 b)
1342 4095 1429 4150 celet
1549 4132 1550 4157 ,

238 4194 329 4251 cancia
343 4195 372 4248 V.
386 4223 418 4234 -
433 4194 465 4262 e)
480 4192 537 4245 evol
551 4191 597 4244 aul
607 4189 694 4244 Reeur
707 4189 736 4244 V.
751 4215 784 4228 -—
797 4188 833 4257 d)
850 4193 904 4243 tum
916 4187 1058 4242 enitimur
1073 4187 1102 4240 V.

239 4367 416 4380 ἱ---Φο--ν
428 4365 565 4378 *nu-fl

268 4489 293 4550 ἰ)
304 4493 347 4539 ulit
359 4489 447 4538 diesem
459 4491 536 4538 blatta
549 4485 606 4550 (ft)
619 4487 719 4549 beginnt
731 4488 785 4536 eine
799 4501 860 4537 neue
872 4483 980 4546 zthfung
993 4483 1036 4530 der
1049 4479 1231 4542 Quieteruteuer.

266 4584 293 4648 ²)
306 4587 419 4634 tlalcaeht
431 4586 455 4641 3,
468 4583 509 4631 24.
