3168 5124
1210 312 1256 384 ll

71 484 198 569 spacium
215 506 279 552 non
294 486 430 552 haberet.
463 486 526 552 Nos
549 487 641 571 igitur
657 487 805 553 attencius
833 491 1007 570 pensantes,
1036 487 1115 573 quod
1141 485 1263 552 inducie

70 595 224 660 arbitraris
242 603 323 670 sunt,
342 603 372 661 et
389 598 466 681 quod
485 597 632 663 distansia
649 599 783 662 locorum
799 587 927 661 nonest
949 597 1028 670 talis,
1047 597 1127 682 quod
1142 597 1264 662 causari

70 705 127 768 iure
139 707 261 770 valeant
279 727 422 790 supereo
440 708 540 774 datum
557 707 614 770 sibi
630 708 788 772 terminum
805 707 892 772 nimis
905 713 1016 771 artum:
1036 708 1074 771 de
1085 708 1265 790 prudentum

70 815 192 879 virorum
206 816 341 881 ¹consilio
359 824 389 881 et
405 819 634 903 interloquendo
651 818 893 902 pronunciamus,
907 817 1143 901 appeliacionem
1159 817 1264 881 huius-

73 924 144 990 modi
160 945 222 990 uon
238 925 352 990 valere.

346 1131 449 1195 Forma
463 1134 617 1196 sentencie
634 1131 671 1197 ab
688 1134 808 1197 arbitris
824 1131 982 1196 indicibus.

152 1309 185 1373 ln
206 1331 289 1375 nom.
314 1306 409 1392 patris
432 1316 463 1374 et
484 1310 537 1374 tilii
553 1317 583 1376 et
599 1333 623 1375 s.
643 1312 750 1377 sancti.
768 1312 802 1375 F.
819 1311 876 1374 Dei
893 1312 996 1394 gracia
1011 1308 1264 1392 Magdburgensis

74 1420 193 1482 ecclesie
227 1420 404 1503 episcopus,
423 1420 456 1484 C.
485 1421 524 1507 a)
555 1422 754 1486 miseracione
786 1421 885 1485 divina
906 1421 1098 1503 prepositus,
1130 1419 1163 1482 C.
1195 1418 1265 1483 talis

76 1528 208 1603 decanus,
226 1550 284 1594 nos
303 1529 392 1592 electi
409 1529 513 1594 arbitri
527 1550 545 1593 a
558 1531 677 1596 domino
694 1551 730 1595 ac
746 1531 837 1594 nobili
853 1530 916 1594 viro
928 1530 964 1593 N.
974 1549 984 1601 ;
996 1526 1145 1592 -ubei
1162 1528 1265 1609 gracia

77 1636 158 1702 abbas
186 1639 275 1712 talis,
299 1641 333 1702 B.
357 1640 528 1721 prepositus
558 1645 588 1704 et
609 1643 642 1705 Α.
667 1642 800 1704 decanus
830 1639 961 1705 ecclesie
983 1639 1068 1711 talis,
1097 1658 1151 1702 nos
1175 1637 1265 1701 electi

25 1829 31 1844 .
77 1748 166 1812 arbitri
183 1768 201 1811 a
219 1748 344 1812 domino
362 1748 472 1812 abbate
496 1750 626 1813 ecclesie
648 1750 728 1824 talis,
746 1751 777 1813 in
794 1770 897 1822 causa,
914 1769 972 1833 que
989 1749 1116 1812 vertitur
1131 1747 1210 1810 inter
1225 1745 1264 1835 l)

78 1860 190 1922 eundem
203 1859 359 1923 dominum
372 1860 418 1932 B.,
432 1859 633 1923 venerabilem
649 1859 788 1924 abbatem
802 1859 932 1922 ecclesie
944 1858 1080 1940 predicte
1094 1863 1124 1921 et
1136 1856 1266 1920 nobilem

78 1968 157 2031 sirum
172 1975 384 2041 memoratum,
412 1968 457 2031 sic
485 1967 608 2032 arbitrio
637 1969 771 2032 duximus
793 1969 1033 2052 procedendum:
1066 1969 1140 2033 Cum
1168 1967 1265 2033 dictus

79 2075 157 2140 abbas
172 2083 280 2142 contra
293 2075 423 2140 nobilem
440 2079 643 2160 supradictum
655 2078 850 2162 protenderet
862 2077 1011 2142 actionem
1023 2097 1114 2160 super
1126 2097 1173 2149 oo,
1187 2075 1266 2160 quod

79 2187 260 2252 advocaciam
284 2186 380 2270 ipsius
412 2209 466 2250 suc
500 2188 630 2252 ecclesie
668 2209 723 2271 per
759 2189 935 2253 violenciam
971 2187 1113 2251 iniuriose
1144 2185 1265 2250 nimium

22 2351 23 2356 ,
78 2297 224 2372 detineret,
242 2304 274 2364 et
287 2320 427 2382 supereo
442 2298 670 2382 quodhomines
686 2298 780 2382 ipsius
797 2299 960 2363 advocacie
976 2296 1119 2378 angariis,
1133 2297 1267 2360 exactio-

79 2407 155 2471 nibus
171 2408 319 2475 indebitis
336 2431 372 2476 uc
390 2407 526 2492 dampnis
544 2408 685 2491 gravibus
703 2409 866 2481 affecisset,
884 2429 939 2472 nos
956 2406 1079 2472 arbitrio
1102 2406 1140 2469 dc
1162 2407 1266 2470 volun-

81 2521 265 2602 tatcpartium
274 2525 418 2603 suceptor
433 2520 482 2606 a),
496 2525 527 2582 et
539 2517 595 2582 sub
608 2517 904 2583 manusnostrasfidc
918 2518 988 2582 data
1000 2516 1056 2582 sub
1069 2537 1147 2600 pena
1160 2517 1266 2580 decern

23 2679 24 2696 s
81 2629 272 2705 marcharum,
302 2653 358 2715 per
374 2628 695 2695 excommunicacionis
721 2629 922 2701 sentenciam,
951 2629 1032 2692 iacta
1059 2626 1266 2690 nichilominus

22 2739 23 2756 ¹
82 2739 283 2817 promissione,
314 2741 394 2825 quod
423 2740 518 2803 eciam
548 2759 581 2802 se
604 2744 790 2803 servaturum
816 2742 952 2821 prelatus
974 2736 1082 2800 nobilis
1110 2735 1141 2798 in
1163 2754 1267 2798 manus
1302 2813 1307 2826 .

22 2907 24 2940 ξ
82 2845 177 2913 domini
191 2851 329 2935 episcopi
342 2850 410 2914 talis
424 2848 592 2913 dinoscitur
606 2849 794 2931 promisisse,
807 2847 964 2912 statuimus
978 2851 1009 2910 et
1020 2845 1194 2910 mandamus
1211 2844 1266 2908 sub

22 2955 23 2962 ’
83 2959 174 3022 eadem
190 2982 269 3044 pena
282 2961 409 3024 firmiter
425 2959 596 3031 observari„
613 2965 646 3022 ut
660 2959 805 3022 videlicet
825 2957 878 3030 hii,
901 2957 951 3041 qui
974 2955 1111 3040 predicte
1135 2955 1266 3019 ecclesie

85 3065 203 3133 officinas
218 3073 408 3155 irruperant;
431 3090 449 3132 a
471 3067 590 3132 domino
607 3066 717 3133 abbate
734 3067 851 3131 veniam
869 3073 899 3131 et
914 3064 1116 3131 absolucionis
1132 3064 1267 3147 graciam

85 3179 267 3258 postularent,
297 3204 315 3247 a
343 3201 401 3265 quo
430 3198 502 3241 sane
532 3177 696 3242 secundum
723 3179 849 3242 lormam
872 3176 1002 3242 ecclesie
1030 3175 1141 3239 fuerint
1168 3175 1268 3237 taliter

86 3284 208 3364 absoluti,
232 3295 257 3356 si
282 3293 401 3357 scilicet
417 3288 545 3354 cilicinis
568 3288 683 3351 eisdem
699 3287 887 3351 restituerint
907 3287 1047 3351 universa
1063 3285 1137 3367 ipsis
1154 3284 1266 3355 ablata,

86 3399 111 3457 ut
135 3399 252 3480 quilibet
282 3421 384 3480 eorum
410 3397 537 3481 prestito
565 3397 729 3460 iuramento
752 3395 932 3468 affirmaret,
956 3416 990 3458 se
1010 3394 1181 3460 reddidisse
1205 3393 1266 3457 lide

86 3499 150 3569 bona
166 3510 272 3584 omnia,
291 3532 348 3596 quc
364 3510 395 3572 in
411 3507 475 3572 cius
493 3507 533 3594 d)
551 3526 635 3570 usum
659 3506 696 3569 de
720 3503 827 3569 ablatis
852 3504 1034 3589 quibuslibet
1061 3503 1263 3568 devenissent.

23 3627 25 3638 ’
86 3611 179 3684 lerum
193 3623 289 3690 eciam
308 3619 426 3686 domiuo
443 3617 546 3682 abbati
562 3616 699 3700 predicto
723 3615 858 3679 duximus
874 3614 1100 3696 iniungendum,
1118 3619 1264 3698 quatenus

88 3723 204 3811 dampnis
241 3734 368 3817 aliisque
415 3727 532 3792 iniuriis
575 3723 768 3789 renunciaret
812 3743 953 3807 expresse
998 3743 1191 3810 quascunque
1234 3725 1265 3788 in

87 3838 205 3913 personis
222 3844 269 3907 vel
286 3843 317 3915 in
332 3840 424 3904 rebus
442 3838 469 3902 ei
486 3837 533 3901 vel
551 3834 682 3900 ecclesie
699 3854 753 3897 sue
769 3853 825 3915 per
841 3853 874 3896 se
891 3834 938 3897 vel
954 3853 1010 3916 per
1031 3834 1106 3901 alios
1118 3834 1264 3918 'prefatus

88 3944 177 4011 nobilis
192 3949 350 4016 intulisset.
373 3949 490 4028 vEidem
507 3951 607 4011 autem
622 3943 713 4008 nobili
727 3923 782 4006 sub
795 3943 881 4024 penis
894 3943 1077 4027 precipimus
1090 3943 1264 4017 antedictis,

90 4057 305 4127 utrenunciaret
319 4060 377 4123 iuri
394 4037 557 4123 advocacie
574 4055 654 4139 quod
669 4051 783 4117 habere
805 4051 980 4125 videbatur,
1003 4059 1150 4139 quatenus
1173 4074 1265 4137 super

93 4182 120 4226 eo
140 4180 322 4238 memoratam
346 4169 507 4235 ecclesiam
530 4167 567 4230 de
591 4171 693 4228 cetero
717 4162 794 4226 nullo
817 4161 1019 4243 inpedimento
1042 4163 1090 4228 vel
1106 4163 1262 4229 obstaculo

91 4289 268 4358 prepararet.
302 4279 445 4363 Receptis
467 4277 560 4361 igitur
581 4276 640 4338 hiis
662 4271 826 4344 mandatis,
850 4269 958 4334 nobilia
975 4272 1143 4338 antedictus
1161 4292 1263 4340 coram

80 4379 192 4454 ,domino
213 4397 352 4477 episcopo
370 4394 551 4463 memorato,
573 4384 673 4452 multis
694 4381 766 4446 viris
788 4378 925 4443 lidelibus
949 4386 980 4447 et
1001 4382 1137 4448 honestis
1159 4389 1378 4450 asten-rums.

170 4511 236 4624 alli.
249 4559 276 4614 Ζ.
292 4591 321 4600 -
338 4557 371 4630 i)
385 4559 456 4612 inter
470 4556 537 4610 sebit
546 4555 577 4609 V.
592 4585 623 4597 -
638 4550 670 4621 c)
683 4550 811 4616 suspecto
823 4541 853 4600 V.
868 4573 902 4586 -
915 4545 951 4618 d)
964 4546 1115 4618 portionem
1128 4548 1173 4602 val
1185 4547 1215 4608 Z.
1271 4629 1277 4640 ¹
