3168 5124
401 693 559 754 tractatus
577 690 613 752 de
629 690 854 774 procuratoriis.

546 831 675 878 Distinotio
693 833 729 876 tv.

126 984 275 1066 Quoniam
298 987 382 1051 citati
404 987 442 1050 ad
464 987 605 1049 iudicium
634 985 814 1069 quandoque
841 1006 897 1068 per
924 1007 957 1048 sc
981 984 1160 1068 quandoque
1181 1005 1238 1067 per

46 1100 262 1176 procuratorem
292 1117 467 1180 comparere
497 1097 608 1170 solent,
639 1096 793 1159 sciendum
822 1096 901 1180 quod
929 1100 1107 1179 procurator
1137 1095 1236 1159 multis

45 1204 129 1268 nodis
144 1205 321 1270 instituitur.
351 1209 406 1270 Est
422 1207 500 1270 euim
517 1206 623 1290 aliquis
640 1212 818 1288 procurator
833 1207 864 1268 in
880 1205 1007 1269 solidum
1021 1205 1069 1268 vel
1085 1205 1117 1268 in
1131 1209 1237 1278 totum,

45 1314 109 1378 atius
123 1317 159 1379 ad
176 1317 343 1399 petendum
360 1316 513 1388 inducias,
536 1316 610 1378 alius
627 1315 666 1379 ad
688 1315 877 1396 allegandum
894 1315 1081 1398 inpotentius
1098 1313 1237 1377 veniendi

44 1425 83 1486 rel
117 1427 151 1488 ad
189 1427 420 1510 proponendum
460 1427 672 1508 excepcionem
706 1426 873 1488 dilatoriam
914 1430 1017 1488 contra
1058 1423 1238 1487 citacionem

44 1537 267 1617 peremptoriam
299 1536 423 1599 racione
455 1535 599 1598 messium
631 1534 678 1597 vei
702 1534 927 1597 uindemiarum.
963 1533 1111 1598 Statuitur
1142 1531 1238 1595 eciam

44 1652 207 1725 procurator
222 1645 263 1708 ad
280 1644 509 1727 impetrandum,
526 1644 564 1707 ad
581 1643 858 1714 contradicendum,
874 1642 913 1706 ad
929 1643 1137 1726 appellandum
1154 1641 1238 1704 etad

16 1793 18 1802 ,
44 1755 145 1818 iudices
162 1756 332 1838 eligendos.
365 1755 475 1820 Ultimo
500 1756 595 1818 eciam
615 1753 755 1817 statuitur
775 1760 954 1835 procurator
970 1753 1174 1817 universitatis
1191 1751 1237 1815 vel
1248 1770 1292 1810 ru.
1303 1771 1353 1810 138.

46 1863 152 1947 collegii
170 1865 313 1938 alicuius
331 1870 508 1936 conuentus,
525 1865 576 1948 qui
593 1863 623 1926 in
640 1864 704 1927 iure
721 1864 855 1928 sindicus
872 1865 911 1952 a)
928 1864 1103 1947 appellatur.

122 1976 197 2038 Sunt
211 1975 312 2038 eciam
329 1975 456 2058 quedam
469 1995 610 2057 persone,
628 1995 686 2058 que
703 1975 768 2037 sine
780 1975 921 2039 mandato
934 1973 1097 2059 aliquorum
1111 1978 1237 2057 possunt

42 2086 154 2166 negocia
169 2105 338 2168 procurare
355 2091 386 2148 et
401 2090 547 2148 uocantur
557 2085 589 2146 in
600 2085 665 2146 iure
682 2086 850 2151 coniuncte
861 2109 1012 2174 persone,
1025 2091 1058 2150 ut
1068 2091 1156 2168 pater
1170 2082 1234 2157 filii,
1290 2103 1293 2108 ’

42 2193 106 2256 titius
126 2195 234 2277 patrio,
254 2201 285 2258 et
301 2195 367 2257 sine
388 2195 485 2259 literis
507 2195 711 2257 admittuntur.
756 2195 794 2259 Et
817 2195 982 2259 secundum
1004 2196 1082 2259 hanc
1105 2195 1233 2258 diversi-

16 2387 17 2398 ἶ
43 2311 123 2370 tatem
158 2311 395 2389 procuratorum
433 2305 521 2370 litere
561 2306 769 2387 procuratorio
807 2325 875 2369 cum
899 2306 938 2392 ὂ)
970 2307 1131 2389 diligencia
1163 2309 1233 2369 sunt

16 2403 192 2514 {fundanda
233 2420 433 2482 Procurator
474 2417 509 2480 in
539 2417 674 2481 solidum
707 2421 754 2480 cst
778 2418 821 2489 is,
855 2437 943 2500 quem
974 2415 1081 2499 aliquis
1113 2417 1144 2478 in
1174 2435 1233 2479 una

16 2522 120 2589 fcausa
136 2528 174 2614 ο)
205 2526 416 2611 procuratorio
447 2525 624 2607 litigandum
657 2525 828 2598 constituit;
868 2527 927 2590 hoc
958 2524 1082 2589 verbum
1112 2525 1233 2608 litigare

16 2659 17 2664 ¹
42 2642 123 2700 totum
152 2638 298 2720 importat
329 2641 359 2698 ct
388 2632 457 2697 talis
485 2639 665 2716 procurator
692 2634 784 2698 debet
810 2655 866 2717 per
892 2637 990 2700 omnia
1019 2640 1099 2699 stare
1132 2655 1234 2698 coram

43 2746 196 2820 iudicibus,
226 2746 302 2809 alias
332 2765 391 2808 non
420 2744 586 2807 admittitur
613 2765 670 2806 nec
693 2745 820 2809 auditur.
849 2747 930 2809 Idem
949 2747 1040 2810 debet
1057 2768 1165 2810 cavere
1181 2767 1237 2829 per

16 2849 17 2904 Ὗ
45 2856 142 2930 omnia,
159 2856 243 2940 quod
262 2860 322 2918 stet
338 2854 449 2941 iudicio
469 2873 589 2925 eorum,
607 2854 636 2916 id
654 2860 701 2917 cst
721 2861 839 2937 oportet
856 2879 923 2921 eum
939 2863 1077 2941 prestare
1096 2863 1238 2921 constan-

45 2964 109 3028 ciam
139 2965 242 3030 standi
274 2965 305 3026 in
336 2962 456 3026 iudicio.
492 2963 613 3026 Summa
645 2968 744 3027 autem
777 2966 893 3029 cautela
926 2965 1095 3030 adhihenda
1128 2972 1175 3029 est
1206 2967 1237 3028 in

45 3074 258 3156 procuratoriis,
292 3073 366 3135 ltem
382 3071 408 3132 si
426 3070 535 3134 citatus
552 3092 611 3134 non
627 3092 682 3153 per
704 3092 738 3134 sc
755 3073 810 3135 sed
825 3093 881 3155 per
896 3080 1123 3156 procuratorem
1139 3077 1236 3139 miuus

16 3259 18 3282 k
46 3183 256 3248 sufficientibus
286 3183 383 3246 literis
416 3183 555 3244 inventus
587 3181 678 3244 suerit
700 3181 741 3266 d)
770 3183 816 3244 vei
839 3185 1037 3266 apparuerit,
1077 3192 1235 3249 contumax

16 3297 17 3324 ³
45 3293 200 3366 iudicatur;
227 3291 314 3355 verbi
332 3291 451 3372 gracia:

82 3517 318 3580 Procuratorium
335 3515 373 3577 ad
389 3512 550 3595 petendum
566 3512 704 3576 inductos
722 3513 770 3576 rel
786 3517 970 3595 probandum
988 3517 1198 3598 tmpotenctam

557 3623 709 3686 veniendi.

16 3763 18 3814 ff
121 3803 352 3871 Venerabilibus
376 3801 503 3865 dominis
527 3808 557 3865 et
579 3803 610 3864 in
633 3803 752 3868 Christo
778 3804 897 3868 dilectis
918 3808 952 3871 Α.
971 3812 1002 3871 et
1016 3807 1052 3869 D.
1077 3807 1236 3893 talione)

48 3917 231 3980 eeclesiarum
255 3913 418 3996 episcopis,
439 3910 591 3974 iudicibus
615 3932 632 3974 a
655 3913 728 3977 sede
751 3915 917 3997 apostolica
946 3916 1095 3998 delegatis
1116 3916 1143 4003 1)
1159 3917 1187 3981 J.
1207 3923 1237 3980 et

105 4135 142 4203 a)
162 4103 285 4185 funditus
304 4129 332 4182 V.
353 4157 389 4168 --
408 4128 441 4196 d)
461 4090 560 4182 tanturn
579 4129 610 4183 V.
630 4159 665 4170 -
683 4130 714 4198 e)
736 4147 800 4184 cura
813 4132 844 4185 V.
859 4162 893 4173 -
906 4133 941 4202 d)
957 4133 1070 4187 munitus
1084 4135 1186 4188 venerit
1200 4137 1229 4190 Z.

48 4227 72 4296 e)
85 4226 177 4280 talibus
189 4225 221 4279 V.

48 4396 359 4410 ——-———--

74 4515 141 4574 ¹)1tic
168 4518 255 4564 drabo
274 4529 320 4561 rou
343 4511 488 4568 tlagdoburg
508 4511 554 4554 und
569 4511 642 4576 cotn;
663 4517 801 4573 rergleichc
825 4515 863 4562 dio
889 4519 1084 4576 rochergehcudc
1105 4518 1234 4567 citatione·

105 4599 195 4646 fornel.
