3132 5126
315 317 365 394 38

313 491 419 558 modus
446 493 602 559 sentencie
628 493 696 560 talis
727 501 788 560 est:
814 495 956 562 scribitur
983 498 1113 584 capitulo
1135 500 1182 563 vel
1204 500 1429 584 metropolitano
1455 500 1497 562 rel

314 602 484 688 dyocesauo
501 603 605 670 ordine
618 605 809 671 salutacionis
822 614 978 683 consueto,
992 615 1023 673 et
1035 609 1190 675 succincte
1203 631 1258 676 seu
1269 611 1400 676 breviter
1415 629 1498 675 cause

312 715 419 778 merita
436 714 654 781 enarrabuntur
670 721 710 790 et,
727 716 807 782 sicut
821 717 853 782 in
868 738 961 786 causa
976 739 1154 804 processum
1170 726 1228 795 θεῖ,
1243 721 1421 804 allegabitur
1434 721 1497 784 binc

313 829 344 890 et
359 825 447 900 iude,
463 827 494 890 in
509 825 568 892 fine
586 827 893 911 condempnacionem
908 829 955 894 rel
968 830 1192 897 absolucionem
1204 831 1290 897 litere
1303 830 1499 903 continebunt,

311 927 353 998 ita
370 955 491 1018 semper
505 935 595 1019 quod,
612 936 637 999 si
654 937 810 1002 sentencia
825 944 873 1003 est
888 937 1044 1004 diffinitiva
1059 941 1111 1029 a),
1127 941 1185 1006 hoe
1201 939 1340 1005 verbum:
1365 945 1500 1015 „senten-

312 1043 418 1108 ciando
447 1044 592 1111 dicimus“
621 1046 685 1121 rel,
716 1047 742 1111 si
770 1052 817 1112 θεῖ
847 1047 1080 1142 interlocutoria,
1107 1050 1166 1114 boc
1192 1049 1331 1114 verbum:
1364 1050 1500 1125 „interlo-

312 1154 429 1237 quendo
457 1154 618 1231 dicimus“‚
642 1177 699 1242 que
722 1176 795 1222 sane
817 1157 909 1224 verba
929 1159 1098 1225 nullatenus
1127 1135 1318 1242 negligantur
1341 1166 1382 1232 et,
1406 1160 1432 1223 si
1456 1165 1498 1223 θεῖ

310 1263 434 1328 arduum
450 1267 620 1348 negocium,
638 1274 805 1352 apponetur
821 1269 849 1332 ei
865 1270 1032 1344 sentencia,
1049 1270 1168 1335 scilicet
1183 1271 1241 1347 ,de
1253 1277 1368 1335 maturo
1382 1272 1500 1335 iratnun

311 1375 434 1440 consilio
452 1382 656 1442 nostrorum“.
674 1378 847 1462 Exemplum
864 1381 950 1444 infra.

397 1487 589 1574 deputarem
604 1487 724 1553 domini
733 1510 825 1576 pape
845 1491 1008 1557 sentencie
1022 1490 1154 1555 Romane
1178 1489 1260 1554 curie
1282 1490 1419 1575 predicte
1445 1511 1497 1574 per

310 1595 407 1659 omnia
431 1596 527 1660 solent
550 1616 619 1660 esse
642 1599 822 1664 conformes.
847 1599 979 1664 Aliorum
1001 1605 1101 1664 autem
1128 1599 1260 1664 iudicum
1289 1599 1499 1665 ordinariorum

308 1705 481 1779 sentencie,
503 1705 529 1767 si
545 1706 576 1769 in
591 1707 719 1789 negocio
743 1707 823 1792 quod
842 1709 942 1790 agitur
958 1709 1075 1774 directo
1091 1709 1194 1773 ordine
1213 1709 1368 1774 iudiciario
1384 1710 1500 1794 sitpro·
1524 1758 1526 1764 .

308 1833 438 1889 cessum,
454 1815 485 1879 id
502 1821 559 1888 est,
576 1817 601 1880 si
617 1818 768 1900 precessit
784 1818 908 1892 citacio,
924 1819 984 1883 litis
1001 1818 1198 1892 contestaeio,
1214 1820 1335 1884 testium
1350 1819 1499 1905 reeepciu

306 1926 337 1991 in
350 1927 471 2011 scriptis
484 1935 552 1994 sunt
565 1949 667 1993 omnes
684 1931 826 2004 ferende;
842 1931 874 1994 in
889 1931 1014 1995 notoriis
1031 1937 1133 1995 autem
1142 1932 1242 2005 laetis,
1256 1937 1358 2016 utpote
1372 1933 1499 2005 delictis,

306 2035 393 2101 furtis
406 2038 452 2102 vel
465 2037 631 2113 maleficiis,
644 2059 704 2102 non
715 2040 877 2125 requiritur
892 2041 1096 2124 sollempnitas
1110 2039 1226 2124 scripti,
1243 2041 1297 2106 sed
1311 2040 1427 2106 sufficit
1442 2047 1500 2105 uta

305 2147 407 2213 iudice
423 2149 515 2214 verbo
532 2150 733 2234 proferantur.
750 2149 923 2233 Exemplum
939 2150 1025 2215 intra.

394 2258 625 2348 Deleyctor‘om
656 2282 729 2325 aero
760 2261 900 2326 iudicum
931 2260 1087 2324 sentencie
1119 2260 1146 2323 si
1177 2266 1247 2325 sunt
1277 2258 1499 2326 interlocutoria

304 2369 418 2435 babent
448 2369 538 2435 istum
569 2370 699 2435 modum.
749 2370 928 2434 Scribuntur
963 2371 1058 2454 primo
1095 2351 1228 2436 iudicum
1251 2371 1290 2461 l)
1323 2375 1445 2437 nomina
1474 2380 1501 2436 et

305 2479 436 2543 dicatur:
464 2498 503 2554 ,a
526 2478 600 2542 sede
623 2478 790 2562 apostolica
804 2479 852 2542 vel
869 2480 906 2543 N.
924 2479 1154 2563 archiepiscopo
1176 2481 1223 2544 uel
1246 2479 1394 2563 episcopo
1418 2482 1496 2546 dele-

303 2595 475 2673 gatorum“,
493 2589 601 2653 deiude
629 2595 756 2672 ponatur
773 2589 933 2672 excepcio,
957 2590 1064 2653 deinde
1080 2590 1259 2674 replieacio,
1282 2591 1393 2656 deinde
1410 2592 1497 2677 repli-
1531 2591 1535 2599 '

304 2698 437 2763 cacionis
453 2699 501 2763 vel
520 2698 711 2781 excepcionis
728 2699 872 2762 admissio
889 2699 936 2763 vel
951 2698 1093 2781 repulsio.

186 2792 290 2838 ΝΜ·
393 2809 426 2876 si
454 2829 525 2872 vero
555 2807 711 2873 diffinitiva
732 2809 773 2873 sit
794 2808 960 2880 sentencia,
984 2809 1147 2872 eorundem
1163 2810 1294 2874 iudicum
1316 2812 1425 2876 modus
1443 2809 1496 2875 erit
1539 2855 1540 2862 .

301 2918 385 2984 talis:
415 2923 599 3002 preponatur
616 2918 653 3004 ο)
684 2919 736 2995 „lu
752 2917 869 2983 nomine
897 2917 991 3000 patris
1014 2923 1045 2981 et
1065 2916 1117 2981 lilii
1134 2924 1215 2984 etc.“
1239 2913 1348 3004 postea
1380 2921 1497 2986 nomina
1530 2973 1532 2978 .

301 3028 442 3100 iudicum,
460 3027 569 3091 deinde
586 3026 703 3091 dicetur
718 3025 749 3090 in
765 3025 871 3090 eadem
887 3026 928 3115 d)
945 3027 1112 3100 sentencia,
1129 3028 1208 3112 quod
1225 3029 1313 3112 plene
1331 3028 1506 3102 didicerunt,

299 3138 346 3201 vel
373 3136 632 3219 investigaverunt
659 3158 751 3201 cause
778 3135 916 3200 meritum
945 3141 976 3200 et
1004 3137 1048 3200 eis
1077 3137 1114 3200 de
1136 3137 1203 3220 ipso
1225 3158 1372 3221 processu
1389 3139 1497 3223 proba-

300 3248 395 3313 cionis
414 3247 451 3336 e)
468 3246 556 3330 plene
574 3253 694 3312 constet
711 3252 742 3310 et
758 3247 803 3310 sic
819 3247 976 3311 absolvant
991 3247 1038 3310 vel
1055 3248 1276 3330 condempnent
1297 3249 1404 3335 1⁶),ita
1422 3249 1497 3335 quod

298 3359 357 3422 lloc
370 3358 494 3422 verbum
513 3357 769 3432 „sentenciando“
788 3357 955 3421 nullatenus
971 3357 1150 3441 negligatur.

388 3469 589 3534 Arbitrorum
604 3467 645 3553 a)
667 3491 742 3535 vero
768 3468 908 3547 iudicum
924 3467 1081 3530 sentencie
1097 3468 1188 3531 talem
1217 3470 1336 3533 modum
1368 3471 1495 3536 habent:

299 3579 481 3663 premittitur
499 3579 551 3653 ,ln
567 3579 686 3643 nomine
707 3577 802 3664 patris
826 3583 906 3641 etc.“
931 3583 962 3641 et
982 3583 1090 3660 postea
1111 3579 1301 3642 nominantur
1322 3579 1494 3666 arbitrii),

299 3688 408 3753 deinde
431 3687 534 3771 quales
557 3687 613 3750 sub
639 3687 717 3774 quali
739 3686 867 3770 negocio
891 3686 1064 3752 discordent
1087 3686 1162 3751 etin
1186 3706 1244 3771 qua
1265 3707 1345 3770 pena
1367 3691 1415 3754 vel
1438 3709 1493 3774 qua

298 3798 394 3861 torma
421 3795 452 3860 in
479 3795 562 3878 ipsos
592 3796 720 3860 arbitros
749 3796 788 3860 sit
816 3796 1007 3860 commissum
1035 3801 1066 3859 et
1093 3800 1200 3879 postea
1228 3794 1432 3863 descendatur
1458 3797 1494 3862 ad

298 3906 604 3990 condempnacionem
631 3906 678 3970 vel
695 3906 919 3972 absolucionem
941 3927 997 3989 per
1019 3906 1284 3970 commutacionem
1305 3907 1349 3970 rei
1379 3909 1418 3972 de
1440 3926 1496 3993 qua

297 4015 397 4099 agitur
425 4020 455 4079 et
481 4035 678 4098 personarum
706 4015 868 4098 agentium.
915 4017 954 4080 Et
981 4016 1040 4080 hoc
1068 4015 1252 4098 intelligatur
1279 4015 1318 4079 dc
1340 4015 1495 4082 sentencia

299 4126 467 4192 arbitraria.
485 4125 661 4210 Exemplum
677 4127 765 4190 intra.

391 4290 425 4360 e)
445 4289 559 4344 diffinita
572 4289 602 4344 v,
621 4318 658 4330 -
678 4290 710 4362 d)
730 4289 826 4346 iudicis
845 4289 872 4345 Z.
896 4319 923 4330 -
948 4290 979 4358 c)
999 4307 1075 4364 prep.
1095 4289 1164 4346 fehlt
1176 4288 1206 4346 V.
1226 4321 1260 4332 -
1280 4288 1314 4363 d)
1335 4293 1394 4367 ipsa
1413 4289 1441 4348 Ζ.
1461 4317 1494 4332 ...

297 4381 329 4450 e)
344 4380 547 4452 probueiouibua
561 4383 591 4436 V.
614 4409 643 4423 -
665 4381 697 4454 f)
713 4382 909 4452 condempnant
921 4383 951 4437 V.
966 4411 1002 4422 -
1013 4384 1049 4456 p)
1069 4383 1195 4439 arbitrum
1210 4379 1239 4438 V.
1256 4415 1285 4425 -
1300 4381 1334 4454 b)
1348 4386 1496 4439 cominatur

227 4485 232 4493 ”
297 4473 398 4528 arbiter
411 4474 439 4526 Z.
