3100 5116
1169 377 1243 450 371

49 563 205 648 delegatas
222 572 253 630 et
265 586 321 649 per
331 567 427 630 virum
443 568 598 650 providum
615 566 801 649 capellanum
817 567 901 626 tuum
918 559 1049 623 discrete
1065 553 1247 638 propositas,

49 672 255 738 condecenter
277 675 468 748 admisimus,
497 681 528 739 et
549 673 724 739 absenciam
744 679 826 737 tuam
848 669 886 733 ad
902 685 1028 753 presens
1045 660 1336 746 aequanimiterne
1346 683 1365 711 ¹·

48 787 273 866 supportamus,
295 784 474 849 mandantes
495 785 611 868 pariter
633 791 664 849 et
679 783 826 851 volentes,
849 783 996 863 quatenus
1013 775 1098 847 alias,
1116 793 1185 838 cum
1208 775 1247 839 ad

48 890 159 954 curiam
172 898 312 957 nostram
323 894 496 958 necessario
508 900 539 958 te
556 892 658 958 vocari
675 889 858 973 contingerit
874 890 928 977 o),
946 886 982 950 ad
1002 885 1128 950 eandem
1144 883 1248 949 venias

47 997 178 1064 indilate.

134 1162 214 1219 Obeu
234 1181 261 1234 p.
279 1165 343 1223 210,
362 1182 405 1218 no.
424 1163 460 1217 30
479 1165 515 1218 161
533 1165 574 1218 ein
597 1164 779 1232 ldnigliohes,
802 1179 835 1218 ar
853 1163 930 1217 einen
948 1157 1062 1215 Bisohol
1080 1157 1247 1230 geriehtetee

46 1252 355 1321 liinladuogssclrreibeu
375 1271 433 1308 sum
455 1249 628 1322 Ndrnberger
645 1253 806 1323 Raiobstage
828 1251 1001 1324 (12711166.
1029 1247 1164 1321 11-19.)
1184 1247 1247 1302 mit·

48 1343 167 1409 getheilt.
194 1345 231 1398 Es
251 1343 287 1399 ist
305 1345 432 1416 mdglioh,
450 1343 513 1400 dass
533 1361 615 1400 unser
632 1344 706 1399 Briel
721 1361 755 1398 aa
770 1343 853 1415 jener
872 1340 988 1403 Bieeboi,
1009 1340 1059 1394 der
1080 1357 1112 1393 zu
1124 1339 1245 1396 hommem

47 1433 202 1489 verbindert
223 1451 293 1497 war,
319 1435 386 1490 nach
409 1435 468 1489 dem
487 1434 647 1506 Reichstege
670 1433 789 1491 erlassen
813 1435 863 1497 iet3
886 1433 955 1487 daun
978 1429 1070 1485 wilrde
1093 1447 1122 1484 er
1144 1431 1170 1484 in
1192 1429 1245 1485 den

47 1524 195 1581 November
209 1523 278 1579 oder
291 1526 442 1582 December
455 1524 528 1580 1271
542 1526 672 1596 gehbren.

620 1770 683 1840 22.

470 1948 530 2012 lex
546 1951 631 2030 reget
647 1947 817 2026 religiosos.

611 2105 690 2160 1271.

47 2250 128 2322 111619
145 2250 256 2323 uecors
270 2251 344 2306 linet
363 2252 422 2307 6166
436 2250 574 2324 9616111616
593 2249 790 2323 Korperaoboft
807 2267 851 2305 um
870 2252 955 2306 deren
974 2250 1095 2306 noscito
1114 2251 1164 2322 sar
1185 2249 1243 2306 eleb

48 2342 99 2396 uod
120 2341 199 2398 aeine
227 2340 382 2405 Gemellino,
408 2342 543 2398 demirer
568 2342 612 2396 die
637 2340 688 2397 ilem
713 2342 760 2398 mit
777 2343 827 2396 der
849 2341 1046 2414 Kdnipeeodrdc
1067 2341 1243 2413 abertrogene

345 2430 464 2490 66166666
476 2431 597 2504 Aufioobe
609 2431 781 2505 repenareicb
793 2431 943 2503 eolldrinpe.

132 2576 262 2639 Gerbert,
278 2577 307 2638 1,
318 2578 361 2632 21.

129 2723 176 2788 dd
205 2725 361 2808 speculam
384 2726 541 2808 dignitatis
564 2725 648 2809 regie
671 2724 866 2789 ordinacione
889 2725 988 2789 divina
1004 2725 1152 2807 provecti,
1171 2725 1240 2788 dum

44 2832 233 2916 inportabilia
257 2854 366 2906 onera,
400 2837 512 2899 nostris
536 2835 669 2900 humeris
697 2833 927 2906 incumbencia,
956 2832 1118 2915 diligenter
1139 2838 1240 2897 atten-

45 2941 148 3015 dimus,
164 2943 238 3007 dum
254 2944 286 3009 in
306 2945 420 3009 trutim
441 2947 583 3010 continue
606 2943 817 3009 meditaeiouis
834 2942 1031 3026 appendimus
1048 2941 1237 3026 propriarum

43 3051 275 3120 imbecillitatem
288 3062 318 3120 et
333 3055 582 3120 insufficienciam
601 3056 718 3128 virium,
735 3061 766 3120 61
782 3054 917 3138 suscepti
932 3053 1045 3118 laboris
1062 3053 1240 3137 inspicimus

44 3163 232 3244 gravitatem,
246 3163 422 3251 quodamb)
429 3164 567 3228 nimirum
579 3166 687 3229 timore
700 3171 731 3229 61
744 3171 873 3228 tremore
886 3169 1009 3246 stupere
1022 3163 1239 3246 compellimur,

45 3274 101 3354 qui,
117 3274 235 3356 gradm
250 3274 503 3356 preeminenoiam
520 3283 552 3339 et
566 3279 759 3358 perspectam
782 3274 924 3337 deorsum
940 3272 1035 3337 abissi
1052 3273 1161 3337 laciem
1176 3274 1240 3338 for-

44 3380 206 3456 midantes,
237 3402 273 3445 ne
301 3383 361 3446 loci
385 3384 426 3470 c)
445 3383 588 3448 terribilis
611 3383 759 3448 celsitudo
781 3383 825 3470 d)
840 3383 1016 3465 plerumque
1045 3402 1099 3444 nos
1115 3388 1258 3454 1666661,1

45 3509 76 3553 er
107 3489 221 3556 fiducia
255 3498 355 3555 tamen
390 3491 488 3555 divine
524 3492 689 3555 clemencie
727 3492 909 3562 relevamur,
946 3497 1122 3574 sperantes,
1158 3493 1239 3576 quod

41 3598 125 3664 huius
141 3601 305 3684 procellosi
319 3607 350 3664 et
368 3602 499 3683 spaciosi
513 3602 603 3664 maris
620 3600 697 3664 illesi
714 3599 843 3664 transire
859 3600 1010 3682 possimus
1027 3601 1196 3684 angustias,
1214 3604 1240 3668 si

44 3709 143 3774 salutis
161 3715 193 3774 et
209 3710 314 3792 gracie
331 3709 418 3773 nobis
436 3710 604 3793 impetretis
629 3709 779 3781 auxilium,
796 3709 848 3793 qui
865 3709 970 3773 celesti
988 3730 1101 3794 sponso
1118 3711 1148 3775 in
1165 3732 1240 3777 eon-

44 3820 171 3884 scienoie
200 3827 301 3884 vestre
318 3820 359 3904 e)
387 3821 503 3885 deliciis
530 3821 629 3884 locum
656 3820 795 3884 floridum
822 3820 1017 3902 preparastis.
1052 3819 1131 3903 Quid
1160 3824 1239 3887 enirn

42 3926 120 3990 vobis
137 3950 156 3992 a
172 3929 287 4012 pietate
304 3929 404 3992 divina
421 3929 592 4011 negabitur,
615 3929 666 4015 qui
692 3948 811 4010 semper
831 3928 910 3991 illam
933 3930 1107 3993 mereamini
1126 3930 1239 3994 habere

44 4037 205 4119 propiciam
228 4037 371 4101 virtutum
396 4039 528 4103 candore
551 4045 582 4104 et
603 4038 769 4122 degranoia
793 4057 917 4122 operum
948 4038 1127 4104 beatorum?
1159 4039 1239 4123 Quid

44 4145 116 4228 apud
132 4147 270 4230 reginam
287 4148 498 4230 prefulgidam,
511 4155 636 4212 matrem
652 4149 719 4221 Dei,
742 4155 844 4211 vestra
858 4167 918 4210 non
936 4153 1078 4231 poterunt
1099 4150 1237 4216 obtinere

44 4256 198 4334 preconia,
227 4275 354 4338 quorum
370 4257 486 4321 meritis
504 4259 598 4341 fulget
614 4257 763 4330 ecclesia,
785 4260 871 4340 viget
886 4258 1014 4321 mundus
1033 4259 1188 4341 exemplis,
1206 4267 1237 4324 61

43 4363 154 4442 prolicit
183 4365 291 4448 religio
320 4366 506 4431 christiana?
536 4367 614 4451 Quid
638 4369 687 4432 illa
710 4367 879 4431 clarissima
902 4367 1011 4431 civium
1028 4367 1111 4432 acies
1128 4389 1236 4452 super-

130 4546 165 4615 a)
176 4548 230 4599 eie!
243 4546 272 4599 V.
287 4565 311 4600 u.
327 4549 354 4600 Z.
361 4578 392 4587 -,
403 4549 434 4619 b)
448 4551 617 4619 quoddamV.
634 4583 666 4589 -
680 4550 712 4617 c)
725 4549 777 4604 loci
789 4548 901 4602 forsitan
909 4550 1021 4617 Z.-d)
1037 4549 1146 4601 altitudo
1159 4550 1186 4603 Z.
1202 4578 1235 4589 -

47 4632 76 4698 e)
93 4640 181 4693 nostre
201 4637 228 4694 Ζ.

961 4727 1018 4786 a·
