3114 5110
301 326 377 394 248

179 498 502 579 satraparvipensis,
516 520 574 562 non
590 499 802 572 attendentes,
832 500 929 582 quod
947 501 1046 563 cede
1060 519 1089 562 m
1107 500 1218 581 regie
1234 519 1378 582 preces
1394 502 1429 566 iu
1445 524 1490 566 se

298 606 524 669 contineant
547 607 717 689 speciem
744 607 1023 680 mandatorum,
1046 607 1179 680 easdem,
1195 613 1229 672 ut
1245 607 1332 672 nobis
1348 610 1492 682 innotuit,

295 712 453 777 admittere
470 713 615 778 uoluistis.
645 713 833 797 Quapropter
849 715 947 780 denuo
963 715 1160 780 donacionem
1175 722 1306 780 vestram
1327 716 1494 781 exhortau-
1546 673 1548 788 l

296 820 365 883 dam
381 819 545 885 affectuose
558 822 693 885 duximus
706 828 738 886 et
748 823 1031 906 monendam,regia
1044 823 1253 906 nichilominus
1260 825 1348 888 robis
1356 825 1494 890 auctori·
1546 795 1548 832 ⁴

294 932 357 992 tate
375 928 562 1001 mandantes,
581 934 728 1012 quatenus
745 930 893 994 facientes
913 930 950 994 de
964 931 1147 996 necessitate
1163 932 1304 996 virtutem
1320 933 1373 1020 a),
1391 933 1495 996 eidem

296 1034 430 1098 decerto
446 1036 486 1122 b)
502 1035 661 1110 beneficio,
678 1038 703 1098 si
720 1039 802 1121 quod
817 1045 904 1102 vacat
920 1038 958 1101 ad
973 1059 1111 1120 presens,
1128 1040 1175 1102 vel
1191 1059 1280 1122 mam
1301 1040 1430 1122 primum
1451 1041 1495 1103 ad

296 1142 327 1205 id
340 1141 482 1207 obtulerit
498 1164 531 1206 se
547 1143 674 1208 facultas
691 1144 741 1230 e),
758 1145 871 1209 curetis
887 1144 1052 1209 liberaliter
1068 1146 1238 1228 providere,
1246 1146 1299 1228 jus
1311 1153 1447 1211 nostrum
1459 1147 1494 1210 in

295 1251 352 1314 bac
369 1257 455 1333 parte
471 1252 572 1316 taliter
589 1253 746 1325 servaturi,
762 1254 843 1338 quod
858 1255 924 1318 iura
940 1259 1042 1318 vestra
1058 1260 1089 1318 et
1110 1255 1283 1319 monasterii
1305 1255 1401 1318 vestri
1422 1255 1495 1317 rice

294 1379 383 1422 uersa
399 1378 620 1441 recognoscere
638 1381 672 1423 eo
689 1360 882 1425 favorabilius
898 1361 1086 1433 inducamur,
1103 1381 1159 1425 nec
1177 1368 1316 1444 oporteat
1328 1382 1383 1426 nos
1398 1381 1496 1444 super

298 1467 355 1529 hoe
374 1473 479 1533 contra
494 1488 547 1530 vos
565 1468 712 1531 stimulum
731 1488 858 1551 querere
875 1469 1076 1552 inpellentem.

868 1783 930 1854 36.

694 1959 887 2022 Romanorum
911 1960 974 2036 regi
1000 1960 1088 2022 eires.

857 2099 935 2152 12⁷3,

297 2241 349 2296 Die
362 2242 440 2296 seoda
458 2243 541 2297 Boset
564 2243 637 2298 diuet
653 2244 705 2297 deo
727 2243 815 2315 deaip
839 2243 951 2315 liudolf,
970 2243 1058 2298 tudem
1075 2242 1116 2298 eie
1140 2241 1279 2298 ibrereea'ta
1304 2241 1351 2296 die
1374 2240 1420 2296 ilar
1444 2258 1498 2295 con

297 2331 441 2386 demaetben
453 2351 500 2388 uer
511 2333 600 2386 seiner
613 2332 752 2404 &belong
768 2334 910 2407 qupefdpte
921 2334 1098 2406 Belaidipunq
1114 2351 1255 2404 veryeaaea
1272 2334 1361 2394 welle,
1379 2331 1425 2386 ibi·
1442 2333 1497 2386 dae

303 2421 470 2477 Wotlwolten
489 2423 654 2493 onqedeifaen
671 2441 704 2477 zu
722 2426 828 2489 tossen,
851 2426 902 2479 dua
920 2442 951 2477 er
968 2422 1014 2480 ior
1032 2425 1060 2478 in
1078 2424 1177 2478 seinem
1196 2423 1293 2494 Briefe
1314 2420 1496 2492 oerepraeben

856 2513 930 2571 bote.

390 2657 468 2710 Gerb.
484 2657 508 2720 1,
521 2657 547 2711 8.

389 2784 514 2847 Letetnr
546 2791 576 2847 et
607 2783 772 2865 gratuletur
804 2783 875 2847 totis
912 2784 1080 2848 visceribus
1111 2783 1272 2848 letabunda
1304 2787 1335 2845 et
1365 2779 1496 2844 laudans

299 2891 410 2955 invicta
426 2891 468 2977 d)
484 2890 654 2964 Germania,
678 2910 768 2974 quam
783 2897 853 2973 post
875 2891 1061 2956 calamitates
1082 2891 1180 2955 varias
1204 2896 1234 2954 et
1258 2907 1419 2970 erumpnas
1442 2907 1498 2950 rex

301 2999 433 3070 celestis,
465 3000 502 3061 de
534 3000 653 3068 excelso
685 2998 854 3082 respiciens
886 2999 1019 3062 celorum
1049 2997 1238 3069 habitaculo,
1271 2997 1413 3079 dignatus
1449 2999 1499 3057 est

301 3104 476 3189 electionem
487 3105 524 3191 e)
537 3106 660 3169 Romani
672 3105 816 3189 principis
831 3107 994 3171 inveritate
1008 3105 1107 3167 divina
1118 3103 1234 3186 pocius,
1249 3122 1337 3186 quam
1353 3103 1497 3172 humana,

301 3211 538 3278 misericorditer
562 3213 694 3276 visitare.
729 3214 819 3278 Cuius
848 3214 969 3296 quidem
996 3212 1141 3295 principis
1170 3211 1292 3294 generis
1313 3231 1350 3274 ac
1378 3229 1499 3273 morum

302 3319 481 3401 ingenuitas,
499 3320 588 3383 animi
604 3320 698 3383 virtus
714 3322 851 3403 preclara
868 3325 899 3382 et
910 3319 1064 3382 indefessa
1072 3319 1301 3399 magnanimitas
1313 3339 1369 3401 per
1385 3319 1498 3380 famam

303 3430 333 3494 in
350 3427 474 3492 remotis
490 3427 591 3490 mundi
613 3426 749 3509 partibus
771 3426 975 3494 habitancium
999 3434 1046 3490 est
1067 3427 1189 3490 auribus
1206 3426 1366 3490 inculcata.
1400 3426 1497 3488 Porro

304 3537 443 3620 quoniam
459 3556 495 3597 ex
511 3535 674 3599 abundanti
690 3534 775 3616 regie
792 3535 957 3599 maiestatis
974 3536 1078 3616 gracia
1093 3533 1179 3599 nobis
1202 3534 1358 3598 immeritis
1377 3533 1497 3615 dignati
1520 3525 1523 3532 “

304 3645 377 3708 estis
400 3643 531 3722 dirigere
554 3643 666 3724 scripta
686 3647 803 3714 vestra,
831 3643 909 3715 iuter
931 3642 1029 3705 dulcia
1045 3641 1156 3722 regalis
1175 3625 1293 3724 eloquia
1315 3640 1496 3711 clemencie,

305 3751 493 3815 continencia
514 3751 689 3821 manifeste,
719 3751 799 3832 quod
815 3749 967 3821 videlieet,
984 3749 1121 3832 quitquid
1141 3748 1278 3813 rancoris
1300 3747 1338 3810 ad
1361 3753 1499 3811 nostram

306 3862 457 3925 civitatem
485 3878 558 3939 erga
586 3879 639 3922 vos
662 3858 774 3930 extitit,
797 3859 931 3938 relegato
952 3857 1077 3940 prorsus
1098 3857 1196 3922 tocius
1212 3858 1311 3920 future
1329 3855 1498 3939 questionis

306 3968 462 4050 scrupulo,
494 3966 680 4046 benignitate
712 3966 797 4047 regia
828 3965 987 4028 remisistis
1009 3965 1046 4052 ¹).
1096 3964 1285 4047 Quapropter
1322 3963 1499 4029 serenitatis

397 4094 431 4163 a)
441 4093 564 4146 virtutum
574 4093 600 4145 Z.
613 4121 645 4130 -—
656 4091 688 4159 d)
700 4091 772 4145 dieto
783 4092 810 4143 Z.
823 4119 855 4129 -
867 4090 947 4159 e)uel
960 4090 1001 4143 bis
1011 4090 1126 4146 facultas
1137 4107 1178 4144 am
1192 4091 1222 4148 R.
1236 4091 1268 4145 v.
1280 4120 1313 4132 -
1324 4089 1359 4159 d)
1372 4087 1459 4144 inrita
1469 4089 1498 4143 V.

308 4216 341 4226 —
356 4187 386 4255 e)
401 4185 454 4240 sic!

334 4409 357 4464 1)
377 4407 442 4450 Passt
465 4419 499 4449 arn
528 4405 608 4450 hasten
631 4405 672 4450 auf
691 4405 776 4456 Basel,
802 4404 843 4448 das
869 4403 1023 4449 bekanntllch
1045 4403 1086 4446 mit
1106 4401 1194 4447 liudolf
1214 4415 1257 4445 ror
1278 4400 1356 4445 seiner
1378 4403 1448 4448 Wabl
1472 4404 1499 4447 im

373 4487 460 4544 llriege
479 4499 533 4532 waic.
553 4487 631 4540 Ver-gl.
646 4488 706 4532 bun.
725 4485 863 4530 Basilienses
880 4484 908 4530 ad
925 4499 946 4530 a.
966 4483 1026 4529 1273
1043 4485 1072 4528 Μ.
1090 4486 1116 4528 G.
1135 4484 1174 4528 88.
1199 4483 1241 4528 17.
1266 4482 1309 4526 195
1333 4483 1378 4528 arrd
1403 4484 1500 4528 Trouil·

374 4569 405 4611 lat
422 4569 567 4612 Morrurnants
585 4567 613 4610 de
631 4567 745 4610 l'histoire
763 4566 791 4609 de
809 4567 906 4611 l'ancien
924 4559 1012 4609 tveune'
1029 4566 1056 4608 de
1073 4560 1134 4608 Blle.
1152 4565 1174 4614 2,
1192 4563 1238 4607 239
1256 4561 1278 4606 ff.
