3116 5124
547 238 561 276 0

1181 325 1225 395 'll

54 498 181 562 bullatam
195 520 253 562 non
270 498 422 571 abolitam,
439 520 498 562 non
515 501 662 573 abrasam,
680 521 735 565 nec
753 522 788 563 ex
805 501 904 584 aliqua
921 502 966 563 sui
982 506 1067 583 parte
1081 501 1231 577 viciatam,

53 608 99 670 sed
119 606 204 688 plene
232 612 261 670 et
288 607 416 671 fideliter
443 609 644 671 continentem
674 611 709 671 de
737 609 828 671 uerbo
851 609 888 671 ad
912 609 1035 673 verbum
1058 610 1231 692 omniaque

53 713 164 778 inferius
195 722 265 779 sunt
293 737 444 799 expressa.
1084 723 1098 754 s

129 823 296 888 Alexander
326 825 484 907 episcopus
517 842 620 888 servus
658 846 811 888 serrorum
839 826 895 888 Dei
927 827 1024 888 omnia
1063 845 1157 908 usque
1193 825 1347 886 adremon.

51 930 142 1002 inem,
169 937 200 994 et
228 939 302 996 tune
323 940 390 1014 post
412 939 506 996 totam
527 915 644 996 literam
668 934 880 1014 subiungetur:
905 935 936 998 ln
964 936 1049 996 cuius
1076 935 1120 995 rei
1143 933 1231 995 testi-

52 1039 166 1102 monium
193 1042 330 1125 presenti
358 1042 471 1123 scripto
500 1041 598 1123 sigilla
619 1049 721 1106 nostra
745 1043 936 1125 apposuimus
964 1063 1041 1106 anno
1072 1047 1101 1104 et
1129 1061 1231 1104 mense

52 1147 175 1230 superius
198 1149 312 1211 notatis
330 1149 376 1234 a),
412 1150 445 1213 Si
468 1156 566 1212 autem
588 1151 673 1213 litera
698 1151 885 1232 imperatoris
909 1151 954 1213 vel
971 1151 1053 1232 regis
1070 1149 1232 1213 transscri-

51 1254 135 1318 lenda
151 1262 212 1327 est,
230 1264 352 1339 oportet
368 1258 447 1341 quod
463 1258 613 1321 scribatur
629 1257 684 1320 sul)
701 1258 807 1339 sigillis
825 1258 1032 1341 episcoporum
1049 1259 1095 1322 vel
1112 1259 1231 1329 ducum,

17 1423 19 1434 ,
50 1365 244 1430 marchionum
261 1366 307 1428 vel
325 1367 476 1438 comitum,
500 1367 568 1451 quia
588 1367 625 1450 l)
647 1367 838 1430 inferioribus
854 1369 991 1449 personis
1010 1368 1057 1430 vix
1073 1367 1234 1429 adhibetur

17 1435 23 1536 i
50 1472 111 1538 fides
122 1482 153 1538 ut
165 1477 293 1558 prelatis
307 1477 521 1540 ecelesiasticis
535 1477 580 1540 rel
594 1477 847 1541 ministerialibus,
865 1479 947 1541 Talis
960 1497 1032 1559 ergo
1046 1477 1105 1540 erit
1119 1477 1229 1538 forma:

124 1585 185 1648 Nos
201 1585 346 1649 Albertus
359 1586 415 1648 Dei
433 1587 537 1668 gracia
553 1588 611 1650 dux
618 1588 748 1659 Austrie,
756 1588 790 1650 H.
809 1587 941 1650 marchio
958 1587 1113 1670 talisne)
1129 1605 1231 1647 comes

51 1694 141 1776 lyrole
173 1700 280 1758 notum
313 1715 380 1758 esse
409 1696 543 1759 volumus
571 1696 611 1782 d)
640 1697 787 1760 universis
816 1702 972 1778 presentes
1000 1696 1102 1759 literas
1121 1696 1157 1778 e]
1184 1695 1232 1756 in·
1298 1770 1301 1780 s

53 1803 198 1882 spectaris,
229 1803 313 1886 quod
340 1823 417 1867 anno
444 1783 600 1868 millesimo
633 1811 690 1868 etc.
724 1825 826 1868 mense
858 1805 910 1868 tali
947 1825 1023 1867 anno
1055 1805 1115 1868 lV⁰
1144 1804 1230 1884 regni

54 1909 143 1974 domini
159 1911 209 1974 Fr.
237 1913 363 1975 secundi
382 1911 420 1998 f)
442 1913 626 1978 serenissimi
647 1914 836 1996 imperatoris
858 1914 980 1976 Romani
996 1913 1036 1999 9)
1060 1919 1090 1976 et
1113 1931 1231 1994 semper
1256 1897 1259 1904 ¹

53 2019 148 2098 augusti
165 2020 309 2092 vidimus,
324 2022 472 2084 tenuimus
491 2027 521 2084 et
538 2022 698 2103 diligenter
713 2021 894 2104 inspeximus
910 2022 1026 2084 literam
1042 2021 1229 2103 imperatoris
1313 2016 1318 2028 '

51 2126 141 2190 domini
167 2129 321 2192 Friderici
337 2127 376 2214 l)
393 2130 578 2192 serenissimi
606 2130 693 2213 primi
721 2151 812 2194 aurea
838 2129 917 2192 loulla
946 2133 1093 2210 signatam
1110 2129 1154 2213 i),
1171 2149 1230 2190 non

17 2309 18 2322 ἦ
47 2233 169 2299 abolitam
197 2257 259 2300 nee
288 2237 425 2300 abrasam
445 2221 479 2300 ¹et
500 2239 531 2300 in
552 2238 630 2301 nulla
658 2238 704 2300 sui
727 2244 812 2320 parte
835 2237 990 2310 viciatam,
1015 2239 1070 2300 sed
1092 2239 1178 2319 plene
1197 2242 1227 2299 et

17 2329 19 2396 l
47 2341 158 2408 fideliter
173 2346 381 2409 continentem
399 2346 437 2409 de
453 2347 545 2409 verbo
562 2346 740 2410 adverbum
757 2345 853 2409 omnia
870 2367 927 2429 que
950 2336 1075 2409 inferius
1092 2352 1161 2409 sunt
1178 2368 1229 2410 ex-

17 2453 18 2456 ’
46 2469 143 2532 pressa.
173 2454 351 2517 Fridericus
368 2454 407 2537 lc)
428 2456 485 2518 Dei
508 2456 611 2535 gracia
638 2456 835 2519 Romanorum
863 2456 1025 2536 imperator
1053 2460 1083 2517 et
1111 2475 1230 2538 semper

17 2565 18 2570 ’
47 2568 185 2643 augustus,
203 2563 322 2646 Sycilie
339 2564 551 2630 et-Jerusalem
567 2585 619 2627 rex
636 2569 694 2627 etc.
719 2584 814 2648 usque
830 2564 870 2628 ad
884 2563 972 2626 finem
996 2563 1081 2627 litere
1106 2571 1136 2627 et
1157 2571 1228 2628 tunc

47 2669 251 2754 subiungetur:
275 2675 308 2736 ln
325 2671 409 2735 euius
426 2673 471 2736 rei
487 2660 690 2736 testimonium
706 2678 738 2736 ut
755 2692 844 2756 supra
856 2673 896 2758 l).

121 2781 292 2845 Notandum
311 2781 410 2853 etiam,
430 2781 509 2864 quod
531 2781 710 2864 quandoque
732 2802 808 2843 unus
825 2781 906 2844 ordo
921 2763 1001 2844 totus
1025 2781 1121 2852 simul,
1148 2781 1227 2844 sicut

49 2896 135 2952 noster
163 2890 309 2953 videlicet
333 2889 562 2972 cysterciensis,
590 2911 648 2952 uno
672 2890 783 2970 gaudet
805 2888 961 2972 privilegio
984 2890 1167 2970 generaliter
1190 2890 1227 2952 de

17 2995 18 3000 ’
51 2995 130 3081 aliquo
152 3019 231 3082 papa
255 2997 303 3060 vel
326 2996 506 3080 imperatore
530 3019 621 3081 super
644 2997 744 3082 aliqua
766 2997 870 3079 gracia
892 2998 938 3060 vel
961 2995 1119 3068 libertate,
1148 3002 1178 3059 et
1201 2997 1227 3059 si

52 3103 105 3168 illud
124 3107 316 3188 priuilegium
342 3105 471 3180 domus
488 3113 623 3169 nostra
640 3106 1226 3189 scilicetPaungartenpergm)

53 3230 93 3274 non
102 3213 229 3278 haberet
242 3213 300 3276 sed
316 3214 418 3277 lorsan
433 3213 546 3277 hahere
563 3215 663 3287 vellet,
680 3234 836 3296 possemus
853 3213 884 3276 id
902 3214 939 3276 de
956 3213 1013 3277 alia
1031 3213 1118 3275 domo
1131 3213 1226 3305 nostri

53 3319 144 3384 ordinis
157 3315 301 3405 accipere
315 3343 372 3406 que
384 3323 455 3385 illud
469 3322 641 3406 habereto)
659 3330 689 3386 ct
701 3330 868 3387 monstrare
881 3321 952 3386 illud
961 3322 998 3406 ο)
1010 3321 1081 3384 viris
1098 3322 1226 3404 magnis,
1272 3333 1273 3336 ’

50 3427 111 3494 sieut
123 3430 240 3494 duobus
265 3431 312 3493 vel
328 3431 423 3495 trihus
449 3432 659 3514 episcopis‚et
680 3452 748 3495 cum
770 3431 827 3514 ipsi
843 3431 901 3494 hoc
923 3431 1070 3494 vidissent
1087 3436 1117 3493 et
1132 3429 1228 3512 legis-

52 3543 115 3609 sent,
136 3545 207 3603 tune
234 3560 289 3602 nos
308 3539 595 3604 transscriberemus
611 3539 708 3622 ipsum
729 3539 918 3622 privilegium
935 3540 972 3602 de
992 3539 1084 3604 verbo
1101 3539 1140 3602 ad
1156 3559 1225 3603 ver-

17 3717 18 3720 *
49 3641 105 3708 lum
112 3648 152 3730 n)
167 3648 224 3713 sub
237 3649 333 3711 forma
344 3649 492 3730 predicta,
510 3653 541 3712 et
551 3649 609 3732 ipsi
623 3649 756 3732 episcopi
769 3654 953 3732 apponerent
965 3648 1062 3730 sigilla
1075 3648 1111 3712 ad
1125 3654 1226 3711 trans·

50 3754 175 3837 scriptum
192 3758 253 3820 tale
272 3762 302 3820 et
317 3757 388 3819 illud
403 3756 546 3820 vellemus
561 3757 674 3820 hahere
689 3759 756 3820 loeo
773 3755 931 3841 privilegii.
963 3757 1027 3820 Hoc
1045 3757 1133 3822 etiam
1150 3757 1226 3820 solet

49 3858 110 3935 ieri,
132 3866 250 3949 quando
267 3865 424 3947 privilegia
441 3868 478 3953 r)
502 3867 591 3930 nimiu
612 3871 761 3931 vetustate
780 3866 954 3948 depereunt,
976 3873 1047 3929 tune
1063 3865 1226 3930 transscri-

49 3967 142 4036 huntur
157 3975 213 4038 sub
231 3975 337 4057 sigillis
353 3976 570 4040 autenticorum
587 3977 717 4038 virorum
733 3976 788 4038 sub
812 3977 907 4039 forma
921 3977 1067 4058 predicta.

113 4081 145 4149 a)
164 4083 303 4136 nominatis
313 4083 341 4136 Z.
364 4111 392 4122 -
414 4083 446 4152 b)
466 4085 494 4136 et
512 4083 554 4136 liir
573 4083 632 4152 quio
642 4084 672 4138 V.
695 4113 723 4122 -
745 4083 777 4152 c)
798 4084 840 4136 m.
858 4083 1010 4137 duanstr.
1030 4084 1181 4139 Hmarchio
1201 4083 1222 4140 C

50 4181 126 4224 comes
137 4171 166 4226 V.
189 4203 219 4214 -·
241 4173 276 4242 d)
291 4174 401 4228 facimus
415 4175 444 4228 V.
467 4206 497 4216 -
520 4175 551 4244 e)
564 4177 582 4228 l.
595 4176 661 4228 fehlt
673 4175 701 4227 z.
723 4174 799 4245 —f)
815 4174 944 4228 dominill
963 4176 1087 4232 sereniss.
1097 4176 1129 4229 V.
1142 4205 1170 4215 -
1185 4177 1221 4247 y)

17 4291 18 4296 κ
49 4255 110 4314 llom.
127 4263 193 4319 fehlt
204 4263 235 4319 V.
254 4295 290 4304 —
308 4263 343 4331 o)
363 4266 392 4318 F.
411 4265 441 4318 v.
464 4293 492 4304 —
514 4263 542 4332 i)
563 4265 704 4333 sigillatam
723 4265 751 4319 V.
774 4295 802 4306 -
817 4266 852 4336 lc)
866 4267 894 4319 ll.
909 4269 938 4321 V.
961 4293 990 4308 -
1012 4267 1039 4336 l)
1051 4267 1169 4336 positum
1180 4271 1223 4322 cst

50 4348 71 4400 Z·
89 4380 118 4390 -
134 4356 174 4424 m)
195 4356 455 4428 Poumgartinperig.
474 4359 500 4410 Z.
518 4387 552 4398 -
565 4360 601 4426 n)
621 4359 673 4411 Far
687 4357 736 4410 sed
756 4358 796 4410 bis
817 4359 924 4412 haberet
943 4359 987 4411 hat
999 4360 1031 4412 v.
1049 4359 1122 4412 hlos:
1142 4360 1169 4412 id
1188 4360 1221 4412 de

51 4440 93 4494 alia
109 4443 180 4500 domo
199 4447 282 4502 nostri
303 4448 405 4501 ordinis
424 4448 569 4519 acciperet.
590 4478 623 4487 —
643 4451 674 4515 o)
696 4448 759 4503 illud
780 4449 848 4502 fehlt
867 4449 893 4502 Z.
912 4479 939 4488 -
959 4450 998 4518 p]
1025 4449 1058 4502 de
1079 4453 1158 4503 verbo
1185 4451 1218 4504 ad

50 4535 109 4586 roro.
121 4536 185 4592 fehlt
196 4540 225 4594 V.
241 4571 271 4580 -
283 4540 317 4611 q)
330 4539 497 4612 privilegium
511 4541 539 4594 V.
