3168 5124
294 377 344 447 22

286 551 414 616 Domino
430 553 605 635 perenniter
618 552 658 637 a)
674 556 903 633 regnaturum“.
924 553 1126 618 Correetoria
1143 551 1187 614 sic
1200 550 1249 623 Iit,
1266 549 1350 613 verbi
1367 551 1482 632 gracia:

290 660 392 742 ,quod
408 662 433 723 si
450 665 667 731 statuminum,
682 659 755 724 satis
770 660 891 743 quidem
908 660 1045 724 omnibus
1063 666 1248 742 suspectum,
1263 660 1294 722 in
1307 659 1413 723 melius
1428 680 1483 721 non

284 770 465 841 mutaveris,
500 769 578 832 scias
612 767 682 840 tibi,
712 773 855 852 quantum
878 769 916 832 ad
939 788 1003 841 me,
1028 770 1125 832 omnia
1147 767 1350 850 promocionis
1374 787 1482 848 genera

286 876 427 941 submota
446 877 663 960 quodammodo
680 883 712 940 et
728 877 913 941 subtracta.“

436 1081 478 1144 ua
494 1080 671 1162 quibusdan
688 1079 869 1144 natatilibus
886 1079 923 1143 ad
938 1081 1076 1163 predicte
1091 1074 1129 1160 l)
1147 1078 1338 1144 necessariis.

374 1238 529 1321 Expedids
552 1245 583 1303 et
603 1241 795 1322 pertractatis
812 1239 950 1322 superins
973 1241 1104 1324 quinque
1121 1240 1255 1322 partibus
1272 1237 1486 1322 principalibus

284 1345 428 1427 epistole,
457 1369 536 1416 nunc
565 1349 692 1433 quedam
722 1348 879 1430 generales
908 1348 1076 1411 dictaminis
1104 1350 1208 1430 regule
1237 1353 1307 1411 sunt
1338 1346 1484 1429 ponende.

284 1453 456 1518 Notandum
484 1457 576 1538 igitur
598 1457 628 1518 in
651 1457 772 1538 primis,
794 1457 874 1538 quod
903 1457 932 1518 in
961 1457 1055 1520 literis
1078 1458 1287 1520 inconsuetum
1309 1455 1486 1537 principium

280 1563 352 1643 poni
369 1584 428 1627 non
446 1564 537 1627 dehet
553 1585 609 1628 nec
626 1566 832 1647 incompetens
849 1564 928 1637 finis,
946 1566 1074 1648 quedam
1098 1567 1178 1627 enim
1195 1565 1343 1628 dictiones
1362 1563 1402 1650 c)
1421 1571 1487 1625 sunt

282 1671 501 1752 quodammodo
519 1674 711 1756 appropriate
727 1674 766 1736 ad
781 1660 938 1755 principia,
956 1678 1004 1736 ut:
1021 1674 1126 1756 quuet,
1142 1675 1213 1737 licet
1229 1673 1280 1758 d),
1298 1678 1421 1736 constat
1437 1690 1487 1754 pro

282 1786 385 1852 certo,
401 1802 455 1862 pro
474 1783 623 1846 constanti
640 1789 671 1846 et
694 1789 795 1846 cetera
818 1783 935 1854 similia,
959 1789 990 1845 et
1010 1782 1069 1845 hoc
1093 1782 1124 1845 in
1141 1783 1240 1846 multis
1259 1782 1409 1864 negociis,
1429 1801 1485 1843 non

279 1891 428 1952 tamenin
446 1891 595 1964 omnibus,
613 1898 644 1954 ut
660 1897 743 1973 patet
760 1899 881 1974 experto
899 1893 1024 1956 notario.
1046 1893 1183 1956 Solemus
1202 1892 1296 1954 eciam
1312 1888 1485 1954 huiusmodi

280 1997 439 2076 genitivis,
456 1999 658 2072 accusativis,
675 1999 812 2063 ablativis
830 2001 873 2063 nti
889 2001 920 2062 in
936 2000 1092 2082 principiis
1110 2001 1235 2063 maxime
1253 2000 1470 2080 rescriptorum
1477 2017 1485 2068 ;

278 2106 362 2168 verbi
390 2108 510 2189 gracia:
543 2109 681 2183 ,Tenore
710 2108 863 2172 literarum
891 2115 1009 2172 tuarum
1031 2109 1199 2190 perlecto“‚
1222 2109 1310 2171 item:
1344 2109 1484 2182 „hileras

280 2217 454 2279 reverencie
482 2224 582 2280 vestre
610 2219 780 2300 recepimus
808 2218 839 2280 In
855 2218 912 2280 hec
935 2218 1048 2281 verba“
1073 2223 1104 2280 et
1127 2218 1234 2280 similia
1261 2215 1363 2279 multa.
1384 2215 1488 2277 -De

282 2322 340 2385 fine
364 2327 546 2406 competenti
573 2327 632 2390 hoc
659 2332 776 2398 teneas,
807 2326 887 2408 quod
914 2327 1096 2408 respondeat
1123 2325 1271 2408 principio
1300 2325 1431 2387 materie
1461 2330 1489 2385 et

280 2433 378 2495 medio
400 2433 437 2520 1).
456 2434 546 2496 Item
564 2435 679 2518 antiqui
694 2435 726 2497 in
743 2435 877 2516 epistolis
894 2435 1003 2517 triplici
1020 2435 1067 2498 nsi
1083 2441 1153 2498 sunt
1166 2435 1375 2497 distinctione:
1394 2433 1489 2515 prima

224 2548 229 2556 ⁴
279 2545 326 2602 est
343 2543 529 2623 suspensiva,
553 2543 687 2607 secunda
705 2550 858 2616 constans,
876 2544 970 2607 tercia
988 2544 1182 2625 completiva,
1201 2543 1254 2605 sed
1277 2543 1334 2605 hee
1359 2542 1488 2604 distinc-

279 2649 378 2713 tiones
392 2652 471 2733 apud
483 2652 643 2715 modernos
661 2654 758 2717 minus
777 2654 813 2738 e)
830 2659 974 2716 curantur
986 2673 1040 2734 pro
1053 2659 1148 2726 tanto,
1162 2655 1199 2716 de
1211 2654 1269 2716 hiis
1285 2654 1352 2716 duxi
1365 2653 1488 2716 minime

277 2760 528 2842 prosequendum.
563 2760 653 2823 Item
676 2782 785 2825 nomen
800 2762 879 2833 luel,
904 2781 1011 2825 nomen
1027 2781 1173 2843 persone,
1204 2782 1311 2824 nomen
1330 2761 1487 2843 dignitatis

279 2870 325 2931 vel
353 2869 444 2932 officii
474 2890 593 2952 semper
623 2871 713 2933 dehet
740 2872 770 2935 in
792 2872 983 2954 salutacione
1011 2871 1138 2953 apponi,
1167 2878 1217 2934 ut:
1250 2873 1358 2947 ,Petro
1392 2871 1488 2934 iudIci

279 2977 490 3042 Wiennensr.
509 2979 601 3041 Item
618 2980 697 3043 nulla
715 2980 806 3043 dictio
824 2981 915 3042 semol
931 2980 1028 3061 posita
1046 2980 1147 3061 sepIus
1164 2981 1299 3052 iteretur,
1318 2979 1377 3042 nisi
1395 2981 1437 3043 sit
1453 2980 1489 3043 de

205 3075 206 3082 ἵ
279 3090 386 3150 natura
403 3088 549 3149 sermonis
568 3092 598 3150 ct
615 3106 706 3151 eausa
724 3089 914 3151 necessitatis
932 3089 1054 3150 evidens
1071 3089 1129 3150 hoc
1146 3089 1299 3171 requirat,
1324 3095 1357 3153 ut
1380 3090 1411 3152 in
1429 3090 1487 3153 hoc

279 3195 431 3276 exemplo:
459 3196 584 3270 „Petrus
613 3201 643 3258 ct
666 3197 812 3260 Martinus
841 3197 932 3259 multa
956 3197 1080 3258 crImina
1106 3197 1335 3270 commiserunt,
1363 3205 1489 3282 propter

281 3322 339 3386 qne
361 3304 506 3367 Martinus
535 3305 696 3386 suspendio
725 3305 853 3368 traditur
872 3304 906 3385 f)
924 3311 954 3367 et
976 3305 1082 3367 Petrus
1111 3306 1142 3366 in
1165 3305 1283 3368 exilium
1300 3307 1487 3389 relegatur“‚

282 3432 349 3475 nam
382 3413 536 3476 fastidium
558 3416 595 3495 p)
619 3420 780 3494 generaret
811 3415 903 3477 dictio
937 3415 1038 3496 sepius
1072 3415 1190 3486 iterata,
1219 3420 1251 3477 ut
1280 3414 1338 3477 ihi:
1371 3417 1486 3490 „Cuius

283 3520 413 3584 racionis
428 3528 510 3586 racio
523 3543 583 3586 non
596 3522 714 3595 existat,
729 3522 756 3584 ei
772 3523 887 3587 racioni
901 3544 960 3587 non
973 3529 1020 3586 est
1032 3521 1106 3584 fides
1119 3523 1320 3586 adhibenda“.
1339 3525 1435 3587 Item
1451 3527 1481 3588 in

281 3650 396 3693 summa
423 3638 494 3696 nota
522 3632 602 3715 quod
631 3631 726 3695 omnis
755 3632 888 3695 notarius
917 3632 976 3695 ista
1001 3631 1090 3695 dehet
1122 3631 1314 3696 considerare
1347 3633 1489 3700 scilicet:

281 3737 415 3803 ordinem
423 3740 667 3812 constructionis,
675 3739 807 3804 debitam
820 3740 1035 3804 adiectIvornm
1043 3740 1238 3803 etverhorum
1247 3743 1486 3824 apposicionem,

280 3847 463 3912 Intellectum
479 3846 656 3920 locucionis,
674 3869 773 3913 mores
797 3849 949 3912 hominum
966 3854 996 3912 et
1018 3850 1265 3914 consuetudinem
1288 3856 1436 3918 terrarum
1460 3863 1489 3919 et

280 3958 459 4021 satisfacere
474 3957 618 4022 voluntati
634 3958 779 4022 mittentis
799 3964 830 4022 et
852 3978 927 4042 eque
951 3958 1127 4042 recipientis
1144 3965 1248 4042 etque
1265 3962 1305 4024 sit
1320 3962 1441 4029 fortuna
1459 3972 1489 4030 et

281 4066 420 4131 condicio
436 4066 591 4150 utriusque
608 4073 639 4130 et
666 4068 745 4151 quod
772 4066 840 4131 talis
869 4068 910 4132 sit
936 4067 1077 4142 materia,
1106 4088 1164 4152 que
1192 4069 1351 4136 conveniat
1371 4073 1414 4136 illi
1440 4075 1489 4138 cui

281 4176 370 4242 litera
386 4176 561 4240 destinatur.

381 4340 415 4409 a)
445 4337 616 4410 perhenniter
638 4338 665 4393 Z.
684 4369 711 4379 -
729 4340 760 4410 d)
772 4340 806 4393 ad
818 4340 939 4411 predicta
951 4338 1022 4394 fehlt
1034 4341 1063 4394 V.
1083 4371 1111 4380 -
1126 4340 1156 4414 c)
1182 4340 1313 4397 dictiones
1325 4343 1393 4402 fehlt
1409 4345 1438 4404 V.
1453 4375 1488 4389 ···

288 4429 323 4503 d)
340 4429 405 4489 licet
414 4431 482 4485 fehlt
493 4429 521 4484 V.
539 4461 566 4472 —
584 4430 614 4502 e)
629 4449 679 4486 non
694 4431 720 4488 Ζ.
740 4461 767 4472 -
782 4430 940 4504 Otarditur
953 4431 983 4488 V.
996 4461 1031 4473 -
1049 4433 1085 4506 p)
1099 4431 1224 4506 lastIgunr
1239 4435 1268 4491 V.

284 4549 607 4564 „nm

310 4621 332 4688 ¹)
347 4625 490 4686 Vergleiche
507 4625 532 4672 S.
550 4625 589 4673 20.
