3132 5126
238 334 343 412 ,26

292 505 442 579 exhiberi,
466 529 502 572 ae
523 528 630 571 munus
654 509 898 574 consecracionis
915 509 1063 591 impendi,
1079 511 1231 593 recepturi
1246 510 1439 593 postmodum
1455 509 1501 572 ab

292 637 328 682 eo
344 636 399 700 pro
417 616 504 680 nobis
522 622 552 679 et
568 617 698 681 ecclesia
714 619 847 680 Romana
868 617 1021 681 fidelitatis
1043 618 1242 682 iuramentum
1257 619 1338 683 iuxta
1354 619 1502 692 sormam,

172 794 175 798 ,
291 745 380 809 quam
392 725 448 789 sub
460 725 539 788 bnlla
552 732 656 790 nostra
668 725 754 789 vobis
766 726 994 789 transmittimus
1008 727 1219 799 interclusam
1232 727 1501 811 alioquin,eadem

291 836 439 900 electione
456 840 587 905 cassata,
604 834 723 898 faciatis
740 832 799 915 ipsi
816 834 947 898 ecclesie
963 834 1002 898 de
1018 853 1147 917 persona
1162 835 1280 917 ydonea
1295 856 1351 918 per
1366 837 1503 901 electio·

291 965 358 1009 nem
391 944 568 1008 canonicam
598 942 765 1024 provideri,
798 942 1039 1007 contradictores
1078 963 1213 1026 quosque
1244 964 1300 1026 per
1330 965 1500 1009 censuram

291 1052 543 1124 eeclesiasticam,
566 1050 771 1132 appellacione
788 1057 903 1114 remota
920 1051 971 1136 a),
988 1058 1229 1133 compescentes,
1248 1053 1372 1116 sormam
1389 1062 1499 1119 autem

289 1161 459 1233 iuramenti,
476 1159 556 1243 quod
577 1158 643 1242 ipse
659 1158 818 1240 prestabit,
834 1159 873 1222 de
901 1158 994 1223 verbo
1011 1159 1049 1222 ad
1078 1160 1203 1224 verbum
1231 1161 1319 1225 nobis
1348 1183 1404 1245 per
1426 1167 1500 1228 eius

294 1276 432 1356 patentes
453 1269 569 1334 litteras
587 1267 625 1353 b)
642 1266 811 1331 destinetis.
828 1269 895 1332 Dat.
915 1274 974 1332 etc.

452 1469 625 1552 Exemplum
641 1470 760 1552 papslls
777 1470 993 1533 eonnlsslonls
1009 1472 1041 1534 ln
1057 1488 1149 1535 censa
1164 1475 1333 1554 tenporsll.

379 1632 544 1715 Gregorius
574 1631 733 1713 episcopus
762 1649 867 1692 servus
892 1650 1046 1694 servorum
1068 1632 1125 1693 Dei
1154 1639 1243 1697 eteet.
1276 1634 1302 1721 1)
1334 1635 1378 1698 Er
1401 1643 1496 1718 parte

288 1742 468 1807 venerabilis
486 1743 523 1826 c)
540 1741 636 1804 nostri
651 1740 818 1822 Magantini
841 1741 976 1822 episcopi
993 1741 1049 1803 fuit
1063 1742 1249 1823 propositum
1268 1763 1369 1808 coram
1388 1745 1497 1820 nobis,

288 1853 369 1937 quod
392 1853 420 1916 J.
446 1858 476 1915 et
492 1853 527 1915 0.
556 1851 686 1913 illustres
704 1851 854 1932 principes
889 1851 925 1912 de
950 1849 1166 1932 Prandenpurg
1188 1850 1229 1937 d)
1255 1871 1311 1934 per
1341 1855 1497 1937 quosdam

287 1963 432 2026 terminos
449 1980 502 2023 sue
518 1961 687 2041 potestatis,
704 1960 778 2022 sitos
794 1959 833 2047 θ)
851 1962 882 2022 in
897 1960 992 2043 ipsius
1010 1960 1144 2044 dyocesi,
1162 1961 1295 2025 decimas
1312 1962 1368 2025 sub
1385 1963 1496 2030 divino

287 2069 353 2133 iure
376 2070 492 2134 solvere
514 2069 733 2141 contradicant,
751 2075 781 2132 et
796 2089 888 2152 super
909 2070 967 2133 hoc
990 2091 1008 2133 a
1031 2071 1117 2134 nobis
1141 2070 1292 2134 iusticiam
1314 2072 1493 2153 postulavit.

288 2180 332 2242 Ad
354 2181 412 2243 hec
435 2179 561 2242 dilectus
585 2184 690 2242 noster
711 2178 777 2250 ch,
800 2178 868 2241 talis
885 2178 944 2241 loci
967 2179 1148 2251 canonicus,
1172 2179 1321 2242 dictorum
1343 2181 1494 2244 nobilium

288 2294 477 2371 procurator,
493 2288 650 2369 proposuit
665 2301 768 2350 coram
784 2286 872 2351 nobis
889 2307 925 2349 ex
940 2287 1080 2360 adverso,
1097 2289 1177 2371 qnod
1200 2289 1273 2351 dicti
1295 2290 1492 2352 marchiones

286 2398 345 2460 snb
373 2417 495 2461 avorum
518 2417 639 2459 suorum
660 2394 844 2477 temporibus
867 2396 898 2458 in
917 2415 952 2458 ea
973 2395 1128 2469 libertate,
1151 2397 1304 2479 episcopis
1328 2398 1401 2464 dicti
1426 2399 1491 2463 loci

288 2507 453 2571 scientibus
471 2513 502 2570 et
517 2527 577 2568 non
590 2505 878 2577 contradicentibus,
896 2525 1015 2587 semper
1027 2507 1227 2589 possederunt
1239 2512 1336 2571 terras
1355 2529 1438 2580 suas,
1456 2517 1492 2573 ut

289 2619 327 2680 de
344 2616 459 2680 eisdem
475 2634 571 2697 nsque
587 2613 625 2676 ad
642 2614 699 2677 hee
715 2620 850 2695 tempora
865 2614 998 2678 decimas
1012 2636 1071 2679 non
1087 2615 1347 2699 solverint0,sed
1358 2617 1493 2700 quedam

286 2726 366 2790 bona
382 2726 420 2788 de
435 2724 548 2806 prediis
565 2722 628 2784 suis
644 2722 791 2785 dederunt
805 2742 859 2804 pro
877 2723 951 2805 ipsis
969 2723 1106 2796 decimis,
1124 2725 1161 2788 de
1178 2729 1389 2809 episcoporum
1405 2728 1492 2792 dicte

286 2835 415 2899 ecclesie
432 2831 653 2915 approbacione
669 2837 700 2894 et
716 2851 876 2904 consensu,
895 2838 926 2895 et
938 2830 969 2893 id
981 2853 1015 2894 se
1027 2839 1200 2898 constanter
1216 2842 1356 2901 asserunt
1369 2836 1491 2919 proba-

286 2952 379 3009 turos.
396 2945 422 3007 Ε
439 2948 543 3007 contm
557 2940 714 3022 proposuit
730 2946 907 3021 procurator
920 2941 1071 3023 episcopi,
1090 2943 1169 3025 quod
1183 2944 1239 3006 etsi
1257 2944 1297 3030 o)
1315 2946 1490 3009 concambii

287 3054 346 3116 vim
367 3057 462 3116 testes
485 3055 516 3113 et
538 3050 651 3130 scripta
682 3048 833 3112 autentica
864 3049 1057 3130 apparuerint
1075 3049 1126 3135 k),
1158 3052 1229 3115 huie
1258 3053 1290 3134 i)
1323 3055 1490 3126 eorundem

285 3161 461 3246 probacioni
478 3159 645 3222 nullatenus
663 3143 801 3220 standum
818 3162 911 3228 esset,
928 3177 996 3220 cum
1012 3159 1058 3220 ius
1077 3159 1258 3224 decimarum
1278 3162 1353 3226 adeo
1370 3162 1491 3226 iuribus

287 3267 491 3354 spiritualibus
504 3268 544 3330 sit
556 3283 715 3337 annexum,
731 3264 812 3348 qnod
828 3265 924 3328 eciam
940 3285 996 3328 nec
1012 3266 1102 3329 vendi
1119 3288 1176 3331 nec
1194 3271 1370 3334 commutari
1387 3271 1491 3337 valeat

286 3378 467 3450 ullomodo,
490 3382 523 3440 ut
544 3377 575 3438 in
598 3375 813 3457 proprietatem
833 3373 956 3456 laycalis
980 3377 1120 3457 potencie
1137 3385 1347 3453 convertatur,
1370 3392 1491 3446 comet

288 3489 361 3554 dicti
377 3487 565 3552 marchiones
584 3506 642 3550 non
659 3483 720 3547 sint
734 3483 819 3564 ligati
834 3481 873 3564 lc)
891 3483 992 3546 debito
1009 3484 1188 3549 vasallorum
1210 3489 1354 3572 episcopo
1371 3510 1491 3554 memo-

286 3606 353 3664 rato
364 3617 421 3662 nec
438 3618 472 3659 se
488 3594 601 3658 habere
617 3592 751 3656 decimas
767 3592 814 3655 vel
830 3591 868 3654 ab
886 3591 991 3656 eodem
1007 3593 1054 3656 vel
1070 3592 1108 3656 ab
1125 3595 1183 3658 ullo
1199 3597 1335 3679 principe
1358 3598 1492 3662 ecolesi-

286 3709 384 3774 astico
411 3708 570 3770 fateantur.
604 3702 678 3765 Cum
706 3707 806 3764 tamen
834 3701 1007 3786 decimet)
1035 3722 1053 3764 a
1081 3703 1199 3766 nemine
1226 3712 1418 3790 preterquam
1447 3709 1488 3772 ab

284 3817 418 3883 ccclesia
433 3813 538 3878 haberi
555 3812 673 3876 valeant
689 3811 746 3874 ullo
763 3811 863 3883 modo,
882 3818 912 3874 et
928 3811 1002 3874 dieti
1018 3812 1171 3895 principes
1188 3814 1219 3877 in
1235 3815 1294 3879 hoc
1310 3817 1422 3881 nullum
1438 3819 1488 3882 ius

317 3981 352 4052 a)
366 3977 552 4052 appellaeione
564 3973 713 4046 postposita
726 3975 754 4030 Ζ.
772 4006 797 4014 -
817 3974 849 4043 d)
867 3974 959 4029 literas
974 3980 1001 4028 et
1014 3974 1069 4028 eius
1082 3977 1219 4046 proprium
1232 3980 1355 4034 nuncium
1368 3987 1486 4051 quanto·

287 4073 346 4129 cius
360 4069 500 4125 destinetis
513 4071 541 4123 Z.
564 4100 586 4108 -
604 4067 635 4137 e)
657 4067 748 4121 fratris
762 4084 787 4119 n.
804 4067 838 4120 ld.
857 4065 907 4120 fuit
921 4067 948 4119 Z.
968 4095 994 4104 —
1011 4067 1046 4136 d)
1059 4065 1264 4122 brandenburch
1278 4071 1306 4123 Z.
1321 4101 1354 4111 -
1369 4072 1402 4141 e)
1417 4075 1487 4128 lieet

286 4165 313 4218 Z.
328 4193 361 4203 -
373 4162 405 4234 f)
420 4165 554 4217 solverunt
566 4160 595 4214 Ζ.
608 4190 638 4210 -.
651 4159 687 4231 p)
701 4159 763 4213 talis
777 4175 800 4213 o.
815 4157 842 4211 Z.
859 4188 891 4196 -
901 4155 937 4226 b)
951 4160 1114 4229 apparerent
1126 4159 1154 4214 Z.
1165 4163 1237 4231 -θ
1251 4163 1401 4219 huiusmodi
1412 4167 1486 4219 7,,-

287 4256 321 4328 le)
334 4255 455 4326 legarit.
474 4284 502 4295 -
519 4254 545 4324 l)
560 4253 633 4309 dicte
646 4253 705 4308 dee.
719 4254 746 4306 Z.

288 4445 612 4459 ——n—-un-—u—-n

313 4585 335 4650 ¹)
347 4587 380 4632 An
397 4585 437 4631 die
454 4585 539 4632 ldrzbb.
558 4598 602 4632 von
621 4584 766 4644 Magdeburg
781 4584 827 4630 und
846 4584 913 4640 coln,
931 4584 976 4630 wie
993 4598 1035 4631 ans
1052 4582 1096 4628 der
1112 4584 1194 4631 citatio
1213 4586 1237 4630 S.
1255 4584 1286 4630 80
1297 4586 1454 4650 hertorgelrt.
