3096 5128
1166 314 1240 390 431

46 501 205 562 natusest
227 498 256 562 ei
273 519 381 563 novom
403 499 494 563 lilium
516 520 571 582 pro
595 501 753 572 defuncto,
769 520 929 585 perquem
946 493 1092 582 quidquid
1108 489 1246 580 profluvii

47 604 203 686 lugubris·
218 606 249 669 in
271 608 418 671 maxillam
441 608 576 671 eiusdem
598 610 702 672 matris
726 608 855 672 ecclesie
878 612 1018 689 eruperat
1044 624 1098 688 pro
1121 603 1246 685 repente

48 713 184 787 sublato,
206 716 411 780 indubitanter
427 725 564 798 speratur
581 718 653 783 dilui
677 724 707 782 et
728 718 872 800 abstergi.
898 716 993 780 Nobis
1009 713 1103 796 igitur
1117 707 1247 774 iocunde

48 821 258 888 scribentibus
282 825 440 889 iocundius
464 847 606 908 agnosce,
632 828 710 911 qood
733 828 759 890 V
781 828 845 890 Kal.
872 826 911 912 β)
935 823 1076 889 Octobris
1103 821 1135 883 in
1163 815 1247 882 curia
1362 851 1364 855 ·

47 931 133 994 iuxta
156 932 314 996 Coloniam
341 934 516 998 solemniter
544 941 747 1017 congregata,
771 934 949 998 karissimus
972 933 1003 994 in
1026 931 1144 994 Christo
1168 926 1246 989 filius

48 1045 157 1103 noster
173 1042 227 1108 W.
246 1043 295 1128 p),
313 1063 414 1107 comes
431 1045 597 1117 Hollandie,
616 1045 766 1110 communi
782 1050 850 1108 roto
868 1041 1103 1126 principum,
1127 1036 1188 1121 qui
1211 1035 1249 1100 in

47 1149 1249 1226 electioneCesarisiushaberenoscuntur,inflomanorumregem,

47 1257 546 1340 applaudentibosceteris
562 1255 1249 1346 principibus,estelectussicutperliteras

48 1368 134 1448 regis
149 1366 287 1431 eiusdem
304 1374 334 1432 et
351 1369 453 1434 dilecti
467 1371 517 1433 lilii
531 1373 624 1435 nostri
643 1371 795 1435 Chunradi
813 1373 844 1436 S.
863 1369 901 1457 a)
920 1369 1020 1433 Georii
1038 1367 1071 1454 d)
1089 1364 1249 1430 cardinalis

50 1481 196 1539 constare
218 1477 316 1540 lucide
339 1479 426 1541 nobis
450 1480 539 1563 cepit.
565 1481 656 1544 Porro
674 1486 706 1543 ut
729 1500 819 1562 super
834 1479 995 1562 gaudium,
1017 1476 1097 1562 quod
1120 1477 1157 1539 13
1178 1494 1250 1556 pro-

49 1606 142 1671 spere
159 1594 248 1672 gesto
266 1592 393 1672 negocio
411 1595 459 1654 est
475 1593 635 1674 agendum,
649 1592 706 1655 tibi
719 1593 808 1656 etiam
821 1594 860 1655 de
872 1611 1004 1675 persona
1015 1590 1104 1654 electi
1117 1586 1249 1672 speciale

50 1698 196 1777 gaudium
214 1699 396 1762 cumuletur:
421 1700 500 1764 idem
516 1722 578 1773 rex,
596 1703 674 1767 sicut
689 1703 827 1785 predicto
845 1701 996 1766 cardinale
1012 1701 1162 1763 referente
1176 1717 1250 1779 cog·
1259 1699 1337 1740 11115
1346 1699 1366 1738 l·

52 1808 194 1873 novimus
208 1814 238 1872 el
253 1811 332 1874 sama
348 1811 468 1893 publica
480 1816 675 1894 protestatur,
689 1818 736 1876 est
748 1814 870 1904 quidem
882 1812 941 1876 1113
954 1809 1131 1880 catholicus,
1150 1809 1249 1872 animo

52 1919 204 2000 prudens,
222 1919 333 1983 milicia
349 1924 523 1993 strennuus,
539 1921 668 2006 propriis
684 1927 792 2005 potens
814 1921 940 1994 viribus,
963 1920 1121 1984 multorum
1137 1917 1251 2001 princi-

50 2047 125 2109 pum
138 2025 287 2091 affinitate
301 2027 331 2115 ε)
349 2048 514 2100 connexus,
530 2030 683 2094 iuventute
700 2029 845 2104 feruidus,
862 2029 1051 2113 experiencia
1068 2027 1250 2096 moderatus,

51 2141 159 2216 gratus
183 2136 317 2201 moribus
340 2144 370 2202 et
393 2139 496 2220 specie
513 2139 648 2222 corporis
664 2141 694 2202 in
712 2141 805 2204 oculis
822 2141 952 2204 omnium
969 2137 1135 2221 graciosus.
1170 2133 1252 2216 Qua·

51 2251 180 2329 propter
203 2265 359 2330 speramus
382 2246 413 2310 in
434 2248 560 2311 Domino
584 2253 614 2313 et
630 2248 661 2312 in
677 2270 731 2313 sue
747 2249 888 2332 potencia
905 2246 1081 2316 maiestatis,
1099 2244 1178 2330 quod
1194 2242 1251 2307 sub

51 2354 185 2437 pedibus
204 2355 290 2438 regni
314 2357 460 2428 eiusdem,
484 2363 679 2440 persecutore
703 2357 836 2441 quolibet
851 2358 995 2421 velociter
1011 2355 1199 2425 conculcato,
1222 2358 1253 2416 et

51 2463 290 2544 malignancium
318 2465 468 2546 capitibus
497 2467 721 2550 conquassatis,
743 2466 819 2529 fides
843 2464 1006 2535 catholica,
1030 2483 1088 2546 pax
1111 2460 1253 2533 ecclesie,

51 2572 256 2656 tranquillitas
274 2572 355 2636 orbis
373 2593 410 2637 ac
425 2573 557 2638 fidelium
574 2581 672 2639 status
690 2575 820 2638 debeant
838 2575 875 2637 ab
895 2573 974 2637 omni
989 2577 1077 2657 parte
1090 2592 1146 2654 per
1156 2570 1254 2655 i'psum

50 2680 214 2764 magnifice
236 2683 371 2763 reparari
389 2682 434 2770 ζ).
460 2683 575 2746 Deinde
593 2682 625 2747 u't
642 2684 680 2747 de
697 2684 791 2766 ipsius
809 2683 895 2764 regni
913 2679 1119 2763 assumptione
1135 2680 1255 2743 favora-

50 2791 105 2854 bili
122 2797 154 2854 et
171 2792 318 2873 solempni
337 2793 502 2877 concipias,
520 2798 662 2875 quantum
678 2793 719 2856 sit
742 2792 780 2854 de
805 2793 901 2874 ipsius
924 2787 1138 2873 progressibus
1161 2786 1256 2851 confi·

53 2900 198 2972 dendum‚
217 2900 356 2963 electioni
374 2903 437 2963 eius
456 2901 574 2965 noveris
590 2902 734 2983 plurimos
759 2901 796 2963 de
819 2899 1006 2982 principibus
1030 2905 1090 2962 tam
1108 2896 1256 2959 ecclcsia-

52 3009 140 3072 sticis
159 3029 248 3092 quam
264 3009 423 3072 mundanis
447 3011 646 3092 personaliter
669 3009 808 3083 affuisse,
834 3013 1046 3093 procuratores
1071 3007 1256 3089 311333333-

53 3118 195 3190 rundam,
220 3119 271 3201 qui
289 3118 431 3183 absentes
447 3121 570 3184 luerunt
587 3141 623 3183 ex
648 3139 739 3184 causa
763 3119 936 3184 necessaria
959 3118 1006 3181 vel
1031 3117 1168 3187 honesta,
1192 3117 1255 3199 qui,

56 3228 248 3290 dominorum
272 3247 392 3290 suorum
416 3228 564 3292 babentes
586 3229 674 3313 plena
697 3229 854 3300 mandata,
871 3233 1001 3292 votivum
1018 3248 1072 3311 pro
1089 3225 1147 3290 illis
1163 3226 1258 3289 inter·

52 3356 187 3418 posuere
205 3355 398 3409 consensum,
415 3343 517 3420 preter
540 3337 712 3402 innumeros
736 3338 851 3400 nobiles
876 3342 905 3400 et
927 3340 1095 3418 magnates,
1113 3335 1163 3417 qui
1186 3353 1257 3414 pre-

55 3444 139 3508 dicto
165 3443 262 3507 electo
286 3464 353 3507 mox
376 3447 476 3527 capita
500 3446 707 3509 subdiderunt.
734 3447 798 3509 Hec
814 3444 906 3527 igitur
923 3444 971 3506 dic
989 3447 1020 3506 ct
1035 3442 1144 3505 manda
1161 3440 1257 3504 tideli-

54 3554 132 3625 bus,
157 3573 234 3637 quos
258 3553 337 3615 enim
362 3553 441 3617 nosti
465 3554 502 3617 de
524 3553 583 3617 biis
612 3553 781 3617 rumoribus
804 3552 979 3635 gavisuros,
1004 3555 1151 3635 quatenus
1172 3548 1257 3634 ipsos

55 3663 173 3726 babeas
187 3661 290 3744 gaudii
306 3662 349 3726 tui
366 3664 466 3727 socios
484 3667 514 3726 et
530 3664 588 3746 ipsi
604 3663 659 3727 tibi
676 3663 926 3743 congratulentur
941 3661 1101 3725 audientes
1113 3663 1255 3742 tanquam

57 3774 105 3837 sui
121 3773 228 3836 solacii
246 3775 355 3835 nuncio
373 3776 403 3836 et
418 3773 552 3856 preconi.

151 3990 185 4058 a)
201 3990 228 4042 S.
242 3989 332 4044 Georii
346 3989 378 4043 ad
392 3991 478 4045 uelum
492 4008 597 4044 aureum
616 3990 719 4045 diaconi
737 3990 878 4044 cardinalis
895 3988 971 4043 nobis
982 3986 1103 4043 constitit
1119 3985 1256 4042 manifeste

59 4081 126 4135 Phil.
140 4079 203 4132 305.

152 4279 350 4348 Vergleicbung
370 4281 417 4334 mit
433 4281 502 4334 Belia
522 4282 562 4334 bei
578 4282 690 4335 lltthmer
704 4282 802 4336 Fontes
816 4281 841 4340 2,
857 4243 918 4333 ida.
939 4278 972 4348 3)
994 4279 1046 4330 llas
1068 4253 1202 4347 l'olgendo
1215 4274 1256 4327 bis

62 4372 178 4442 abstergi
193 4372 269 4425 ieblt.
294 4402 327 4410 -
340 4369 376 4440 β)
389 4371 420 4426 V.
433 4373 521 4425 Nonas
536 4372 667 4426 Octobris.
681 4401 716 4411 -
730 4371 867 4424 1131113333
881 4369 962 4423 Paris.
978 4369 1052 4438 giebt
1064 4367 1099 4420 30
1112 4367 1203 4438 Sptbr.
1218 4366 1256 4420 als

62 4462 192 4531 Wabltag.
211 4461 239 4514 S.
259 4462 389 4515 Borbmer
410 4462 473 4528 lieg.
494 4465 525 4516 ab
546 4479 569 4515 3.
591 4461 670 4516 lato.
693 4481 720 4532 p.
740 4460 765 4513 3.
786 4491 820 4499 —-
838 4460 871 4530 p)
892 4458 1056 4513 Wilbelmus.
1075 4487 1111 4496 —
1130 4454 1162 4528 d)
1183 4455 1255 4510 Petri
1363 4519 1368 4528 ¹

64 4552 90 4606 S.
111 4551 220 4628 Georgii
241 4553 274 4607 31
294 4552 381 4608 velum
399 4570 515 4616 aureum,
534 4569 588 4608 was
608 4553 687 4609 ollsin
706 4551 804 4620 ricbtig
822 4551 865 4606 ist.
883 4582 910 4591 -
929 4553 954 4620 ε)
969 4547 1206 4620 consanguinitate.
1222 4577 1255 4586 -
