3112 5118
869 680 927 756 15.

502 866 516 888 ’·
609 860 775 940 lnpmtcr
798 860 943 940 potestne
968 859 1015 922 vel
1040 858 1164 922 etvltrtl.

749 1015 827 1068 lale.
848 1015 1015 1085 September.

291 1157 434 1214 Friedrdcb
447 1159 481 1212 ΙΙ.
500 1156 627 1213 dericbtet
642 1157 772 1230 gewiaaen
791 1156 930 1212 italiaelteu
944 1158 1062 1220 Stddten,
1077 1173 1107 1210 er
1119 1156 1199 1218 bade,
1221 1175 1270 1211 zur
1285 1159 1393 1212 Geroalt
1403 1174 1485 1228 qepen

291 1251 344 1304 deo
356 1250 440 1320 Popet
454 1245 605 1317 penetrator,
622 1247 691 1302 caelu
711 1249 760 1301 der
779 1266 810 1301 zu
822 1249 921 1301 Parma
941 1247 990 1300 mit
1003 1245 1078 1301 ibren
1092 1248 1174 1300 Buteo
1186 1245 1345 1317 pebelteneu
1359 1247 1482 1319 Sproebe

291 1341 343 1392 deo
356 1338 455 1392 dritten
472 1337 546 1393 Tleit
557 1340 607 1392 der
618 1337 782 1393 leireblielten
795 1336 939 1408 Einlcdnfte
951 1334 1118 1392 eisezuzieten
1130 1335 1250 1406 desolateu
1257 1356 1268 1402 ;
1281 1337 1323 1391 eie
1336 1345 1433 1407 moyen
1446 1335 1488 1391 die

291 1446 375 1482 neuen
392 1427 571 1483 tutantiebeo
590 1429 795 1498 Verordouugeo
812 1425 970 1481 deotaebteo
988 1427 1044 1480 und
1060 1427 1090 1480 iu
1109 1425 1168 1482 ihre
1182 1428 1302 1482 Statuteu
1315 1425 1488 1496 dasnebmen.

381 1569 552 1624 lluill.·llrdh.
565 1571 606 1633 vl,
619 1568 771 1625 btv-359.
788 1600 816 1610 -
832 1571 902 1624 bion.
915 1571 999 1640 Legg.
1012 1569 1044 1632 11,
1058 1568 1120 1622 354.

380 1713 541 1777 Multisarie
556 1713 717 1797 multisque
733 1714 840 1786 modis,
863 1718 951 1796 prout
973 1713 1052 1774 sama
1075 1711 1225 1778 celebrior
1246 1711 1344 1775 literis
1368 1710 1489 1793 publice

291 1821 487 1904 provulgasse
503 1822 562 1884 iam
583 1822 690 1904 potuit,
715 1823 751 1885 ad
774 1823 859 1904 pacis
882 1821 1092 1884 universaliter
1115 1825 1272 1902 expectate
1294 1820 1490 1882 dulcedinem

291 1930 452 2013 imperialis
480 1929 647 1992 humanitas
676 1929 804 1993 animam
836 1928 1000 1991 inclinavit.
1048 1928 1109 1992 Sed
1139 1927 1359 2010 quantumlibet
1391 1928 1491 2008 ipsam

290 2037 438 2100 instanter
460 2037 625 2119 inquireret
647 2041 677 2098 et
698 2056 752 2118 per
773 2035 966 2098 humanitatis
990 2035 1112 2098 semitas
1137 2040 1331 2117 sequeretur:
1362 2033 1490 2097 Romani

290 2142 440 2226 pontilicis
456 2143 596 2224 impetus,
614 2162 703 2224 quem
720 2142 827 2204 ducem
842 2141 927 2223 pacis
946 2163 1014 2204 esse
1032 2142 1242 2213 credebamus,
1254 2142 1352 2223 ipsam
1368 2159 1490 2222 pacem,

290 2257 393 2334 preter
409 2271 493 2333 spem
509 2256 642 2313 nestram
659 2256 689 2312 et
705 2256 806 2312 votum
822 2269 978 2313 commune
995 2250 1199 2322 credendum,
1217 2249 1328 2312 erroris
1352 2249 1441 2311 duxit
1463 2248 1493 2310 iu

291 2358 425 2429 devium,
454 2364 485 2421 et
507 2376 595 2439 quam
612 2356 753 2420 ardenter
769 2357 909 2438 amplecti
932 2357 1095 2426 debuerat,
1124 2357 1258 2419 indebite
1274 2357 1370 2438 proch
1387 2356 1493 2418 dolor!

290 2467 469 2549 profugavit.
509 2464 697 2545 Quapropter
728 2469 846 2547 opertet
876 2484 949 2534 nos,
980 2464 1054 2527 licet
1079 2464 1201 2536 invitos,
1229 2469 1263 2526 ut
1290 2464 1413 2526 scilicet
1442 2463 1493 2546 qui

290 2574 407 2657 pondus
423 2573 541 2636 incudis
556 2574 703 2635 haetenus
719 2572 876 2653 pacienter
891 2577 922 2634 et
939 2572 1047 2634 devote
1063 2571 1239 2644 subivimus,
1262 2572 1362 2635 mallei
1380 2590 1494 2635 conse-

292 2689 420 2766 quenter
435 2682 564 2747 officium
580 2661 777 2754 resumambs,
794 2703 830 2746 ac
846 2683 897 2745 ubi
921 2683 1078 2764 paciencie
1100 2689 1203 2747 nostre
1218 2683 1356 2747 theriaca
1373 2683 1418 2764 a)
1436 2703 1494 2745 non

291 2792 394 2863 valuit,
410 2812 466 2874 per
480 2793 606 2854 victorie
623 2792 766 2872 gladium,
783 2811 871 2874 quem
887 2790 1066 2872 pontificalis
1084 2791 1160 2854 cotis
1178 2792 1326 2873 asperitas
1343 2791 1433 2855 acuit
1450 2796 1492 2861 et,

292 2899 461 2962 occasionis
478 2898 637 2963 cuiuslibet
653 2900 774 2981 expulsu
790 2898 945 2979 rubigine,
961 2898 999 2961 ad
1014 2897 1211 2980 precipicium
1233 2898 1350 2961 fabrica
1373 2899 1494 2961 noviter

293 3007 469 3078 eliminavit,
485 3011 626 3088 tanquam
643 3025 815 3087 supremum
837 3005 951 3086 grande
974 3005 1156 3077 remedium,
1180 3025 1235 3067 nos
1253 3006 1292 3068 ad
1307 3005 1492 3087 potencialis

292 3114 409 3176 medele
427 3113 601 3194 suffragium
618 3118 837 3176 convertamus.
870 3112 963 3175 Cuius
979 3113 1030 3175 alti
1048 3113 1143 3176 nostri
1159 3113 1308 3195 propositi
1331 3113 1493 3176 consilium

293 3221 411 3284 nunciis
426 3219 548 3291 vestris,
565 3238 640 3302 qnos
657 3218 695 3280 ad
711 3223 845 3280 nostram
855 3217 1045 3300 presenciam
1056 3224 1159 3281 vestra
1173 3219 1299 3280 devocio
1313 3219 1492 3288 destinavit,

292 3334 375 3394 tanto
392 3325 541 3389 salubrius
558 3325 835 3388 communicandum
858 3324 1060 3415 previdimus,
1084 3330 1197 3407 quanto
1218 3325 1363 3406 potencie
1387 3329 1493 3389 nostre

292 3435 458 3502 sublimitas
481 3433 648 3496 voluntates
670 3438 787 3496 vestras
810 3432 901 3495 adid
923 3433 1090 3494 concordes
1113 3434 1291 3513 expostulat,
1314 3438 1346 3494 et
1364 3431 1492 3496 effeetus

192 3587 221 3610 ο.
262 3545 477 3611 „voluntatum
505 3541 667 3603 earundem
694 3539 733 3602 ad
758 3559 885 3621 presens
913 3545 1033 3620 reputat
1054 3545 1217 3620 oportunos
1234 3539 1287 3620 α).
1322 3539 1437 3620 Igitur,
1461 3545 1492 3602 ut

292 3650 458 3714 maiestatis
474 3655 577 3711 nostre
594 3647 721 3710 sublime
737 3647 924 3729 propositum
940 3646 1089 3708 salubrius
1113 3652 1144 3709 et
1166 3647 1355 3708 commodius
1380 3667 1492 3710 censu-

292 3764 401 3828 metur,
417 3757 583 3818 infortuna
600 3774 724 3817 cesaree
741 3755 956 3825 fulcimentum,
972 3754 1100 3816 terciam
1111 3761 1228 3834 partem
1239 3760 1445 3835 proventuum
1463 3762 1493 3817 et

294 3866 511 3931 obvencionum
528 3863 667 3933 omnium,
683 3870 771 3945 prout
787 3862 844 3924 boc
860 3882 915 3944 per
931 3863 1058 3924 nuncios
1074 3862 1112 3924 ad
1128 3862 1343 3924 celsitudinem
1359 3869 1493 3926 vestram

293 3976 403 4038 missos
419 3971 547 4056 liquebit
561 3971 713 4052 apercius,
729 3969 768 4032 ab
785 3970 922 4032 omnibus
939 3970 1078 4032 eeclesiis
1095 3975 1198 4032 nostre
1220 3969 1351 4032 dicionis
1375 3971 1495 4033 sereni·

293 4081 365 4144 tatis
400 4087 503 4141 nostre
536 4076 637 4139 edicto
670 4075 813 4139 iussimus
848 4074 1033 4156 exigendam.
1077 4075 1179 4138 Novas
1207 4077 1305 4137 eciam
1332 4083 1441 4138 nostre
1458 4076 1495 4160 o)

294 4185 523 4268 magnificencie
530 4183 714 4254 sanctiones,
731 4202 805 4266 quas
815 4201 911 4263 nuper
926 4182 1088 4262 imperialis
1101 4181 1239 4244 culminis
1254 4183 1371 4264 tytulus
1389 4184 1496 4252 edidit,

294 4305 435 4377 tunquam
462 4293 589 4354 victorie
612 4299 715 4353 nostre
744 4290 863 4372 quidam
889 4289 1097 4371 preambulus,
1126 4289 1211 4352 robis
1238 4290 1296 4352 sub
1324 4292 1495 4354 maiestatis

325 4444 331 4456 '
382 4455 420 4524 a)
437 4452 548 4526 tyriotes
560 4453 590 4506 V.
603 4451 712 4505 sinales.
727 4481 760 4489 -
773 4450 805 4518 t)
822 4457 913 4503 nostre
926 4467 967 4505 um
980 4451 1071 4504 llande
1086 4450 1115 4502 v.
