3096 5128
309 265 388 338 468

307 437 449 505 Nutantes
479 439 569 522 igitur
598 439 797 522 pulcherrima
834 445 998 503 austrorum
1028 442 1195 502 nostrorum
1226 441 1349 524 agmina
1384 437 1490 528 [ou]m

308 549 504 614 obscenarum
526 547 727 614 clientelarum
750 551 898 614 societate
920 549 1064 612 rilesoere
1086 552 1137 612 aut
1152 549 1377 631 speciositatem
1394 551 1491 614 nostri

308 659 426 746 pallaeii
440 661 522 722 tanta
535 706 543 721 .
557 706 564 721 .
579 704 587 720 .
605 656 792 730 sordeseere,
813 663 920 722 eterna
935 658 1002 739 lege
1019 658 1179 730 sancimus,
1197 663 1229 722 ut
1246 660 1301 730 eis,
1319 678 1380 742 que
1397 659 1491 740 gratis

309 773 431 852 accepta
447 770 547 830 nostre
564 765 683 829 celastis
701 764 906 830 munificencia
927 766 1006 830 dona
1022 765 1201 838 venundant,
1225 785 1284 829 non
1303 767 1396 831 liceat
1415 767 1489 830 inter

309 875 458 962 amplexus
469 874 628 938 indormire
641 878 670 937 et
680 874 710 936 in
720 875 935 956 sempiternum
948 874 1098 938 basiorum
1107 876 1252 939 suauitate
1263 876 1489 946 frustrarentur,

310 998 510 1066 necunquam
528 983 570 1046 eis
585 984 632 1046 fas
648 984 686 1046 sit
701 990 819 1048 secreto
841 984 891 1049 illo
913 988 1080 1048 nostrarum
1102 981 1274 1048 deliciarum
1297 988 1422 1047 nectare
1439 982 1490 1046 ‹le-

310 1091 580 1175 baeehari‚tibique
594 1093 1013 1165 auctoritatemeonoedimus,
1022 1111 1072 1157 eas
1085 1112 1103 1156 a
1114 1091 1285 1156 cohortibus
1299 1091 1411 1155 nostris
1424 1112 1491 1176 per-

310 1205 399 1286 petuo
414 1199 631 1283 proscribendi,
646 1206 802 1284 rogantes,
824 1207 857 1266 ut
879 1202 921 1265 illi
943 1204 1011 1266 roto
1034 1207 1103 1273 tuo,
1126 1201 1210 1264 euius
1227 1200 1366 1264 iniuriam
1381 1201 1491 1265 nostris

312 1329 538 1378 annumeramus
551 1309 682 1383 offensis
694 1311 909 1394 benignissimo
923 1310 1117 1396 eompaeiaris
1129 1309 1249 1382 affeetu,
1262 1309 1363 1374 sciens
1375 1309 1491 1374 diffini·

311 1423 388 1494 tive,
416 1419 494 1502 quod
522 1420 547 1482 si
574 1423 675 1484 nostre
704 1421 869 1486 maiestatis
896 1421 1066 1484 mandatum
1092 1417 1253 1484 eibotoitar
1283 1418 1491 1509 [eneeueiou]i

314 1529 543 1624 [m]andararis,
556 1529 733 1594 afflueneius
746 1531 777 1594 in
789 1535 877 1595 antea
889 1549 977 1614 quam
988 1531 1132 1594 haetenus
1142 1527 1339 1593 inebriaberis
1353 1549 1390 1594 aa
1402 1529 1492 1595 uber-

313 1647 375 1707 tate
388 1639 557 1704 delieiarum
573 1643 742 1703 nostrarum
759 1686 767 1702 .
838 1688 846 1702 .
865 1643 934 1703 ente
949 1640 1129 1722 voluptatum
1141 1643 1310 1702 nostrarum
1322 1638 1490 1704 exuberan-

313 1752 427 1816 tissime
448 1754 600 1833 reportare
622 1747 789 1812 nullatenus
813 1749 990 1812 omittemus.
1015 1750 1204 1830 Apponemus
1227 1748 1304 1811 enim
1326 1748 1415 1813 labiis
1436 1750 1492 1815 turb

320 1859 387 1926 abia
397 1859 543 1942 uirginum
558 1875 647 1921 rosea
665 1858 763 1922 tineta
779 1857 891 1921 muriae
928 1895 1473 1925 .............
