<?xml version="1.0" encoding="UTF-8"?>
<!DOCTYPE html PUBLIC "-//W3C//DTD XHTML 1.0 Transitional//EN"
    "http://www.w3.org/TR/xhtml1/DTD/xhtml1-transitional.dtd">
<html xmlns="http://www.w3.org/1999/xhtml" xml:lang="en" lang="en">
 <head>
  <title>
</title>
<meta http-equiv="Content-Type" content="text/html;charset=utf-8" />
  <meta name='ocr-system' content='tesseract 3.04.00' />
  <meta name='ocr-capabilities' content='ocr_page ocr_carea ocr_par ocr_line ocrx_word'/>
</head>
<body>
  <div class='ocr_page' id='page_1' title='image "./fontesrerumaust01kommgoog_0352.png"; bbox 0 0 3108 5118; ppageno 0'>
   <div class='ocr_carea' id='block_1_1' title="bbox 1190 318 1267 392">
    <p class='ocr_par' dir='ltr' id='par_1_1' title="bbox 1190 318 1267 392">
     <span class='ocr_line' id='line_1_1' title="bbox 1190 318 1267 392; baseline 0.026 -2"><span class='ocrx_word' id='word_1_1' title='bbox 1190 318 1267 392; x_wconf 79' lang='lat'>323</span> 
     </span>
    </p>
   </div>
   <div class='ocr_carea' id='block_1_2' title="bbox 23 489 1268 903">
    <p class='ocr_par' dir='ltr' id='par_1_2' title="bbox 23 489 1268 903">
     <span class='ocr_line' id='line_1_2' title="bbox 64 489 1268 575; baseline 0.003 -24"><span class='ocrx_word' id='word_1_2' title='bbox 64 489 236 571; x_wconf 86' lang='lat' dir='ltr'>detegitur,</span> <span class='ocrx_word' id='word_1_3' title='bbox 262 490 384 554; x_wconf 89' lang='lat' dir='ltr'>iusticia</span> <span class='ocrx_word' id='word_1_4' title='bbox 410 489 587 564; x_wconf 88' lang='lat' dir='ltr'>roboratur,</span> <span class='ocrx_word' id='word_1_5' title='bbox 613 498 644 556; x_wconf 89' lang='lat' dir='ltr'>et</span> <span class='ocrx_word' id='word_1_6' title='bbox 671 491 813 575; x_wconf 90' lang='lat' dir='ltr'>iniquitas</span> <span class='ocrx_word' id='word_1_7' title='bbox 843 490 1002 574; x_wconf 87' lang='lat' dir='ltr'>effugatur.</span> <span class='ocrx_word' id='word_1_8' title='bbox 1036 491 1123 557; x_wconf 87' lang='lat' dir='ltr'><strong>Unde</strong></span> <span class='ocrx_word' id='word_1_9' title='bbox 1152 512 1268 566; x_wconf 91' lang='lat' dir='ltr'>omnes,</span> 
     </span>
     <span class='ocr_line' id='line_1_3' title="bbox 66 593 1268 684; baseline 0.002 -21"><span class='ocrx_word' id='word_1_10' title='bbox 66 600 117 683; x_wconf 91' lang='lat' dir='ltr'>qui</span> <span class='ocrx_word' id='word_1_11' title='bbox 150 598 318 664; x_wconf 89' lang='lat' dir='ltr'>christiano</span> <span class='ocrx_word' id='word_1_12' title='bbox 343 593 463 664; x_wconf 90' lang='lat' dir='ltr'>nomine</span> <span class='ocrx_word' id='word_1_13' title='bbox 487 601 667 683; x_wconf 76' lang='lat' dir='ltr'><strong>gloriantur,</strong></span> <span class='ocrx_word' id='word_1_14' title='bbox 690 608 830 684; x_wconf 85' lang='lat' dir='ltr'><strong>possunt,</strong></span> <span class='ocrx_word' id='word_1_15' title='bbox 854 602 943 666; x_wconf 94' lang='lat' dir='ltr'>immo</span> <span class='ocrx_word' id='word_1_16' title='bbox 969 602 1081 666; x_wconf 90' lang='lat' dir='ltr'>debent</span> <span class='ocrx_word' id='word_1_17' title='bbox 1104 601 1142 666; x_wconf 93' lang='lat' dir='ltr'>ad</span> <span class='ocrx_word' id='word_1_18' title='bbox 1166 606 1268 665; x_wconf 81' lang='lat' dir='ltr'>vestre</span> 
     </span>
     <span class='ocr_line' id='line_1_4' title="bbox 63 709 1267 794; baseline 0.003 -24"><span class='ocrx_word' id='word_1_19' title='bbox 63 710 262 792; x_wconf 80' lang='lat' dir='ltr'>imperatorie</span> <span class='ocrx_word' id='word_1_20' title='bbox 278 709 445 774; x_wconf 90' lang='lat' dir='ltr'>maiestatis</span> <span class='ocrx_word' id='word_1_21' title='bbox 463 711 658 775; x_wconf 90' lang='lat' dir='ltr'>clemenciam</span> <span class='ocrx_word' id='word_1_22' title='bbox 671 731 830 780; x_wconf 89' lang='lat' dir='ltr'>recurrero</span> <span class='ocrx_word' id='word_1_23' title='bbox 844 731 912 775; x_wconf 92' lang='lat' dir='ltr'>cum</span> <span class='ocrx_word' id='word_1_24' title='bbox 924 710 1035 775; x_wconf 86' lang='lat' dir='ltr'>fiducia</span> <span class='ocrx_word' id='word_1_25' title='bbox 1048 711 1267 794; x_wconf 90' lang='lat' dir='ltr'>quodammodo</span> 
     </span>
     <span class='ocr_line' id='line_1_5' title="bbox 23 813 1267 903; baseline 0 -22"><span class='ocrx_word' id='word_1_26' title='bbox 23 813 26 822; x_wconf 84' lang='lat'>&#39;</span> <span class='ocrx_word' id='word_1_27' title='bbox 63 818 214 902; x_wconf 92' lang='lat' dir='ltr'>ampliori.</span> <span class='ocrx_word' id='word_1_28' title='bbox 247 817 325 882; x_wconf 93' lang='lat' dir='ltr'>Nam</span> <span class='ocrx_word' id='word_1_29' title='bbox 349 817 434 882; x_wconf 92' lang='lat' dir='ltr'>vobis</span> <span class='ocrx_word' id='word_1_30' title='bbox 450 819 595 882; x_wconf 87' lang='lat' dir='ltr'>Dominus</span> <span class='ocrx_word' id='word_1_31' title='bbox 620 819 746 885; x_wconf 90' lang='lat' dir='ltr'>contulit</span> <span class='ocrx_word' id='word_1_32' title='bbox 769 824 950 903; x_wconf 88' lang='lat' dir='ltr'>potestatem</span> <span class='ocrx_word' id='word_1_33' title='bbox 973 819 1064 902; x_wconf 80' lang='lat' dir='ltr'>gladii</span> <span class='ocrx_word' id='word_1_34' title='bbox 1081 819 1267 902; x_wconf 88' lang='lat' dir='ltr'>temporalis,</span> 
     </span>
    </p>
   </div>
   <div class='ocr_carea' id='block_1_3' title="bbox 63 927 1267 1119">
    <p class='ocr_par' dir='ltr' id='par_1_3' title="bbox 63 927 1267 1119">
     <span class='ocr_line' id='line_1_6' title="bbox 63 927 1267 1010; baseline 0.001 -20"><span class='ocrx_word' id='word_1_35' title='bbox 63 935 96 991; x_wconf 92' lang='lat' dir='ltr'>ut</span> <span class='ocrx_word' id='word_1_36' title='bbox 113 927 276 990; x_wconf 83' lang='lat' dir='ltr'>serenitati</span> <span class='ocrx_word' id='word_1_37' title='bbox 292 931 392 992; x_wconf 83' lang='lat' dir='ltr'>vestre</span> <span class='ocrx_word' id='word_1_38' title='bbox 410 929 451 991; x_wconf 88' lang='lat' dir='ltr'>sit</span> <span class='ocrx_word' id='word_1_39' title='bbox 465 929 632 1010; x_wconf 90' lang='lat' dir='ltr'>proprium,</span> <span class='ocrx_word' id='word_1_40' title='bbox 658 929 761 993; x_wconf 88' lang='lat' dir='ltr'>orbem</span> <span class='ocrx_word' id='word_1_41' title='bbox 787 935 868 994; x_wconf 87' lang='lat' dir='ltr'>terre</span> <span class='ocrx_word' id='word_1_42' title='bbox 892 930 977 992; x_wconf 82' lang='lat' dir='ltr'>freno</span> <span class='ocrx_word' id='word_1_43' title='bbox 1002 929 1077 992; x_wconf 87' lang='lat' dir='ltr'>iuris</span> <span class='ocrx_word' id='word_1_44' title='bbox 1094 933 1125 992; x_wconf 89' lang='lat' dir='ltr'>et</span> <span class='ocrx_word' id='word_1_45' title='bbox 1148 928 1267 992; x_wconf 90' lang='lat' dir='ltr'>iusticie</span> 
     </span>
     <span class='ocr_line' id='line_1_7' title="bbox 63 1034 1267 1119; baseline -0.001 -22"><span class='ocrx_word' id='word_1_46' title='bbox 63 1035 290 1116; x_wconf 82' lang='lat' dir='ltr'>constringere.</span> <span class='ocrx_word' id='word_1_47' title='bbox 326 1034 413 1098; x_wconf 81' lang='lat' dir='ltr'>Fecit</span> <span class='ocrx_word' id='word_1_48' title='bbox 430 1034 509 1098; x_wconf 93' lang='lat' dir='ltr'>enim</span> <span class='ocrx_word' id='word_1_49' title='bbox 526 1055 578 1098; x_wconf 91' lang='lat' dir='ltr'>vos</span> <span class='ocrx_word' id='word_1_50' title='bbox 596 1036 740 1101; x_wconf 83' lang='lat' dir='ltr'>Dominus</span> <span class='ocrx_word' id='word_1_51' title='bbox 757 1037 969 1119; x_wconf 89' lang='lat' dir='ltr'>imperatorem</span> <span class='ocrx_word' id='word_1_52' title='bbox 988 1036 1019 1098; x_wconf 90' lang='lat' dir='ltr'>in</span> <span class='ocrx_word' id='word_1_53' title='bbox 1042 1034 1150 1108; x_wconf 89' lang='lat' dir='ltr'>terris,</span> <span class='ocrx_word' id='word_1_54' title='bbox 1179 1054 1267 1118; x_wconf 90' lang='lat' dir='ltr'>quem</span> 
     </span>
    </p>
   </div>
   <div class='ocr_carea' id='block_1_4' title="bbox 60 1144 1269 1669">
    <p class='ocr_par' dir='ltr' id='par_1_4' title="bbox 60 1144 1269 1669">
     <span class='ocr_line' id='line_1_8' title="bbox 61 1144 1269 1226; baseline 0.002 -20"><span class='ocrx_word' id='word_1_55' title='bbox 61 1144 223 1226; x_wconf 88' lang='lat' dir='ltr'>proprium</span> <span class='ocrx_word' id='word_1_56' title='bbox 240 1144 490 1226; x_wconf 78' lang='lat' dir='ltr'>recognoscimus</span> <span class='ocrx_word' id='word_1_57' title='bbox 508 1146 658 1211; x_wconf 92' lang='lat' dir='ltr'>dominum</span> <span class='ocrx_word' id='word_1_58' title='bbox 677 1151 707 1210; x_wconf 91' lang='lat' dir='ltr'>et</span> <span class='ocrx_word' id='word_1_59' title='bbox 731 1147 779 1209; x_wconf 90' lang='lat' dir='ltr'>cui</span> <span class='ocrx_word' id='word_1_60' title='bbox 804 1151 908 1210; x_wconf 91' lang='lat' dir='ltr'>nostra</span> <span class='ocrx_word' id='word_1_61' title='bbox 932 1145 1070 1210; x_wconf 89' lang='lat' dir='ltr'>subiacet</span> <span class='ocrx_word' id='word_1_62' title='bbox 1094 1144 1211 1217; x_wconf 89' lang='lat' dir='ltr'>civitas,</span> <span class='ocrx_word' id='word_1_63' title='bbox 1235 1150 1269 1208; x_wconf 95' lang='lat' dir='ltr'>ut</span> 
     </span>
     <span class='ocr_line' id='line_1_9' title="bbox 61 1251 1268 1337; baseline -0.001 -22"><span class='ocrx_word' id='word_1_64' title='bbox 61 1272 117 1315; x_wconf 92' lang='lat' dir='ltr'>vos</span> <span class='ocrx_word' id='word_1_65' title='bbox 136 1253 207 1316; x_wconf 89' lang='lat' dir='ltr'>sitis</span> <span class='ocrx_word' id='word_1_66' title='bbox 225 1257 332 1315; x_wconf 87' lang='lat' dir='ltr'>contra</span> <span class='ocrx_word' id='word_1_67' title='bbox 348 1251 453 1316; x_wconf 91' lang='lat' dir='ltr'>hostes</span> <span class='ocrx_word' id='word_1_68' title='bbox 466 1252 537 1315; x_wconf 85' lang='lat' dir='ltr'>fidei</span> <span class='ocrx_word' id='word_1_69' title='bbox 550 1254 711 1336; x_wconf 82' lang='lat' dir='ltr'>clyppeus,</span> <span class='ocrx_word' id='word_1_70' title='bbox 729 1254 802 1318; x_wconf 85' lang='lat' dir='ltr'>iuris</span> <span class='ocrx_word' id='word_1_71' title='bbox 816 1254 969 1326; x_wconf 81' lang='lat' dir='ltr'>defensor,</span> <span class='ocrx_word' id='word_1_72' title='bbox 987 1259 1102 1318; x_wconf 88' lang='lat' dir='ltr'>amator</span> <span class='ocrx_word' id='word_1_73' title='bbox 1115 1253 1268 1337; x_wconf 88' lang='lat' dir='ltr'>equitatis,</span> 
     </span>
     <span class='ocr_line' id='line_1_10' title="bbox 63 1361 1268 1448; baseline 0 -22"><span class='ocrx_word' id='word_1_74' title='bbox 63 1363 253 1448; x_wconf 83' lang='lat' dir='ltr'>exstirpator</span> <span class='ocrx_word' id='word_1_75' title='bbox 267 1361 398 1436; x_wconf 80' lang='lat' dir='ltr'>malicie,</span> <span class='ocrx_word' id='word_1_76' title='bbox 423 1364 547 1428; x_wconf 85' lang='lat' dir='ltr'>sedator</span> <span class='ocrx_word' id='word_1_77' title='bbox 563 1365 697 1427; x_wconf 80' lang='lat' dir='ltr'>scandali</span> <span class='ocrx_word' id='word_1_78' title='bbox 723 1371 753 1428; x_wconf 88' lang='lat' dir='ltr'>et</span> <span class='ocrx_word' id='word_1_79' title='bbox 777 1365 927 1446; x_wconf 84' lang='lat' dir='ltr'>refugium</span> <span class='ocrx_word' id='word_1_80' title='bbox 952 1363 1157 1446; x_wconf 89' lang='lat' dir='ltr'>impotentum.</span> <span class='ocrx_word' id='word_1_81' title='bbox 1191 1363 1268 1426; x_wconf 94' lang='lat' dir='ltr'>Nam</span> 
     </span>
     <span class='ocr_line' id='line_1_11' title="bbox 60 1473 1268 1557; baseline 0 -21"><span class='ocrx_word' id='word_1_82' title='bbox 60 1478 203 1554; x_wconf 87' lang='lat' dir='ltr'>potestas</span> <span class='ocrx_word' id='word_1_83' title='bbox 224 1473 345 1536; x_wconf 86' lang='lat' dir='ltr'>Cesaris</span> <span class='ocrx_word' id='word_1_84' title='bbox 364 1479 522 1556; x_wconf 85' lang='lat' dir='ltr'>sperantes</span> <span class='ocrx_word' id='word_1_85' title='bbox 538 1475 569 1537; x_wconf 91' lang='lat' dir='ltr'>in</span> <span class='ocrx_word' id='word_1_86' title='bbox 585 1474 707 1538; x_wconf 89' lang='lat' dir='ltr'>iusticia</span> <span class='ocrx_word' id='word_1_87' title='bbox 724 1494 785 1536; x_wconf 94' lang='lat' dir='ltr'>non</span> <span class='ocrx_word' id='word_1_88' title='bbox 800 1473 938 1557; x_wconf 89' lang='lat' dir='ltr'>reliquit,</span> <span class='ocrx_word' id='word_1_89' title='bbox 964 1493 1126 1557; x_wconf 91' lang='lat' dir='ltr'>oppressos</span> <span class='ocrx_word' id='word_1_90' title='bbox 1142 1473 1268 1546; x_wconf 90' lang='lat' dir='ltr'>relevat,</span> 
     </span>
     <span class='ocr_line' id='line_1_12' title="bbox 60 1581 1267 1669; baseline 0 -25"><span class='ocrx_word' id='word_1_91' title='bbox 60 1581 217 1646; x_wconf 90' lang='lat' dir='ltr'>relevatos</span> <span class='ocrx_word' id='word_1_92' title='bbox 235 1587 395 1654; x_wconf 90' lang='lat' dir='ltr'>sustentat,</span> <span class='ocrx_word' id='word_1_93' title='bbox 414 1583 519 1647; x_wconf 90' lang='lat' dir='ltr'>viduas</span> <span class='ocrx_word' id='word_1_94' title='bbox 536 1585 680 1666; x_wconf 85' lang='lat' dir='ltr'>protegit,</span> <span class='ocrx_word' id='word_1_95' title='bbox 698 1582 848 1666; x_wconf 90' lang='lat' dir='ltr'>orphanos</span> <span class='ocrx_word' id='word_1_96' title='bbox 866 1589 1023 1665; x_wconf 84' lang='lat' dir='ltr'>protuetur</span> <span class='ocrx_word' id='word_1_97' title='bbox 1034 1582 1084 1669; x_wconf 87' lang='lat' dir='ltr'>o),</span> <span class='ocrx_word' id='word_1_98' title='bbox 1101 1581 1267 1645; x_wconf 89' lang='lat' dir='ltr'>imbecilles</span> 
     </span>
    </p>
   </div>
   <div class='ocr_carea' id='block_1_5' title="bbox 60 1693 1267 1867">
    <p class='ocr_par' dir='ltr' id='par_1_5' title="bbox 60 1693 1267 1867">
     <span class='ocr_line' id='line_1_13' title="bbox 62 1693 1267 1778; baseline 0.001 -24"><span class='ocrx_word' id='word_1_99' title='bbox 62 1693 205 1756; x_wconf 85' lang='lat' dir='ltr'>defendit</span> <span class='ocrx_word' id='word_1_100' title='bbox 221 1693 271 1778; x_wconf 81' lang='lat' dir='ltr'>b),</span> <span class='ocrx_word' id='word_1_101' title='bbox 288 1695 406 1758; x_wconf 82' lang='lat' dir='ltr'>refovet</span> <span class='ocrx_word' id='word_1_102' title='bbox 423 1694 549 1767; x_wconf 90' lang='lat' dir='ltr'>debiles,</span> <span class='ocrx_word' id='word_1_103' title='bbox 566 1700 735 1776; x_wconf 89' lang='lat' dir='ltr'>prostratos</span> <span class='ocrx_word' id='word_1_104' title='bbox 752 1693 844 1776; x_wconf 87' lang='lat' dir='ltr'>erigit</span> <span class='ocrx_word' id='word_1_105' title='bbox 861 1699 891 1758; x_wconf 88' lang='lat' dir='ltr'>et</span> <span class='ocrx_word' id='word_1_106' title='bbox 907 1700 1025 1758; x_wconf 87' lang='lat' dir='ltr'>erectos</span> <span class='ocrx_word' id='word_1_107' title='bbox 1043 1693 1221 1757; x_wconf 87' lang='lat' dir='ltr'>corroborat</span> <span class='ocrx_word' id='word_1_108' title='bbox 1236 1696 1267 1756; x_wconf 94' lang='lat' dir='ltr'>in</span> 
     </span>
     <span class='ocr_line' id='line_1_14' title="bbox 60 1803 188 1867; baseline 0.023 -5"><span class='ocrx_word' id='word_1_109' title='bbox 60 1803 188 1867; x_wconf 87' lang='lat' dir='ltr'>virtute.</span> 
     </span>
    </p>
   </div>
   <div class='ocr_carea' id='block_1_6' title="bbox 644 2011 706 2081">
    <p class='ocr_par' dir='ltr' id='par_1_6' title="bbox 644 2011 706 2081">
     <span class='ocr_line' id='line_1_15' title="bbox 644 2011 706 2081; baseline -0.032 0"><span class='ocrx_word' id='word_1_110' title='bbox 644 2011 706 2081; x_wconf 77' lang='lat'>24.</span> 
     </span>
    </p>
   </div>
   <div class='ocr_carea' id='block_1_7' title="bbox 404 2188 933 2273">
    <p class='ocr_par' dir='ltr' id='par_1_7' title="bbox 404 2188 933 2273">
     <span class='ocr_line' id='line_1_16' title="bbox 404 2188 933 2273; baseline -0.002 -20"><span class='ocrx_word' id='word_1_111' title='bbox 404 2189 584 2273; x_wconf 74' lang='lat' dir='ltr'>depellamus</span> <span class='ocrx_word' id='word_1_112' title='bbox 603 2189 633 2253; x_wconf 88' lang='lat' dir='ltr'>ll.</span> <span class='ocrx_word' id='word_1_113' title='bbox 651 2188 845 2252; x_wconf 75' lang='lat' dir='ltr'>Romanorum</span> <span class='ocrx_word' id='word_1_114' title='bbox 861 2189 933 2268; x_wconf 75' lang='lat' dir='ltr'>regi.</span> 
     </span>
    </p>
   </div>
   <div class='ocr_carea' id='block_1_8' title="bbox 119 2345 1212 2422">
    <p class='ocr_par' dir='ltr' id='par_1_8' title="bbox 119 2345 1212 2422">
     <span class='ocr_line' id='line_1_17' title="bbox 119 2345 1212 2422; baseline -0.004 -18"><span class='ocrx_word' id='word_1_115' title='bbox 119 2351 174 2406; x_wconf 79' lang='lat' dir='ltr'>Eia</span> <span class='ocrx_word' id='word_1_116' title='bbox 193 2351 300 2422; x_wconf 76' lang='lat' dir='ltr'>Kopion</span> <span class='ocrx_word' id='word_1_117' title='bbox 320 2349 393 2403; x_wconf 69' lang='lat' dir='ltr'>dictet</span> <span class='ocrx_word' id='word_1_118' title='bbox 410 2349 487 2404; x_wconf 84' lang='lat' dir='ltr'>einen</span> <span class='ocrx_word' id='word_1_119' title='bbox 501 2351 623 2410; x_wconf 76' lang='lat' dir='ltr'>Fdraten,</span> <span class='ocrx_word' id='word_1_120' title='bbox 643 2347 688 2402; x_wconf 76' lang='lat' dir='ltr'>ito</span> <span class='ocrx_word' id='word_1_121' title='bbox 701 2346 802 2404; x_wconf 79' lang='lat' dir='ltr'>wieder</span> <span class='ocrx_word' id='word_1_122' title='bbox 814 2346 843 2402; x_wconf 81' lang='lat' dir='ltr'>in</span> <span class='ocrx_word' id='word_1_123' title='bbox 856 2347 915 2402; x_wconf 79' lang='lat' dir='ltr'>aeia</span> <span class='ocrx_word' id='word_1_124' title='bbox 927 2349 1001 2402; x_wconf 75' lang='lat' dir='ltr'>Hauc</span> <span class='ocrx_word' id='word_1_125' title='bbox 1014 2345 1212 2419; x_wconf 80' lang='lat' dir='ltr'>oufzunelrmen.</span> 
     </span>
    </p>
   </div>
   <div class='ocr_carea' id='block_1_9' title="bbox 58 2492 1266 2644">
    <p class='ocr_par' dir='ltr' id='par_1_9' title="bbox 58 2492 1266 2644">
     <span class='ocr_line' id='line_1_18' title="bbox 152 2492 1266 2564; baseline -0.004 -13"><span class='ocrx_word' id='word_1_126' title='bbox 152 2497 302 2552; x_wconf 83' lang='lat' dir='ltr'>Firohabcr</span> <span class='ocrx_word' id='word_1_127' title='bbox 316 2497 420 2550; x_wconf 87' lang='lat' dir='ltr'>Summa</span> <span class='ocrx_word' id='word_1_128' title='bbox 435 2496 509 2550; x_wconf 89' lang='lat' dir='ltr'>Petri</span> <span class='ocrx_word' id='word_1_129' title='bbox 523 2495 556 2549; x_wconf 92' lang='lat' dir='ltr'>de</span> <span class='ocrx_word' id='word_1_130' title='bbox 571 2495 664 2557; x_wconf 84' lang='lat' dir='ltr'>llallis,</span> <span class='ocrx_word' id='word_1_131' title='bbox 678 2495 778 2548; x_wconf 82' lang='lat' dir='ltr'>Fontes</span> <span class='ocrx_word' id='word_1_132' title='bbox 793 2507 844 2547; x_wconf 85' lang='lat' dir='ltr'>rer.</span> <span class='ocrx_word' id='word_1_133' title='bbox 855 2493 946 2547; x_wconf 81' lang='lat' dir='ltr'>Austr.</span> <span class='ocrx_word' id='word_1_134' title='bbox 961 2493 987 2556; x_wconf 87' lang='grc'>6,</span> <span class='ocrx_word' id='word_1_135' title='bbox 999 2512 1025 2564; x_wconf 91' lang='lat' dir='ltr'>p.</span> <span class='ocrx_word' id='word_1_136' title='bbox 1040 2492 1084 2548; x_wconf 75' lang='lat' dir='ltr'>tl.</span> <span class='ocrx_word' id='word_1_137' title='bbox 1099 2493 1210 2558; x_wconf 89' lang='lat' dir='ltr'>Stobbe,</span> <span class='ocrx_word' id='word_1_138' title='bbox 1223 2507 1266 2548; x_wconf 89' lang='lat' dir='ltr'>no.</span> 
     </span>
     <span class='ocr_line' id='line_1_19' title="bbox 58 2589 126 2644; baseline -0.029 0"><span class='ocrx_word' id='word_1_139' title='bbox 58 2589 126 2644; x_wconf 83' lang='lat'><strong>208.</strong></span> 
     </span>
    </p>
   </div>
   <div class='ocr_carea' id='block_1_10' title="bbox 54 2728 1384 4124">
    <p class='ocr_par' dir='ltr' id='par_1_10' title="bbox 54 2728 1384 4124">
     <span class='ocr_line' id='line_1_20' title="bbox 153 2728 1267 2815; baseline -0.005 -18"><span class='ocrx_word' id='word_1_140' title='bbox 153 2733 308 2797; x_wconf 86' lang='lat' dir='ltr'>Lustratis</span> <span class='ocrx_word' id='word_1_141' title='bbox 330 2753 386 2815; x_wconf 92' lang='lat' dir='ltr'>per</span> <span class='ocrx_word' id='word_1_142' title='bbox 408 2731 511 2796; x_wconf 93' lang='lat' dir='ltr'>mundi</span> <span class='ocrx_word' id='word_1_143' title='bbox 534 2732 662 2814; x_wconf 88' lang='lat' dir='ltr'>clymata</span> <span class='ocrx_word' id='word_1_144' title='bbox 685 2729 820 2814; x_wconf 91' lang='lat' dir='ltr'>pluribus</span> <span class='ocrx_word' id='word_1_145' title='bbox 842 2730 1019 2814; x_wconf 89' lang='lat' dir='ltr'>regionibus</span> <span class='ocrx_word' id='word_1_146' title='bbox 1043 2735 1074 2794; x_wconf 88' lang='lat' dir='ltr'>et</span> <span class='ocrx_word' id='word_1_147' title='bbox 1093 2728 1267 2812; x_wconf 86' lang='lat' dir='ltr'>¹peragratis</span> 
     </span>
     <span class='ocr_line' id='line_1_21' title="bbox 54 2839 1267 2928; baseline -0.006 -20"><span class='ocrx_word' id='word_1_148' title='bbox 54 2866 114 2928; x_wconf 90' lang='lat' dir='ltr'>per</span> <span class='ocrx_word' id='word_1_149' title='bbox 133 2841 296 2905; x_wconf 91' lang='lat' dir='ltr'>circuitum</span> <span class='ocrx_word' id='word_1_150' title='bbox 311 2840 432 2923; x_wconf 90' lang='lat' dir='ltr'>lingwis</span> <span class='ocrx_word' id='word_1_151' title='bbox 450 2846 481 2905; x_wconf 88' lang='lat' dir='ltr'>et</span> <span class='ocrx_word' id='word_1_152' title='bbox 496 2839 635 2904; x_wconf 88' lang='lat' dir='ltr'>tribubus</span> <span class='ocrx_word' id='word_1_153' title='bbox 654 2840 853 2904; x_wconf 86' lang='lat' dir='ltr'>diversimode</span> <span class='ocrx_word' id='word_1_154' title='bbox 877 2839 1029 2912; x_wconf 91' lang='lat' dir='ltr'>nacionis,</span> <span class='ocrx_word' id='word_1_155' title='bbox 1053 2839 1132 2903; x_wconf 91' lang='lat' dir='ltr'>inter</span> <span class='ocrx_word' id='word_1_156' title='bbox 1148 2843 1267 2902; x_wconf 90' lang='lat' dir='ltr'>ceteros</span> 
     </span>
     <span class='ocr_line' id='line_1_22' title="bbox 54 2947 1384 3036; baseline -0.01 -19"><span class='ocrx_word' id='word_1_157' title='bbox 54 2952 257 3036; x_wconf 89' lang='lat' dir='ltr'>presidentes</span> <span class='ocrx_word' id='word_1_158' title='bbox 302 2948 500 3013; x_wconf 85' lang='lat' dir='ltr'>tribunalibus</span> <span class='ocrx_word' id='word_1_159' title='bbox 544 2967 704 3030; x_wconf 92' lang='lat' dir='ltr'>personam</span> <span class='ocrx_word' id='word_1_160' title='bbox 742 2953 872 3011; x_wconf 88' lang='lat' dir='ltr'>vestram</span> <span class='ocrx_word' id='word_1_161' title='bbox 916 2947 1149 3011; x_wconf 88' lang='lat' dir='ltr'>amantissimam</span> <span class='ocrx_word' id='word_1_162' title='bbox 1194 2948 1384 3012; x_wconf 62' lang='lat' dir='ltr'>mibirunos.</span> 
     </span>
     <span class='ocr_line' id='line_1_23' title="bbox 54 3055 1267 3146; baseline -0.004 -20"><span class='ocrx_word' id='word_1_163' title='bbox 54 3085 114 3146; x_wconf 84' lang='lat' dir='ltr'>pre</span> <span class='ocrx_word' id='word_1_164' title='bbox 155 3060 268 3123; x_wconf 88' lang='lat' dir='ltr'>ceteris</span> <span class='ocrx_word' id='word_1_165' title='bbox 301 3057 476 3122; x_wconf 84' lang='lat' dir='ltr'>mortalibus</span> <span class='ocrx_word' id='word_1_166' title='bbox 508 3057 661 3139; x_wconf 89' lang='lat' dir='ltr'>preelegi,</span> <span class='ocrx_word' id='word_1_167' title='bbox 693 3057 814 3138; x_wconf 90' lang='lat' dir='ltr'>gracius</span> <span class='ocrx_word' id='word_1_168' title='bbox 852 3057 995 3120; x_wconf 90' lang='lat' dir='ltr'>estimans</span> <span class='ocrx_word' id='word_1_169' title='bbox 1028 3055 1165 3120; x_wconf 88' lang='lat' dir='ltr'>abiectus</span> <span class='ocrx_word' id='word_1_170' title='bbox 1198 3077 1267 3121; x_wconf 88' lang='lat' dir='ltr'>esse</span> 
     </span>
     <span class='ocr_line' id='line_1_24' title="bbox 54 3164 1268 3250; baseline -0.007 -14"><span class='ocrx_word' id='word_1_171' title='bbox 54 3174 88 3236; x_wconf 90' lang='lat' dir='ltr'>iu</span> <span class='ocrx_word' id='word_1_172' title='bbox 123 3174 228 3233; x_wconf 88' lang='lat' dir='ltr'>vestro</span> <span class='ocrx_word' id='word_1_173' title='bbox 263 3166 391 3250; x_wconf 90' lang='lat' dir='ltr'>palatio,</span> <span class='ocrx_word' id='word_1_174' title='bbox 427 3186 515 3250; x_wconf 88' lang='lat' dir='ltr'>quam</span> <span class='ocrx_word' id='word_1_175' title='bbox 547 3166 577 3228; x_wconf 94' lang='lat' dir='ltr'>in</span> <span class='ocrx_word' id='word_1_176' title='bbox 607 3185 714 3246; x_wconf 88' lang='lat' dir='ltr'>regum</span> <span class='ocrx_word' id='word_1_177' title='bbox 746 3165 837 3228; x_wconf 92' lang='lat' dir='ltr'>curiis</span> <span class='ocrx_word' id='word_1_178' title='bbox 870 3164 1040 3228; x_wconf 92' lang='lat' dir='ltr'>sublimium</span> <span class='ocrx_word' id='word_1_179' title='bbox 1071 3166 1113 3227; x_wconf 91' lang='lat' dir='ltr'>uti</span> <span class='ocrx_word' id='word_1_180' title='bbox 1142 3164 1268 3248; x_wconf 91' lang='lat' dir='ltr'>quibus-</span> 
     </span>
     <span class='ocr_line' id='line_1_25' title="bbox 56 3273 1268 3364; baseline -0.005 -21"><span class='ocrx_word' id='word_1_181' title='bbox 56 3299 185 3364; x_wconf 89' lang='lat' dir='ltr'>cunque</span> <span class='ocrx_word' id='word_1_182' title='bbox 218 3276 335 3339; x_wconf 90' lang='lat' dir='ltr'>deliciis</span> <span class='ocrx_word' id='word_1_183' title='bbox 372 3276 590 3338; x_wconf 88' lang='lat' dir='ltr'>convivantum.</span> <span class='ocrx_word' id='word_1_184' title='bbox 636 3273 754 3337; x_wconf 85' lang='lat' dir='ltr'>Idcirco</span> <span class='ocrx_word' id='word_1_185' title='bbox 789 3273 931 3356; x_wconf 88' lang='lat' dir='ltr'>princeps</span> <span class='ocrx_word' id='word_1_186' title='bbox 964 3273 1197 3337; x_wconf 88' lang='lat' dir='ltr'>clementissime</span> <span class='ocrx_word' id='word_1_187' title='bbox 1237 3279 1268 3338; x_wconf 93' lang='lat' dir='ltr'>et</span> 
     </span>
     <span class='ocr_line' id='line_1_26' title="bbox 56 3381 1268 3465; baseline -0.004 -14"><span class='ocrx_word' id='word_1_188' title='bbox 56 3387 201 3458; x_wconf 88' lang='lat' dir='ltr'>domine,</span> <span class='ocrx_word' id='word_1_189' title='bbox 232 3385 271 3448; x_wconf 92' lang='lat' dir='ltr'>ad</span> <span class='ocrx_word' id='word_1_190' title='bbox 310 3404 363 3448; x_wconf 90' lang='lat' dir='ltr'>vos</span> <span class='ocrx_word' id='word_1_191' title='bbox 404 3384 442 3448; x_wconf 90' lang='lat' dir='ltr'>de</span> <span class='ocrx_word' id='word_1_192' title='bbox 481 3387 607 3465; x_wconf 88' lang='lat' dir='ltr'>regione</span> <span class='ocrx_word' id='word_1_193' title='bbox 647 3382 899 3447; x_wconf 87' lang='lat' dir='ltr'>dissimilitudinis</span> <span class='ocrx_word' id='word_1_194' title='bbox 927 3381 1016 3445; x_wconf 91' lang='lat' dir='ltr'>velud</span> <span class='ocrx_word' id='word_1_195' title='bbox 1051 3383 1089 3445; x_wconf 93' lang='lat' dir='ltr'>ad</span> <span class='ocrx_word' id='word_1_196' title='bbox 1116 3381 1268 3464; x_wconf 83' lang='lat' dir='ltr'>refugium</span> 
     </span>
     <span class='ocr_line' id='line_1_27' title="bbox 56 3491 1267 3580; baseline -0.005 -20"><span class='ocrx_word' id='word_1_197' title='bbox 56 3498 220 3580; x_wconf 87' lang='lat' dir='ltr'>singulare</span> <span class='ocrx_word' id='word_1_198' title='bbox 243 3493 398 3575; x_wconf 87' lang='lat' dir='ltr'>confugio,</span> <span class='ocrx_word' id='word_1_199' title='bbox 421 3497 529 3575; x_wconf 87' lang='lat' dir='ltr'>petens</span> <span class='ocrx_word' id='word_1_200' title='bbox 558 3493 710 3557; x_wconf 86' lang='lat' dir='ltr'>humiliter</span> <span class='ocrx_word' id='word_1_201' title='bbox 735 3497 765 3556; x_wconf 93' lang='lat' dir='ltr'>et</span> <span class='ocrx_word' id='word_1_202' title='bbox 782 3493 964 3574; x_wconf 87' lang='lat' dir='ltr'>deposcens,</span> <span class='ocrx_word' id='word_1_203' title='bbox 986 3497 1020 3555; x_wconf 93' lang='lat' dir='ltr'>ut</span> <span class='ocrx_word' id='word_1_204' title='bbox 1035 3513 1084 3555; x_wconf 92' lang='lat' dir='ltr'>me</span> <span class='ocrx_word' id='word_1_205' title='bbox 1102 3491 1267 3574; x_wconf 90' lang='lat' dir='ltr'>dignemini</span> 
     </span>
     <span class='ocr_line' id='line_1_28' title="bbox 55 3600 1265 3684; baseline -0.004 -14"><span class='ocrx_word' id='word_1_206' title='bbox 55 3611 89 3670; x_wconf 91' lang='lat' dir='ltr'>in</span> <span class='ocrx_word' id='word_1_207' title='bbox 121 3607 229 3669; x_wconf 94' lang='lat' dir='ltr'>domos</span> <span class='ocrx_word' id='word_1_208' title='bbox 258 3606 375 3666; x_wconf 92' lang='lat' dir='ltr'>vestras</span> <span class='ocrx_word' id='word_1_209' title='bbox 403 3601 541 3684; x_wconf 88' lang='lat' dir='ltr'>recipere</span> <span class='ocrx_word' id='word_1_210' title='bbox 570 3602 696 3684; x_wconf 90' lang='lat' dir='ltr'>pristine</span> <span class='ocrx_word' id='word_1_211' title='bbox 725 3601 827 3684; x_wconf 91' lang='lat' dir='ltr'>gracie</span> <span class='ocrx_word' id='word_1_212' title='bbox 855 3600 989 3664; x_wconf 89' lang='lat' dir='ltr'>brachiis</span> <span class='ocrx_word' id='word_1_213' title='bbox 1014 3601 1265 3682; x_wconf 91' lang='lat' dir='ltr'>amplectendum.</span> 
     </span>
     <span class='ocr_line' id='line_1_29' title="bbox 55 3709 1268 3798; baseline -0.007 -17"><span class='ocrx_word' id='word_1_214' title='bbox 55 3719 129 3798; x_wconf 85' lang='lat' dir='ltr'>Ego</span> <span class='ocrx_word' id='word_1_215' title='bbox 147 3713 247 3784; x_wconf 90' lang='lat' dir='ltr'>enim,</span> <span class='ocrx_word' id='word_1_216' title='bbox 273 3712 335 3773; x_wconf 91' lang='lat' dir='ltr'>sive</span> <span class='ocrx_word' id='word_1_217' title='bbox 352 3711 419 3774; x_wconf 92' lang='lat' dir='ltr'>vivo</span> <span class='ocrx_word' id='word_1_218' title='bbox 437 3711 500 3773; x_wconf 92' lang='lat' dir='ltr'>sive</span> <span class='ocrx_word' id='word_1_219' title='bbox 522 3711 650 3782; x_wconf 94' lang='lat' dir='ltr'>morior,</span> <span class='ocrx_word' id='word_1_220' title='bbox 673 3711 784 3773; x_wconf 90' lang='lat' dir='ltr'>vestris</span> <span class='ocrx_word' id='word_1_221' title='bbox 808 3728 929 3791; x_wconf 89' lang='lat' dir='ltr'>semper</span> <span class='ocrx_word' id='word_1_222' title='bbox 950 3709 1154 3792; x_wconf 88' lang='lat' dir='ltr'>beneplacitis·</span> <span class='ocrx_word' id='word_1_223' title='bbox 1173 3730 1268 3794; x_wconf 91' lang='lat' dir='ltr'>coap-</span> 
     </span>
     <span class='ocr_line' id='line_1_30' title="bbox 55 3818 1267 3902; baseline -0.006 -13"><span class='ocrx_word' id='word_1_224' title='bbox 55 3825 166 3893; x_wconf 79' lang='lat' dir='ltr'>taboc,</span> <span class='ocrx_word' id='word_1_225' title='bbox 207 3820 332 3884; x_wconf 91' lang='lat' dir='ltr'>honoris</span> <span class='ocrx_word' id='word_1_226' title='bbox 365 3818 460 3882; x_wconf 87' lang='lat' dir='ltr'>vestri</span> <span class='ocrx_word' id='word_1_227' title='bbox 481 3819 593 3889; x_wconf 84' lang='lat' dir='ltr'>avidus</span> <span class='ocrx_word' id='word_1_228' title='bbox 623 3825 653 3882; x_wconf 91' lang='lat' dir='ltr'>et</span> <span class='ocrx_word' id='word_1_229' title='bbox 680 3819 776 3901; x_wconf 89' lang='lat' dir='ltr'>glorie</span> <span class='ocrx_word' id='word_1_230' title='bbox 805 3818 983 3883; x_wconf 87' lang='lat' dir='ltr'>sitibundus.</span> <span class='ocrx_word' id='word_1_231' title='bbox 1016 3819 1138 3884; x_wconf 89' lang='lat' dir='ltr'>Placeat</span> <span class='ocrx_word' id='word_1_232' title='bbox 1164 3819 1267 3902; x_wconf 87' lang='lat' dir='ltr'>igitur,</span> 
     </span>
     <span class='ocr_line' id='line_1_31' title="bbox 57 3928 1266 4020; baseline -0.005 -23"><span class='ocrx_word' id='word_1_233' title='bbox 57 3953 170 4020; x_wconf 86' lang='lat' dir='ltr'>queso,</span> <span class='ocrx_word' id='word_1_234' title='bbox 189 3929 390 3994; x_wconf 89' lang='lat' dir='ltr'>dominacioni</span> <span class='ocrx_word' id='word_1_235' title='bbox 406 3933 507 3991; x_wconf 87' lang='lat' dir='ltr'>vestre</span> <span class='ocrx_word' id='word_1_236' title='bbox 526 3928 597 4012; x_wconf 92' lang='lat' dir='ltr'>quid</span> <span class='ocrx_word' id='word_1_237' title='bbox 613 3947 706 4010; x_wconf 91' lang='lat' dir='ltr'>super</span> <span class='ocrx_word' id='word_1_238' title='bbox 726 3929 784 3992; x_wconf 91' lang='lat' dir='ltr'>hoc</span> <span class='ocrx_word' id='word_1_239' title='bbox 807 3928 838 3991; x_wconf 94' lang='lat' dir='ltr'>in</span> <span class='ocrx_word' id='word_1_240' title='bbox 861 3934 962 3993; x_wconf 91' lang='lat' dir='ltr'>vestro</span> <span class='ocrx_word' id='word_1_241' title='bbox 980 3929 1096 4011; x_wconf 85' lang='lat' dir='ltr'>geritur</span> <span class='ocrx_word' id='word_1_242' title='bbox 1111 3929 1266 4011; x_wconf 88' lang='lat' dir='ltr'>proposito</span> 
     </span>
     <span class='ocr_line' id='line_1_32' title="bbox 55 4037 470 4124; baseline -0.022 -17"><span class='ocrx_word' id='word_1_243' title='bbox 55 4042 135 4107; x_wconf 94' lang='lat' dir='ltr'>mihi</span> <span class='ocrx_word' id='word_1_244' title='bbox 153 4037 326 4124; x_wconf 85' lang='lat' dir='ltr'>graciosius</span> <span class='ocrx_word' id='word_1_245' title='bbox 344 4037 470 4120; x_wconf 89' lang='lat' dir='ltr'>aperire.</span> 
     </span>
    </p>
   </div>
   <div class='ocr_carea' id='block_1_11' title="bbox 158 4218 830 4292">
    <p class='ocr_par' dir='ltr' id='par_1_11' title="bbox 158 4218 830 4292">
     <span class='ocr_line' id='line_1_33' title="bbox 158 4218 830 4292; baseline -0.007 -15"><span class='ocrx_word' id='word_1_246' title='bbox 158 4223 193 4292; x_wconf 82' lang='lat' dir='ltr'>a)</span> <span class='ocrx_word' id='word_1_247' title='bbox 207 4223 349 4292; x_wconf 75' lang='lat' dir='ltr'>protuetur</span> <span class='ocrx_word' id='word_1_248' title='bbox 362 4236 404 4273; x_wconf 89' lang='lat' dir='ltr'>am</span> <span class='ocrx_word' id='word_1_249' title='bbox 416 4219 508 4274; x_wconf 84' lang='lat' dir='ltr'>Raude</span> <span class='ocrx_word' id='word_1_250' title='bbox 522 4218 551 4273; x_wconf 86' lang='lat' dir='ltr'>V.</span> <span class='ocrx_word' id='word_1_251' title='bbox 567 4248 602 4258; x_wconf 90' lang='lat'>-</span> <span class='ocrx_word' id='word_1_252' title='bbox 615 4218 647 4287; x_wconf 84' lang='lat' dir='ltr'>d)</span> <span class='ocrx_word' id='word_1_253' title='bbox 662 4218 789 4273; x_wconf 87' lang='lat' dir='ltr'>defensat</span> <span class='ocrx_word' id='word_1_254' title='bbox 801 4220 830 4272; x_wconf 88' lang='lat' dir='ltr'>Z.</span> 
     </span>
    </p>
   </div>
   <div class='ocr_carea' id='block_1_12' title="bbox 0 0 1558 5118">
    <p class='ocr_par' dir='ltr' id='par_1_12' title="bbox 0 0 1558 5118">
     <span class='ocr_line' id='line_1_34' title="bbox 0 0 1558 5118; baseline 0 0"><span class='ocrx_word' id='word_1_255' title='bbox 0 0 1558 5118; x_wconf 95' lang='lat' dir='ltr'> </span> 
     </span>
    </p>
   </div>
  </div>
 </body>
</html>
