3100 5116
249 329 252 334 ’
273 329 350 400 328

1331 466 1336 470 .
1537 441 1539 472 l

271 501 394 556 virescat.
421 503 595 557 Veruntamen
603 505 658 566 est,
672 502 743 573 quod
758 503 823 573 ipse,
836 520 876 556 rne
892 504 918 556 in
936 501 1028 556 vestris
1043 500 1164 557 serviciis
1178 501 1324 562 existente,
1345 499 1371 552 in
1385 511 1472 568 prae·
1538 547 1539 576 3

271 593 398 646 iudicium
411 593 540 647 ecclesiae
554 609 630 648 meae
643 611 675 648 ac
688 598 779 649 contra
792 592 876 664 ipsius
889 593 1029 665 privilegia
1048 597 1077 648 et
1095 593 1152 647 iura
1170 591 1291 663 publica,
1312 588 1383 661 erigi
1404 587 1472 643 fecit
1538 601 1539 630 ³

273 689 389 738 castrum
409 683 557 752 quoddam,
578 686 650 755 quod
670 684 720 740 nisi
739 685 830 738 forsan
854 685 911 755 ipse
932 685 998 738 viam
1017 684 1160 755 aequitatis
1175 688 1201 737 ct
1213 673 1281 737 iuris
1295 683 1417 752 eligens,
1440 678 1472 732 ab
1538 753 1539 760 4

218 784 222 792 “
273 775 368 829 iniuria
380 774 533 828 huiusmodi
551 779 603 830 tam
622 775 740 830 indebita
755 781 781 830 et
795 777 907 831 violenta
926 775 1075 836 destiterit,
1094 773 1287 830 malivolentiae
1306 771 1472 826 inductivum
1538 769 1539 792 ³

274 882 336 918 esse
348 865 457 934 poterit,
471 866 499 918 et
511 866 571 936 plns
585 882 663 936 quam
676 867 801 936 expedint
812 867 972 921 nutritivum.
998 864 1141 920 Caeterum
1155 866 1219 918 licet
1232 865 1257 918 in
1270 863 1396 933 partibus
1410 861 1471 915 istis
1538 877 1539 942 J

274 973 324 1026 pru
338 954 484 1027 dirigendis
497 956 620 1026 vestigiis
637 957 748 1018 vestris,
767 958 918 1030 vestrisque
932 958 1060 1028 parandis
1073 958 1261 1028 processibus,
1284 971 1388 1010 moram
1403 971 1472 1007 nnnc
1538 949 1539 1022 Ῐ

275 1063 362 1117 usque
380 1046 498 1100 duxerim
516 1047 735 1118 protrahendam,
755 1065 819 1102 ecee
838 1049 863 1102 in
881 1052 980 1103 terram
999 1065 1082 1103 meam
1101 1049 1126 1101 in
1139 1047 1247 1102 instanti
1259 1045 1352 1101 redire
1364 1045 1475 1106 festino,
1538 1031 1539 1072 3

276 1139 307 1191 ut
325 1137 358 1192 ad
378 1137 504 1206 obsequia
521 1141 610 1194 vestra
628 1139 788 1208 paratiorem
808 1142 835 1194 et
853 1140 1045 1212 promptiorem
1066 1156 1107 1194 me
1126 1138 1241 1193 reddere
1260 1137 1380 1199 valeam,
1403 1134 1475 1190 iuxta
1537 1153 1539 1208 ;

278 1227 385 1282 fervens
399 1227 559 1282 desiderium
574 1229 663 1283 cordis
677 1229 734 1284 mei.
1537 1213 1539 1298 4

369 1321 407 1373 lst
425 1335 473 1374 vor
495 1319 555 1373 dem
574 1319 691 1391 beginnc
710 1320 758 1374 des
776 1321 889 1392 llriegcs
904 1337 992 1394 gegen
1006 1321 1107 1376 Otelar
1119 1319 1195 1374 1276
1207 1319 1270 1374 luni
1283 1318 1328 1373 24.
1342 1319 1397 1374 und
1411 1318 1477 1372 naolr
1537 1303 1539 1402 4

279 1411 337 1464 dem
351 1408 514 1481 Reichstage
528 1428 562 1465 nn
577 1411 720 1483 Augsburg
733 1410 804 1466 reat
817 1412 868 1466 ldai
882 1412 924 1466 15.
938 1412 1119 1482 geschrichen.

853 1637 917 1710 29.

659 1815 798 1897 Princeps
814 1816 876 1894 negt
892 1815 1099 1879 Romanorum.

837 1973 927 2030 1277?

285 2115 338 2170 llic
362 2117 445 2170 Fdrst
474 2115 546 2171 dittet
568 2116 661 2171 aciaco
687 2117 785 2189 Kdm'y,
814 2117 862 2172 mit
887 2120 945 2172 dem
971 2117 1116 2174 Auedruclr
1140 2118 1190 2172 der
1214 2117 1324 2171 Frende
1347 2117 1414 2172 cler
1437 2115 1479 2170 die

285 2207 469 2279 Bercdltiqunp
490 2205 579 2263 rainer
599 2207 714 2275 rainae,
738 2225 782 2263 am
802 2207 902 2264 addere
923 2207 1105 2266 Noebricbtea
1126 2210 1183 2264 aad
1201 2209 1273 2264 stelit
1291 2207 1352 2264 rich
1370 2206 1426 2263 idm
1437 2224 1481 2259 aar

805 2299 963 2374 Verfcycnq.
1002 2369 1005 2374 Ι

380 2441 542 2506 &maz

380 2590 516 2653 Necesse
552 2596 599 2655 est
625 2592 839 2658 inconcussum
866 2593 931 2656 lore
959 2587 1075 2656 virtutis
1104 2592 1203 2656 divine
1237 2592 1423 2674 promissum
1457 2595 1483 2651 et

292 2699 388 2762 omnis
405 2699 547 2780 potencia
564 2699 602 2762 ad
624 2700 767 2764 nichilum
790 2702 951 2765 revertitur
967 2701 1021 2786 a),
1045 2721 1103 2785 que
1127 2706 1234 2766 contra
1255 2707 1362 2764 nutum
1380 2697 1478 2763 summi

291 2809 436 2893 principis
466 2817 678 2876 concressatur
705 2811 754 2898 b).
788 2813 941 2895 Scriptum
970 2818 1017 2892 cst
1045 2813 1124 2876 enim
1146 2813 1303 2896 quitquam
1325 2810 1482 2892 malignum

262 2934 264 2937 ·
293 2940 352 2982 non
373 2938 464 3001 posse
487 2919 642 2984 adversari
663 2922 730 3003 regi
752 2925 847 2995 iusto,
877 2941 944 2985 cum
973 2923 1088 2986 sederit
1110 2941 1201 3004 super
1228 2922 1345 2984 sedem.
1379 2921 1418 2983 Et
1443 2923 1482 3010 est

294 3027 416 3112 spiritus
439 3028 495 3092 Dei
518 3029 570 3113 qui
591 3031 738 3113 loquitur,
762 3037 866 3094 contra
890 3050 977 3114 quem
995 3031 1133 3094 attollere
1155 3035 1269 3094 frustra
1292 3029 1391 3093 omnis
1408 3046 1481 3091 arro·

295 3133 403 3216 gaucia
423 3134 642 3217 comprobatur.
671 3136 844 3201 Audivimus
868 3138 1032 3201 iustissime
1053 3160 1116 3210 rex,
1140 3136 1285 3220 quosdam
1301 3136 1333 3198 iu
1350 3135 1480 3199 rebellio·

296 3245 342 3306 nis
371 3244 528 3309 audaciam
550 3251 655 3310 contra
678 3246 866 3311 maiestatem
888 3247 1003 3329 regiam
1029 3247 1269 3330 presumpsisse,
1305 3252 1336 3309 et
1368 3249 1479 3309 conatos

188 3370 223 3408 'o-
266 3353 391 3417 eluisse
416 3353 480 3417 sedi
504 3354 623 3418 iusticie
646 3355 810 3418 adversari.
845 3356 925 3438 Quos
950 3356 1131 3420 excellencia
1154 3361 1255 3419 vestra
1271 3352 1481 3437 triumphaliter

299 3462 468 3545 superando
497 3462 630 3545 subegit,
657 3464 695 3526 ad
723 3465 842 3546 planum
871 3465 987 3529 sedavit
1015 3464 1111 3529 obicis
1140 3484 1291 3546 asperum,
1320 3464 1397 3526 fecit
1418 3461 1478 3524 dura

300 3576 398 3640 mollia
415 3595 451 3637 ac
467 3575 593 3637 hostiles
610 3575 760 3638 elationes
778 3594 890 3638 cornua
907 3574 1024 3638 stabilia
1042 3596 1101 3638 uon
1117 3575 1240 3638 habere.
1267 3575 1369 3656 Super
1386 3571 1480 3657 quibus

302 3686 393 3749 corda
424 3690 527 3748 nostra
559 3684 717 3766 conceptis
750 3684 868 3766 gaudiis
906 3685 1106 3766 adimplentur
1138 3689 1168 3746 et
1199 3704 1259 3747 non
1291 3682 1432 3747 desinunt
1457 3678 1480 3739 in

302 3794 448 3858 felicitate
464 3795 549 3875 regia
565 3793 708 3857 reflorere
724 3793 922 3876 tripudiorum
945 3794 1117 3857 recentibus
1142 3792 1337 3857 ornamentis.
1372 3794 1425 3856 llic
1445 3791 1482 3850 est

304 3907 382 3970 enirn
404 3906 565 3987 precipuus
587 3904 696 3967 mentis
718 3910 822 3969 nostre
845 3905 953 3977 ardor,
981 3905 1039 3967 hec
1062 3909 1165 3967 nostra
1188 3903 1291 3966 intima
1320 3903 1432 3972 votiva,
1456 3901 1481 3961 ut

304 4013 472 4079 sublimitas
485 4018 596 4083 vestra,
609 4015 727 4076 cunctis
735 4018 820 4096 septa
833 4013 1002 4097 prosperis,
1012 4012 1205 4076 incrementis
1219 4012 1350 4074 assiduis
1365 4010 1480 4074 conden-

304 4129 397 4188 setur.
421 4123 531 4187 Verum
549 4122 618 4205 quia
635 4121 789 4186 efficacius
806 4123 959 4186 declarata
974 4123 1041 4204 plus
1057 4122 1158 4184 valent
1186 4128 1216 4184 et
1243 4121 1337 4183 locius
1354 4115 1481 4203 principis

305 4233 437 4313 gloriosa
465 4232 598 4295 assercio
629 4231 788 4303 subintrat,
816 4231 901 4313 regie
928 4231 1079 4294 maiestati
1106 4231 1255 4294 attencius
1285 4230 1481 4313 supplicamus.

306 4348 452 4426 quatenus
470 4341 507 4405 de
523 4342 632 4406 vestris
649 4341 855 4423 processibus,
872 4340 980 4424 quibus
994 4339 1189 4423 providencia
1202 4340 1300 4402 divina
1315 4337 1481 4422 subpeditat,

399 4543 434 4609 a)
451 4545 614 4598 convertitur
626 4545 653 4596 Z.
673 4573 698 4582 -
717 4542 748 4611 b)
765 4544 950 4612 congrassatur
964 4542 990 4594 Z.
