<?xml version="1.0" encoding="UTF-8"?>
<!DOCTYPE html PUBLIC "-//W3C//DTD XHTML 1.0 Transitional//EN"
    "http://www.w3.org/TR/xhtml1/DTD/xhtml1-transitional.dtd">
<html xmlns="http://www.w3.org/1999/xhtml" xml:lang="en" lang="en">
 <head>
  <title>
</title>
<meta http-equiv="Content-Type" content="text/html;charset=utf-8" />
  <meta name='ocr-system' content='tesseract 3.04.00' />
  <meta name='ocr-capabilities' content='ocr_page ocr_carea ocr_par ocr_line ocrx_word'/>
</head>
<body>
  <div class='ocr_page' id='page_1' title='image "./fontesrerumaust01kommgoog_0385.png"; bbox 0 0 3100 5116; ppageno 0'>
   <div class='ocr_carea' id='block_1_1' title="bbox 284 287 362 360">
    <p class='ocr_par' dir='ltr' id='par_1_1' title="bbox 284 287 362 360">
     <span class='ocr_line' id='line_1_1' title="bbox 284 287 362 360; baseline -0.051 0"><span class='ocrx_word' id='word_1_1' title='bbox 284 287 362 360; x_wconf 77' lang='lat' dir='ltr'><strong>ato</strong></span> 
     </span>
    </p>
   </div>
   <div class='ocr_carea' id='block_1_2' title="bbox 109 478 1499 2084">
    <p class='ocr_par' dir='ltr' id='par_1_2' title="bbox 287 478 1492 566">
     <span class='ocr_line' id='line_1_2' title="bbox 287 478 1492 566; baseline 0.001 -24"><span class='ocrx_word' id='word_1_2' title='bbox 287 478 423 562; x_wconf 87' lang='lat' dir='ltr'><strong>quicum</strong></span> <span class='ocrx_word' id='word_1_3' title='bbox 439 478 523 542; x_wconf 88' lang='lat' dir='ltr'><strong>unxit</strong></span> <span class='ocrx_word' id='word_1_4' title='bbox 537 499 592 563; x_wconf 92' lang='lat' dir='ltr'><strong>pre</strong></span> <span class='ocrx_word' id='word_1_5' title='bbox 608 480 745 543; x_wconf 77' lang='lat' dir='ltr'><strong>omnilous</strong></span> <span class='ocrx_word' id='word_1_6' title='bbox 761 479 951 544; x_wconf 78' lang='lat' dir='ltr'><strong>consortibus</strong></span> <span class='ocrx_word' id='word_1_7' title='bbox 973 481 1036 543; x_wconf 88' lang='lat' dir='ltr'><strong>suis</strong></span> <span class='ocrx_word' id='word_1_8' title='bbox 1059 481 1195 562; x_wconf 84' lang='lat' dir='ltr'><strong>argentei</strong></span> <span class='ocrx_word' id='word_1_9' title='bbox 1211 481 1349 566; x_wconf 81' lang='lat' dir='ltr'><strong>pectoris</strong></span> <span class='ocrx_word' id='word_1_10' title='bbox 1372 482 1492 543; x_wconf 91' lang='lat' dir='ltr'><strong>sonori-</strong></span> 
     </span>
    </p>

    <p class='ocr_par' dir='ltr' id='par_1_3' title="bbox 214 586 1491 670">
     <span class='ocr_line' id='line_1_3' title="bbox 214 586 1491 670; baseline 0.001 -19"><span class='ocrx_word' id='word_1_11' title='bbox 214 601 217 610; x_wconf 86' lang='grc'><strong><em>·</em></strong></span> <span class='ocrx_word' id='word_1_12' title='bbox 285 594 351 651; x_wconf 87' lang='lat' dir='ltr'><strong>tate</strong></span> <span class='ocrx_word' id='word_1_13' title='bbox 378 587 409 650; x_wconf 92' lang='lat' dir='ltr'><strong>in</strong></span> <span class='ocrx_word' id='word_1_14' title='bbox 436 586 603 670; x_wconf 89' lang='lat' dir='ltr'><strong>prudencia</strong></span> <span class='ocrx_word' id='word_1_15' title='bbox 615 589 655 670; x_wconf 83' lang='lat' dir='ltr'><strong>a)</strong></span> <span class='ocrx_word' id='word_1_16' title='bbox 683 594 714 652; x_wconf 91' lang='lat' dir='ltr'><strong>et</strong></span> <span class='ocrx_word' id='word_1_17' title='bbox 743 586 874 659; x_wconf 89' lang='lat' dir='ltr'><strong>divitiis,</strong></span> <span class='ocrx_word' id='word_1_18' title='bbox 903 589 999 658; x_wconf 87' lang='lat' dir='ltr'><strong>ferro,</strong></span> <span class='ocrx_word' id='word_1_19' title='bbox 1028 588 1087 651; x_wconf 91' lang='lat' dir='ltr'><strong>hoc</strong></span> <span class='ocrx_word' id='word_1_20' title='bbox 1115 593 1162 651; x_wconf 89' lang='lat' dir='ltr'><strong>est</strong></span> <span class='ocrx_word' id='word_1_21' title='bbox 1187 589 1351 653; x_wconf 88' lang='lat' dir='ltr'><strong>victorioso</strong></span> <span class='ocrx_word' id='word_1_22' title='bbox 1379 589 1491 653; x_wconf 85' lang='lat' dir='ltr'><strong>milicie</strong></span> 
     </span>
    </p>

    <p class='ocr_par' dir='ltr' id='par_1_4' title="bbox 287 696 1492 786">
     <span class='ocr_line' id='line_1_4' title="bbox 287 696 1492 786; baseline 0.001 -26"><span class='ocrx_word' id='word_1_23' title='bbox 287 697 404 780; x_wconf 86' lang='lat' dir='ltr'><strong>gladio,</strong></span> <span class='ocrx_word' id='word_1_24' title='bbox 442 715 478 760; x_wconf 89' lang='lat' dir='ltr'><strong>ac</strong></span> <span class='ocrx_word' id='word_1_25' title='bbox 510 717 578 768; x_wconf 90' lang='lat' dir='ltr'><strong>ere,</strong></span> <span class='ocrx_word' id='word_1_26' title='bbox 614 696 673 760; x_wconf 92' lang='lat' dir='ltr'><strong>boc</strong></span> <span class='ocrx_word' id='word_1_27' title='bbox 705 703 753 760; x_wconf 89' lang='lat' dir='ltr'><strong>est</strong></span> <span class='ocrx_word' id='word_1_28' title='bbox 782 697 862 760; x_wconf 92' lang='lat' dir='ltr'><strong>omni</strong></span> <span class='ocrx_word' id='word_1_29' title='bbox 880 696 931 786; x_wconf 82' lang='grc' dir='ltr'><strong>1)Ι</strong></span> <span class='ocrx_word' id='word_1_30' title='bbox 953 697 1096 759; x_wconf 88' lang='lat' dir='ltr'><strong>virtutum</strong></span> <span class='ocrx_word' id='word_1_31' title='bbox 1126 697 1288 781; x_wconf 92' lang='lat' dir='ltr'><strong>preconio,</strong></span> <span class='ocrx_word' id='word_1_32' title='bbox 1320 697 1492 781; x_wconf 84' lang='lat' dir='ltr'><strong>insignivit,</strong></span> 
     </span>
    </p>

    <p class='ocr_par' dir='ltr' id='par_1_5' title="bbox 109 796 1494 891">
     <span class='ocr_line' id='line_1_5' title="bbox 109 796 1494 891; baseline 0.001 -23"><span class='ocrx_word' id='word_1_33' title='bbox 109 796 114 803; x_wconf 71' lang='grc'><strong>’</strong></span> <span class='ocrx_word' id='word_1_34' title='bbox 165 834 209 877; x_wconf 70' lang='lat' dir='ltr'><strong>ru.</strong></span> <span class='ocrx_word' id='word_1_35' title='bbox 219 833 269 877; x_wconf 74' lang='lat' dir='ltr'><strong>n..</strong></span> <span class='ocrx_word' id='word_1_36' title='bbox 291 811 439 891; x_wconf 89' lang='lat' dir='ltr'><strong>quatenus</strong></span> <span class='ocrx_word' id='word_1_37' title='bbox 453 806 498 869; x_wconf 90' lang='lat' dir='ltr'><strong>sic</strong></span> <span class='ocrx_word' id='word_1_38' title='bbox 512 805 542 868; x_wconf 88' lang='lat' dir='ltr'><strong>in</strong></span> <span class='ocrx_word' id='word_1_39' title='bbox 558 825 675 869; x_wconf 91' lang='lat' dir='ltr'><strong>omnem</strong></span> <span class='ocrx_word' id='word_1_40' title='bbox 691 810 802 869; x_wconf 87' lang='lat' dir='ltr'><strong>terram</strong></span> <span class='ocrx_word' id='word_1_41' title='bbox 820 811 851 868; x_wconf 88' lang='lat' dir='ltr'><strong>et</strong></span> <span class='ocrx_word' id='word_1_42' title='bbox 866 805 896 870; x_wconf 94' lang='lat' dir='ltr'><strong>in</strong></span> <span class='ocrx_word' id='word_1_43' title='bbox 911 804 987 868; x_wconf 88' lang='lat' dir='ltr'><strong>lines</strong></span> <span class='ocrx_word' id='word_1_44' title='bbox 1005 804 1087 870; x_wconf 91' lang='lat' dir='ltr'><strong>orbis</strong></span> <span class='ocrx_word' id='word_1_45' title='bbox 1102 810 1184 869; x_wconf 90' lang='lat' dir='ltr'><strong>terre</strong></span> <span class='ocrx_word' id='word_1_46' title='bbox 1200 827 1293 870; x_wconf 87' lang='lat' dir='ltr'><strong>sonus</strong></span> <span class='ocrx_word' id='word_1_47' title='bbox 1310 807 1379 871; x_wconf 89' lang='lat' dir='ltr'><strong>eius</strong></span> <span class='ocrx_word' id='word_1_48' title='bbox 1397 808 1494 872; x_wconf 88' lang='lat' dir='ltr'><strong>exiret</strong></span> 
     </span>
    </p>

    <p class='ocr_par' dir='ltr' id='par_1_6' title="bbox 291 914 1494 1002">
     <span class='ocr_line' id='line_1_6' title="bbox 291 914 1494 1002; baseline 0.002 -24"><span class='ocrx_word' id='word_1_49' title='bbox 291 916 323 978; x_wconf 93' lang='lat' dir='ltr'><strong>in</strong></span> <span class='ocrx_word' id='word_1_50' title='bbox 341 916 381 1002; x_wconf 85' lang='lat' dir='ltr'><strong>o)</strong></span> <span class='ocrx_word' id='word_1_51' title='bbox 399 915 525 998; x_wconf 92' lang='lat' dir='ltr'><strong>imperio</strong></span> <span class='ocrx_word' id='word_1_52' title='bbox 543 915 681 980; x_wconf 89' lang='lat' dir='ltr'><strong>stabilem</strong></span> <span class='ocrx_word' id='word_1_53' title='bbox 699 919 728 978; x_wconf 91' lang='lat' dir='ltr'><strong>et</strong></span> <span class='ocrx_word' id='word_1_54' title='bbox 744 935 799 998; x_wconf 88' lang='lat' dir='ltr'><strong>per</strong></span> <span class='ocrx_word' id='word_1_55' title='bbox 814 915 917 978; x_wconf 88' lang='lat' dir='ltr'><strong>secula</strong></span> <span class='ocrx_word' id='word_1_56' title='bbox 933 916 1049 978; x_wconf 88' lang='lat' dir='ltr'><strong>laceret</strong></span> <span class='ocrx_word' id='word_1_57' title='bbox 1065 914 1237 996; x_wconf 83' lang='lat' dir='ltr'><strong>gloriosum.</strong></span> <span class='ocrx_word' id='word_1_58' title='bbox 1270 916 1349 980; x_wconf 88' lang='lat' dir='ltr'><strong>llinc</strong></span> <span class='ocrx_word' id='word_1_59' title='bbox 1366 917 1494 999; x_wconf 89' lang='lat' dir='ltr'><strong>imperi-</strong></span> 
     </span>
    </p>

    <p class='ocr_par' dir='ltr' id='par_1_7' title="bbox 298 1023 1493 1108">
     <span class='ocr_line' id='line_1_7' title="bbox 298 1023 1493 1108; baseline 0.001 -21"><span class='ocrx_word' id='word_1_60' title='bbox 298 1024 354 1087; x_wconf 89' lang='lat' dir='ltr'><strong>alis</strong></span> <span class='ocrx_word' id='word_1_61' title='bbox 375 1027 477 1088; x_wconf 86' lang='lat' dir='ltr'><strong>vestre</strong></span> <span class='ocrx_word' id='word_1_62' title='bbox 499 1023 665 1088; x_wconf 90' lang='lat' dir='ltr'><strong>maiestatis</strong></span> <span class='ocrx_word' id='word_1_63' title='bbox 689 1023 870 1088; x_wconf 81' lang='lat' dir='ltr'><strong>excellencie</strong></span> <span class='ocrx_word' id='word_1_64' title='bbox 891 1023 1069 1086; x_wconf 83' lang='lat' dir='ltr'><strong>inclinantes</strong></span> <span class='ocrx_word' id='word_1_65' title='bbox 1097 1023 1186 1086; x_wconf 88' lang='lat' dir='ltr'><strong>etad</strong></span> <span class='ocrx_word' id='word_1_66' title='bbox 1214 1025 1357 1088; x_wconf 91' lang='lat' dir='ltr'><strong>thronum</strong></span> <span class='ocrx_word' id='word_1_67' title='bbox 1387 1025 1493 1108; x_wconf 82' lang='lat' dir='ltr'><strong>gracie</strong></span> 
     </span>
    </p>

    <p class='ocr_par' dir='ltr' id='par_1_8' title="bbox 288 1131 1495 1217">
     <span class='ocr_line' id='line_1_8' title="bbox 288 1131 1495 1217; baseline 0.001 -21"><span class='ocrx_word' id='word_1_68' title='bbox 288 1137 389 1196; x_wconf 88' lang='lat' dir='ltr'><strong>vestre</strong></span> <span class='ocrx_word' id='word_1_69' title='bbox 419 1131 581 1214; x_wconf 84' lang='lat' dir='ltr'><strong>singularis</strong></span> <span class='ocrx_word' id='word_1_70' title='bbox 597 1132 639 1217; x_wconf 80' lang='lat' dir='ltr'><strong>d)</strong></span> <span class='ocrx_word' id='word_1_71' title='bbox 662 1137 691 1196; x_wconf 89' lang='lat' dir='ltr'><strong>et</strong></span> <span class='ocrx_word' id='word_1_72' title='bbox 719 1133 849 1216; x_wconf 85' lang='lat' dir='ltr'><strong>denique</strong></span> <span class='ocrx_word' id='word_1_73' title='bbox 871 1131 953 1196; x_wconf 92' lang='lat' dir='ltr'><strong>orbis</strong></span> <span class='ocrx_word' id='word_1_74' title='bbox 976 1132 1153 1195; x_wconf 89' lang='lat' dir='ltr'><strong>universalis</strong></span> <span class='ocrx_word' id='word_1_75' title='bbox 1176 1152 1244 1196; x_wconf 91' lang='lat' dir='ltr'><strong>cum</strong></span> <span class='ocrx_word' id='word_1_76' title='bbox 1266 1132 1382 1197; x_wconf 86' lang='lat' dir='ltr'><strong>fiducia</strong></span> <span class='ocrx_word' id='word_1_77' title='bbox 1405 1153 1495 1197; x_wconf 88' lang='lat' dir='ltr'><strong>acce-</strong></span> 
     </span>
    </p>

    <p class='ocr_par' dir='ltr' id='par_1_9' title="bbox 292 1239 1496 1328">
     <span class='ocr_line' id='line_1_9' title="bbox 292 1239 1496 1328; baseline 0.001 -24"><span class='ocrx_word' id='word_1_78' title='bbox 292 1242 415 1312; x_wconf 89' lang='lat' dir='ltr'><strong>dentes,</strong></span> <span class='ocrx_word' id='word_1_79' title='bbox 444 1241 598 1312; x_wconf 87' lang='lat' dir='ltr'><strong>civitates,</strong></span> <span class='ocrx_word' id='word_1_80' title='bbox 616 1246 727 1312; x_wconf 87' lang='lat' dir='ltr'><strong>castra,</strong></span> <span class='ocrx_word' id='word_1_81' title='bbox 750 1260 869 1304; x_wconf 89' lang='lat' dir='ltr'><strong>omnem</strong></span> <span class='ocrx_word' id='word_1_82' title='bbox 885 1240 1088 1304; x_wconf 80' lang='lat' dir='ltr'><strong>substanciam</strong></span> <span class='ocrx_word' id='word_1_83' title='bbox 1105 1239 1144 1328; x_wconf 86' lang='lat' dir='ltr'><strong>e)</strong></span> <span class='ocrx_word' id='word_1_84' title='bbox 1161 1246 1192 1303; x_wconf 89' lang='lat' dir='ltr'><strong>et</strong></span> <span class='ocrx_word' id='word_1_85' title='bbox 1207 1259 1355 1323; x_wconf 80' lang='lat' dir='ltr'><strong>personas</strong></span> <span class='ocrx_word' id='word_1_86' title='bbox 1374 1246 1496 1307; x_wconf 90' lang='lat' dir='ltr'><strong>nostras</strong></span> 
     </span>
    </p>

    <p class='ocr_par' dir='ltr' id='par_1_10' title="bbox 293 1347 1496 1436">
     <span class='ocr_line' id='line_1_10' title="bbox 293 1347 1496 1436; baseline 0.001 -23"><span class='ocrx_word' id='word_1_87' title='bbox 293 1349 380 1414; x_wconf 87' lang='lat' dir='ltr'><strong>uobis</strong></span> <span class='ocrx_word' id='word_1_88' title='bbox 413 1348 598 1412; x_wconf 87' lang='lat' dir='ltr'><strong>confidenter</strong></span> <span class='ocrx_word' id='word_1_89' title='bbox 625 1349 796 1420; x_wconf 81' lang='lat' dir='ltr'><strong>oderimus,</strong></span> <span class='ocrx_word' id='word_1_90' title='bbox 824 1350 881 1412; x_wconf 88' lang='lat' dir='ltr'><strong>rati</strong></span> <span class='ocrx_word' id='word_1_91' title='bbox 908 1348 988 1432; x_wconf 87' lang='lat' dir='ltr'><strong>quod</strong></span> <span class='ocrx_word' id='word_1_92' title='bbox 1015 1347 1154 1412; x_wconf 86' lang='lat' dir='ltr'><strong>auxilium</strong></span> <span class='ocrx_word' id='word_1_93' title='bbox 1177 1349 1216 1436; x_wconf 78' lang='lat' dir='ltr'><strong>f)</strong></span> <span class='ocrx_word' id='word_1_94' title='bbox 1241 1349 1439 1414; x_wconf 82' lang='lat' dir='ltr'><strong>inveniamus</strong></span> <span class='ocrx_word' id='word_1_95' title='bbox 1466 1351 1496 1414; x_wconf 91' lang='lat' dir='ltr'><strong>io</strong></span> 
     </span>
    </p>

    <p class='ocr_par' dir='ltr' id='par_1_11' title="bbox 294 1456 1497 1543">
     <span class='ocr_line' id='line_1_11' title="bbox 294 1456 1497 1543; baseline -0.002 -21"><span class='ocrx_word' id='word_1_96' title='bbox 294 1459 404 1522; x_wconf 88' lang='lat' dir='ltr'><strong>auxilio</strong></span> <span class='ocrx_word' id='word_1_97' title='bbox 422 1465 580 1543; x_wconf 89' lang='lat' dir='ltr'><strong>oportuno,</strong></span> <span class='ocrx_word' id='word_1_98' title='bbox 597 1457 649 1542; x_wconf 91' lang='lat' dir='ltr'><strong>qui</strong></span> <span class='ocrx_word' id='word_1_99' title='bbox 665 1457 735 1521; x_wconf 92' lang='lat' dir='ltr'><strong>dum</strong></span> <span class='ocrx_word' id='word_1_100' title='bbox 757 1457 796 1520; x_wconf 89' lang='lat' dir='ltr'><strong>ab</strong></span> <span class='ocrx_word' id='word_1_101' title='bbox 819 1456 925 1521; x_wconf 90' lang='lat' dir='ltr'><strong>alienis</strong></span> <span class='ocrx_word' id='word_1_102' title='bbox 947 1457 1081 1540; x_wconf 89' lang='lat' dir='ltr'><strong>possessi</strong></span> <span class='ocrx_word' id='word_1_103' title='bbox 1105 1456 1231 1520; x_wconf 91' lang='lat' dir='ltr'><strong>dominis</strong></span> <span class='ocrx_word' id='word_1_104' title='bbox 1253 1458 1359 1540; x_wconf 85' lang='lat' dir='ltr'><strong>iugum</strong></span> <span class='ocrx_word' id='word_1_105' title='bbox 1383 1460 1497 1542; x_wconf 92' lang='lat' dir='ltr'><strong>impor-</strong></span> 
     </span>
    </p>

    <p class='ocr_par' dir='ltr' id='par_1_12' title="bbox 294 1565 1499 1650">
     <span class='ocr_line' id='line_1_12' title="bbox 294 1565 1499 1650; baseline -0.002 -19"><span class='ocrx_word' id='word_1_106' title='bbox 294 1567 386 1631; x_wconf 90' lang='lat' dir='ltr'><strong>tabile</strong></span> <span class='ocrx_word' id='word_1_107' title='bbox 405 1571 604 1650; x_wconf 85' lang='lat' dir='ltr'><strong>portaremus,</strong></span> <span class='ocrx_word' id='word_1_108' title='bbox 622 1567 653 1628; x_wconf 90' lang='lat' dir='ltr'><strong>in</strong></span> <span class='ocrx_word' id='word_1_109' title='bbox 668 1567 779 1630; x_wconf 88' lang='lat' dir='ltr'><strong>misera</strong></span> <span class='ocrx_word' id='word_1_110' title='bbox 794 1572 867 1628; x_wconf 91' lang='lat' dir='ltr'><strong>tunc</strong></span> <span class='ocrx_word' id='word_1_111' title='bbox 883 1565 987 1649; x_wconf 89' lang='lat' dir='ltr'><strong>utique</strong></span> <span class='ocrx_word' id='word_1_112' title='bbox 1004 1565 1154 1628; x_wconf 85' lang='lat' dir='ltr'><strong>extitimus</strong></span> <span class='ocrx_word' id='word_1_113' title='bbox 1171 1565 1326 1628; x_wconf 89' lang='lat' dir='ltr'><strong>servitute.</strong></span> <span class='ocrx_word' id='word_1_114' title='bbox 1343 1567 1499 1631; x_wconf 82' lang='lat' dir='ltr'><strong>Firmetur</strong></span> 
     </span>
    </p>

    <p class='ocr_par' dir='ltr' id='par_1_13' title="bbox 296 1672 1497 1758">
     <span class='ocr_line' id='line_1_13' title="bbox 296 1672 1497 1758; baseline 0.001 -22"><span class='ocrx_word' id='word_1_115' title='bbox 296 1680 481 1758; x_wconf 85' lang='lat' dir='ltr'><strong>quapropter</strong></span> <span class='ocrx_word' id='word_1_116' title='bbox 498 1675 663 1738; x_wconf 88' lang='lat' dir='ltr'><strong>clemencia</strong></span> <span class='ocrx_word' id='word_1_117' title='bbox 679 1674 804 1738; x_wconf 87' lang='lat' dir='ltr'><strong>thronus</strong></span> <span class='ocrx_word' id='word_1_118' title='bbox 821 1674 916 1755; x_wconf 85' lang='lat' dir='ltr'><strong>regis,</strong></span> <span class='ocrx_word' id='word_1_119' title='bbox 939 1676 968 1736; x_wconf 90' lang='lat' dir='ltr'><strong>et</strong></span> <span class='ocrx_word' id='word_1_120' title='bbox 990 1673 1060 1735; x_wconf 87' lang='lat' dir='ltr'><strong>dum</strong></span> <span class='ocrx_word' id='word_1_121' title='bbox 1082 1672 1121 1735; x_wconf 93' lang='lat' dir='ltr'><strong>ab</strong></span> <span class='ocrx_word' id='word_1_122' title='bbox 1144 1673 1249 1736; x_wconf 89' lang='lat' dir='ltr'><strong>alienis</strong></span> <span class='ocrx_word' id='word_1_123' title='bbox 1273 1673 1313 1735; x_wconf 95' lang='lat' dir='ltr'><strong>ad</strong></span> <span class='ocrx_word' id='word_1_124' title='bbox 1329 1675 1497 1758; x_wconf 89' lang='lat' dir='ltr'><strong>proprium,</strong></span> 
     </span>
    </p>

    <p class='ocr_par' dir='ltr' id='par_1_14' title="bbox 297 1780 1498 1869">
     <span class='ocr_line' id='line_1_14' title="bbox 297 1780 1498 1869; baseline -0.002 -23"><span class='ocrx_word' id='word_1_125' title='bbox 297 1785 334 1847; x_wconf 91' lang='lat' dir='ltr'><strong>de</strong></span> <span class='ocrx_word' id='word_1_126' title='bbox 351 1785 452 1848; x_wconf 90' lang='lat' dir='ltr'><strong>multis</strong></span> <span class='ocrx_word' id='word_1_127' title='bbox 468 1784 507 1846; x_wconf 88' lang='lat' dir='ltr'><strong>ad</strong></span> <span class='ocrx_word' id='word_1_128' title='bbox 532 1785 679 1869; x_wconf 67' lang='lat' dir='ltr'><strong>unumy)</strong></span> <span class='ocrx_word' id='word_1_129' title='bbox 703 1785 920 1855; x_wconf 87' lang='lat' dir='ltr'><strong>convertimur,</strong></span> <span class='ocrx_word' id='word_1_130' title='bbox 949 1783 1029 1846; x_wconf 91' lang='lat' dir='ltr'><strong>salus</strong></span> <span class='ocrx_word' id='word_1_131' title='bbox 1053 1786 1155 1844; x_wconf 86' lang='lat' dir='ltr'><strong>nostra</strong></span> <span class='ocrx_word' id='word_1_132' title='bbox 1176 1780 1207 1843; x_wconf 90' lang='lat' dir='ltr'><strong>in</strong></span> <span class='ocrx_word' id='word_1_133' title='bbox 1229 1801 1320 1845; x_wconf 89' lang='lat' dir='ltr'><strong>manu</strong></span> <span class='ocrx_word' id='word_1_134' title='bbox 1337 1788 1445 1846; x_wconf 86' lang='lat' dir='ltr'><strong>vestra</strong></span> <span class='ocrx_word' id='word_1_135' title='bbox 1461 1783 1498 1845; x_wconf 88' lang='lat' dir='ltr'><strong>sit</strong></span> 
     </span>
    </p>

    <p class='ocr_par' dir='ltr' id='par_1_15' title="bbox 297 1889 1499 2084">
     <span class='ocr_line' id='line_1_15' title="bbox 297 1889 1499 1975; baseline -0.003 -19"><span class='ocrx_word' id='word_1_136' title='bbox 297 1893 434 1958; x_wconf 87' lang='lat' dir='ltr'><strong>domine!</strong></span> <span class='ocrx_word' id='word_1_137' title='bbox 453 1899 483 1956; x_wconf 88' lang='lat' dir='ltr'><strong>et</strong></span> <span class='ocrx_word' id='word_1_138' title='bbox 499 1892 577 1954; x_wconf 91' lang='lat' dir='ltr'><strong>oculi</strong></span> <span class='ocrx_word' id='word_1_139' title='bbox 593 1891 715 1975; x_wconf 85' lang='lat' dir='ltr'><strong>pietatis</strong></span> <span class='ocrx_word' id='word_1_140' title='bbox 731 1894 831 1956; x_wconf 87' lang='lat' dir='ltr'><strong>vestre</strong></span> <span class='ocrx_word' id='word_1_141' title='bbox 853 1910 908 1954; x_wconf 90' lang='lat' dir='ltr'><strong>nos</strong></span> <span class='ocrx_word' id='word_1_142' title='bbox 931 1889 1113 1973; x_wconf 88' lang='lat' dir='ltr'><strong>respiciant,</strong></span> <span class='ocrx_word' id='word_1_143' title='bbox 1134 1896 1168 1953; x_wconf 92' lang='lat' dir='ltr'><strong>ut</strong></span> <span class='ocrx_word' id='word_1_144' title='bbox 1194 1889 1295 1953; x_wconf 89' lang='lat' dir='ltr'><strong>securi</strong></span> <span class='ocrx_word' id='word_1_145' title='bbox 1319 1889 1499 1952; x_wconf 83' lang='lat' dir='ltr'><strong>famulemur</strong></span> 
     </span>
     <span class='ocr_line' id='line_1_16' title="bbox 300 2000 741 2084; baseline -0.011 -19"><span class='ocrx_word' id='word_1_146' title='bbox 300 2003 380 2065; x_wconf 88' lang='lat' dir='ltr'><strong>omni</strong></span> <span class='ocrx_word' id='word_1_147' title='bbox 395 2008 530 2084; x_wconf 88' lang='lat' dir='ltr'><strong>tempore</strong></span> <span class='ocrx_word' id='word_1_148' title='bbox 545 2000 612 2083; x_wconf 88' lang='lat' dir='ltr'><strong>regi</strong></span> <span class='ocrx_word' id='word_1_149' title='bbox 628 2003 741 2063; x_wconf 89' lang='lat' dir='ltr'><strong>nostro.</strong></span> 
     </span>
    </p>
   </div>
   <div class='ocr_carea' id='block_1_3' title="bbox 308 2142 1498 2346">
    <p class='ocr_par' dir='ltr' id='par_1_16' title="bbox 308 2142 1498 2346">
     <span class='ocr_line' id='line_1_17' title="bbox 398 2142 1498 2254; baseline -0.005 -18"><span class='ocrx_word' id='word_1_150' title='bbox 398 2184 596 2254; x_wconf 80' lang='lat' dir='ltr'><strong>Vollsltndiger</strong></span> <span class='ocrx_word' id='word_1_151' title='bbox 609 2185 676 2236; x_wconf 80' lang='lat' dir='ltr'><strong>oben</strong></span> <span class='ocrx_word' id='word_1_152' title='bbox 691 2199 716 2251; x_wconf 83' lang='lat' dir='ltr'><strong>p.</strong></span> <span class='ocrx_word' id='word_1_153' title='bbox 731 2180 784 2234; x_wconf 81' lang='lat'><strong>320</strong></span> <span class='ocrx_word' id='word_1_154' title='bbox 797 2196 838 2235; x_wconf 91' lang='lat' dir='ltr'><strong>no.</strong></span> <span class='ocrx_word' id='word_1_155' title='bbox 852 2177 886 2231; x_wconf 82' lang='lat'><strong>21</strong></span> <span class='ocrx_word' id='word_1_156' title='bbox 901 2178 947 2232; x_wconf 87' lang='lat' dir='ltr'><strong>ruit</strong></span> <span class='ocrx_word' id='word_1_157' title='bbox 959 2142 1004 2249; x_wconf 79' lang='lat' dir='ltr'><strong>qui</strong></span> <span class='ocrx_word' id='word_1_158' title='bbox 1017 2183 1146 2250; x_wconf 82' lang='lat' dir='ltr'><strong>vergente</strong></span> <span class='ocrx_word' id='word_1_159' title='bbox 1165 2178 1330 2248; x_wconf 83' lang='lat' dir='ltr'><strong>beginnend,</strong></span> <span class='ocrx_word' id='word_1_160' title='bbox 1349 2179 1421 2234; x_wconf 85' lang='lat' dir='ltr'><strong>nocb</strong></span> <span class='ocrx_word' id='word_1_161' title='bbox 1435 2178 1498 2232; x_wconf 88' lang='lat' dir='ltr'><strong>voll-</strong></span> 
     </span>
     <span class='ocr_line' id='line_1_18' title="bbox 308 2267 1316 2346; baseline -0.012 -14"><span class='ocrx_word' id='word_1_162' title='bbox 308 2275 444 2346; x_wconf 74' lang='lat' dir='ltr'><strong>sttudiger</strong></span> <span class='ocrx_word' id='word_1_163' title='bbox 457 2275 508 2328; x_wconf 89' lang='lat' dir='ltr'><strong>und</strong></span> <span class='ocrx_word' id='word_1_164' title='bbox 523 2274 571 2327; x_wconf 83' lang='lat' dir='ltr'><strong>uie</strong></span> <span class='ocrx_word' id='word_1_165' title='bbox 585 2273 643 2326; x_wconf 87' lang='lat' dir='ltr'><strong>bier</strong></span> <span class='ocrx_word' id='word_1_166' title='bbox 654 2271 802 2340; x_wconf 74' lang='lat' dir='ltr'><strong>beginnead</strong></span> <span class='ocrx_word' id='word_1_167' title='bbox 817 2270 972 2334; x_wconf 76' lang='lat' dir='ltr'><strong>dorserta,</strong></span> <span class='ocrx_word' id='word_1_168' title='bbox 985 2270 1003 2324; x_wconf 80' lang='grc'><strong>7</strong></span> <span class='ocrx_word' id='word_1_169' title='bbox 1016 2269 1068 2322; x_wconf 90' lang='lat' dir='ltr'><strong>uad</strong></span> <span class='ocrx_word' id='word_1_170' title='bbox 1083 2270 1217 2324; x_wconf 83' lang='lat' dir='ltr'><strong>Bodmann</strong></span> <span class='ocrx_word' id='word_1_171' title='bbox 1229 2285 1258 2338; x_wconf 92' lang='lat' dir='ltr'><strong>p.</strong></span> <span class='ocrx_word' id='word_1_172' title='bbox 1270 2267 1316 2321; x_wconf 76' lang='lat'><strong>23.</strong></span> 
     </span>
    </p>
   </div>
   <div class='ocr_carea' id='block_1_4' title="bbox 871 2441 905 2514">
    <p class='ocr_par' dir='ltr' id='par_1_17' title="bbox 871 2441 905 2514">
     <span class='ocr_line' id='line_1_19' title="bbox 871 2441 905 2514; baseline 0.059 -2"><span class='ocrx_word' id='word_1_173' title='bbox 871 2441 905 2514; x_wconf 82' lang='grc'><strong>7.</strong></span> 
     </span>
    </p>
   </div>
   <div class='ocr_carea' id='block_1_5' title="bbox 1541 931 1558 2561">
    <p class='ocr_par' dir='ltr' id='par_1_18' title="bbox 1541 931 1558 2561">
     <span class='ocr_line' id='line_1_20' title="bbox 1541 931 1558 2561; baseline 0 0"><span class='ocrx_word' id='word_1_174' title='bbox 1541 931 1558 2561; x_wconf 95' lang='lat' dir='ltr'><strong> </strong></span> 
     </span>
    </p>
   </div>
   <div class='ocr_carea' id='block_1_6' title="bbox 616 2580 1183 2722">
    <p class='ocr_par' dir='ltr' id='par_1_19' title="bbox 616 2580 1183 2722">
     <span class='ocr_line' id='line_1_21' title="bbox 616 2580 1183 2722; baseline 0.002 -38"><span class='ocrx_word' id='word_1_175' title='bbox 616 2580 812 2686; x_wconf 67' lang='lat' dir='ltr'><strong>bononorum</strong></span> <span class='ocrx_word' id='word_1_176' title='bbox 826 2641 879 2722; x_wconf 81' lang='lat' dir='ltr'><strong>rex</strong></span> <span class='ocrx_word' id='word_1_177' title='bbox 895 2622 1030 2686; x_wconf 82' lang='lat' dir='ltr'><strong>lldellbus</strong></span> <span class='ocrx_word' id='word_1_178' title='bbox 1047 2622 1110 2684; x_wconf 85' lang='lat' dir='ltr'><strong>sals</strong></span> <span class='ocrx_word' id='word_1_179' title='bbox 1126 2625 1183 2686; x_wconf 86' lang='lat' dir='ltr'><strong>eto.</strong></span> 
     </span>
    </p>
   </div>
   <div class='ocr_carea' id='block_1_7' title="bbox 391 2777 1388 2990">
    <p class='ocr_par' dir='ltr' id='par_1_20' title="bbox 391 2777 1388 2990">
     <span class='ocr_line' id='line_1_22' title="bbox 407 2777 1388 2866; baseline -0.004 -29"><span class='ocrx_word' id='word_1_180' title='bbox 407 2782 494 2866; x_wconf 75' lang='lat' dir='ltr'><strong>Kdao‘y</strong></span> <span class='ocrx_word' id='word_1_181' title='bbox 506 2781 611 2853; x_wconf 77' lang='lat' dir='ltr'><strong>liudolf</strong></span> <span class='ocrx_word' id='word_1_182' title='bbox 617 2779 770 2852; x_wconf 83' lang='lat' dir='ltr'><strong>vercpricbt</strong></span> <span class='ocrx_word' id='word_1_183' title='bbox 780 2778 872 2834; x_wconf 79' lang='lat' dir='ltr'><strong>aciaco</strong></span> <span class='ocrx_word' id='word_1_184' title='bbox 884 2779 1110 2852; x_wconf 74' lang='lat' dir='ltr'><strong>Reiobeyelreueo</strong></span> <span class='ocrx_word' id='word_1_185' title='bbox 1122 2780 1196 2836; x_wconf 82' lang='lat' dir='ltr'><strong>Huld</strong></span> <span class='ocrx_word' id='word_1_186' title='bbox 1207 2779 1266 2834; x_wconf 81' lang='lat' dir='ltr'><strong>uad</strong></span> <span class='ocrx_word' id='word_1_187' title='bbox 1278 2777 1388 2834; x_wconf 69' lang='lat' dir='ltr'><strong>Sobata.</strong></span> 
     </span>
     <span class='ocr_line' id='line_1_23' title="bbox 391 2889 1228 2990; baseline -0.008 -6"><span class='ocrx_word' id='word_1_188' title='bbox 391 2930 513 2988; x_wconf 84' lang='lat' dir='ltr'><strong>Gerbort,</strong></span> <span class='ocrx_word' id='word_1_189' title='bbox 529 2927 553 2990; x_wconf 90' lang='lat' dir='ltr'><strong>l,</strong></span> <span class='ocrx_word' id='word_1_190' title='bbox 568 2926 611 2980; x_wconf 76' lang='lat'><strong>15.</strong></span> <span class='ocrx_word' id='word_1_191' title='bbox 1216 2889 1228 2906; x_wconf 81' lang='lat'><strong>.</strong></span> 
     </span>
    </p>
   </div>
   <div class='ocr_carea' id='block_1_8' title="bbox 298 3070 1496 4130">
    <p class='ocr_par' dir='ltr' id='par_1_21' title="bbox 298 3070 1496 4130">
     <span class='ocr_line' id='line_1_24' title="bbox 389 3070 1494 3157; baseline -0.005 -18"><span class='ocrx_word' id='word_1_192' title='bbox 389 3076 435 3138; x_wconf 80' lang='lat' dir='ltr'><strong>Ad</strong></span> <span class='ocrx_word' id='word_1_193' title='bbox 450 3074 574 3139; x_wconf 84' lang='lat' dir='ltr'><strong>ltonrani</strong></span> <span class='ocrx_word' id='word_1_194' title='bbox 590 3071 677 3156; x_wconf 84' lang='lat' dir='ltr'><strong>regni</strong></span> <span class='ocrx_word' id='word_1_195' title='bbox 693 3071 898 3154; x_wconf 84' lang='lat' dir='ltr'><strong>gubernacula</strong></span> <span class='ocrx_word' id='word_1_196' title='bbox 915 3072 1014 3134; x_wconf 90' lang='lat' dir='ltr'><strong>vocati</strong></span> <span class='ocrx_word' id='word_1_197' title='bbox 1030 3070 1109 3136; x_wconf 92' lang='lat' dir='ltr'><strong>illius</strong></span> <span class='ocrx_word' id='word_1_198' title='bbox 1125 3073 1303 3144; x_wconf 86' lang='lat' dir='ltr'><strong>vocacione,</strong></span> <span class='ocrx_word' id='word_1_199' title='bbox 1322 3073 1376 3157; x_wconf 82' lang='lat' dir='ltr'><strong>qui</strong></span> <span class='ocrx_word' id='word_1_200' title='bbox 1394 3093 1494 3157; x_wconf 90' lang='lat' dir='ltr'><strong>super·</strong></span> 
     </span>
     <span class='ocr_line' id='line_1_25' title="bbox 298 3179 1493 3266; baseline -0.005 -18"><span class='ocrx_word' id='word_1_201' title='bbox 298 3185 405 3248; x_wconf 88' lang='lat' dir='ltr'><strong>borum</strong></span> <span class='ocrx_word' id='word_1_202' title='bbox 421 3183 610 3266; x_wconf 84' lang='lat' dir='ltr'><strong>fastigiosam</strong></span> <span class='ocrx_word' id='word_1_203' title='bbox 628 3181 799 3264; x_wconf 88' lang='lat' dir='ltr'><strong>superbiam</strong></span> <span class='ocrx_word' id='word_1_204' title='bbox 816 3180 941 3250; x_wconf 89' lang='lat' dir='ltr'><strong>elidens,</strong></span> <span class='ocrx_word' id='word_1_205' title='bbox 966 3179 1105 3242; x_wconf 85' lang='lat' dir='ltr'><strong>devotam</strong></span> <span class='ocrx_word' id='word_1_206' title='bbox 1127 3180 1327 3243; x_wconf 89' lang='lat' dir='ltr'><strong>humilitatem</strong></span> <span class='ocrx_word' id='word_1_207' title='bbox 1344 3181 1493 3244; x_wconf 91' lang='lat' dir='ltr'><strong>humilium</strong></span> 
     </span>
     <span class='ocr_line' id='line_1_26' title="bbox 301 3287 1493 3370; baseline -0.005 -14"><span class='ocrx_word' id='word_1_208' title='bbox 301 3294 428 3357; x_wconf 90' lang='lat' dir='ltr'><strong>collocat</strong></span> <span class='ocrx_word' id='word_1_209' title='bbox 444 3292 475 3353; x_wconf 94' lang='lat' dir='ltr'><strong>in</strong></span> <span class='ocrx_word' id='word_1_210' title='bbox 493 3289 622 3359; x_wconf 86' lang='lat' dir='ltr'><strong>sublimi,</strong></span> <span class='ocrx_word' id='word_1_211' title='bbox 639 3292 739 3350; x_wconf 88' lang='lat' dir='ltr'><strong>mente</strong></span> <span class='ocrx_word' id='word_1_212' title='bbox 756 3287 952 3370; x_wconf 84' lang='lat' dir='ltr'><strong>disponimus,</strong></span> <span class='ocrx_word' id='word_1_213' title='bbox 971 3291 1000 3349; x_wconf 92' lang='grc'><strong>11</strong></span> <span class='ocrx_word' id='word_1_214' title='bbox 1015 3287 1153 3370; x_wconf 84' lang='lat' dir='ltr'><strong>pervigili</strong></span> <span class='ocrx_word' id='word_1_215' title='bbox 1175 3289 1381 3353; x_wconf 87' lang='lat' dir='ltr'><strong>meditacione</strong></span> <span class='ocrx_word' id='word_1_216' title='bbox 1403 3289 1493 3352; x_wconf 88' lang='lat' dir='ltr'><strong>revol-</strong></span> 
     </span>
     <span class='ocr_line' id='line_1_27' title="bbox 300 3395 1493 3483; baseline -0.006 -18"><span class='ocrx_word' id='word_1_217' title='bbox 300 3403 407 3472; x_wconf 88' lang='lat' dir='ltr'><strong>vimus,</strong></span> <span class='ocrx_word' id='word_1_218' title='bbox 434 3399 562 3483; x_wconf 87' lang='lat' dir='ltr'><strong>qaaliter</strong></span> <span class='ocrx_word' id='word_1_219' title='bbox 584 3397 614 3459; x_wconf 91' lang='lat' dir='ltr'><strong>in</strong></span> <span class='ocrx_word' id='word_1_220' title='bbox 637 3396 755 3460; x_wconf 87' lang='lat' dir='ltr'><strong>excelso</strong></span> <span class='ocrx_word' id='word_1_221' title='bbox 776 3417 832 3479; x_wconf 89' lang='lat' dir='ltr'><strong>per</strong></span> <span class='ocrx_word' id='word_1_222' title='bbox 854 3395 1006 3459; x_wconf 90' lang='lat' dir='ltr'><strong>excelsum</strong></span> <span class='ocrx_word' id='word_1_223' title='bbox 1029 3400 1059 3458; x_wconf 94' lang='grc'><strong>11</strong></span> <span class='ocrx_word' id='word_1_224' title='bbox 1082 3395 1240 3459; x_wconf 90' lang='lat' dir='ltr'><strong>sublimem</strong></span> <span class='ocrx_word' id='word_1_225' title='bbox 1262 3415 1371 3479; x_wconf 86' lang='lat' dir='ltr'><strong>regem</strong></span> <span class='ocrx_word' id='word_1_226' title='bbox 1394 3417 1493 3479; x_wconf 83' lang='lat' dir='ltr'><strong>regom</strong></span> 
     </span>
     <span class='ocr_line' id='line_1_28' title="bbox 301 3503 1494 3588; baseline -0.003 -16"><span class='ocrx_word' id='word_1_227' title='bbox 301 3509 468 3573; x_wconf 86' lang='lat' dir='ltr'><strong>maiestatis</strong></span> <span class='ocrx_word' id='word_1_228' title='bbox 485 3507 560 3570; x_wconf 91' lang='lat' dir='ltr'><strong>solio</strong></span> <span class='ocrx_word' id='word_1_229' title='bbox 578 3504 743 3574; x_wconf 88' lang='lat' dir='ltr'><strong>constituti,</strong></span> <span class='ocrx_word' id='word_1_230' title='bbox 766 3505 798 3566; x_wconf 90' lang='lat' dir='ltr'><strong>in</strong></span> <span class='ocrx_word' id='word_1_231' title='bbox 812 3503 1031 3567; x_wconf 87' lang='lat' dir='ltr'><strong>reformacione</strong></span> <span class='ocrx_word' id='word_1_232' title='bbox 1047 3505 1144 3586; x_wconf 85' lang='lat' dir='ltr'><strong>pacis,</strong></span> <span class='ocrx_word' id='word_1_233' title='bbox 1161 3505 1220 3566; x_wconf 86' lang='lat' dir='ltr'><strong>iarn</strong></span> <span class='ocrx_word' id='word_1_234' title='bbox 1245 3503 1359 3568; x_wconf 88' lang='lat' dir='ltr'><strong>dudum</strong></span> <span class='ocrx_word' id='word_1_235' title='bbox 1382 3505 1494 3588; x_wconf 90' lang='lat' dir='ltr'><strong>disper-</strong></span> 
     </span>
     <span class='ocr_line' id='line_1_29' title="bbox 302 3614 1494 3702; baseline -0.003 -20"><span class='ocrx_word' id='word_1_236' title='bbox 302 3619 375 3693; x_wconf 89' lang='lat' dir='ltr'><strong>dite,</strong></span> <span class='ocrx_word' id='word_1_237' title='bbox 390 3616 557 3702; x_wconf 87' lang='lat' dir='ltr'><strong>reipublice</strong></span> <span class='ocrx_word' id='word_1_238' title='bbox 575 3615 775 3686; x_wconf 90' lang='lat' dir='ltr'><strong>consulamus,</strong></span> <span class='ocrx_word' id='word_1_239' title='bbox 792 3633 1003 3697; x_wconf 89' lang='lat' dir='ltr'><strong>oppressorum</strong></span> <span class='ocrx_word' id='word_1_240' title='bbox 1019 3615 1166 3677; x_wconf 90' lang='lat' dir='ltr'><strong>hactenus</strong></span> <span class='ocrx_word' id='word_1_241' title='bbox 1183 3620 1214 3678; x_wconf 86' lang='lat' dir='ltr'><strong>et</strong></span> <span class='ocrx_word' id='word_1_242' title='bbox 1230 3614 1380 3680; x_wconf 88' lang='lat' dir='ltr'><strong>subiectis</strong></span> <span class='ocrx_word' id='word_1_243' title='bbox 1396 3621 1494 3699; x_wconf 82' lang='lat' dir='ltr'><strong>tyran·</strong></span> 
     </span>
     <span class='ocr_line' id='line_1_30' title="bbox 302 3721 1495 3807; baseline -0.003 -18"><span class='ocrx_word' id='word_1_244' title='bbox 302 3746 407 3789; x_wconf 90' lang='lat' dir='ltr'><strong>norum</strong></span> <span class='ocrx_word' id='word_1_245' title='bbox 430 3722 581 3807; x_wconf 85' lang='lat' dir='ltr'><strong>tyrannidi</strong></span> <span class='ocrx_word' id='word_1_246' title='bbox 599 3721 799 3806; x_wconf 87' lang='lat' dir='ltr'><strong>dispendiosis</strong></span> <span class='ocrx_word' id='word_1_247' title='bbox 821 3722 964 3802; x_wconf 90' lang='lat' dir='ltr'><strong>periculis</strong></span> <span class='ocrx_word' id='word_1_248' title='bbox 988 3721 1111 3785; x_wconf 91' lang='lat' dir='ltr'><strong>caucius</strong></span> <span class='ocrx_word' id='word_1_249' title='bbox 1134 3741 1311 3794; x_wconf 89' lang='lat' dir='ltr'><strong>caveamus,</strong></span> <span class='ocrx_word' id='word_1_250' title='bbox 1341 3728 1495 3806; x_wconf 86' lang='lat' dir='ltr'><strong>sperantes</strong></span> 
     </span>
     <span class='ocr_line' id='line_1_31' title="bbox 304 3828 1496 3914; baseline -0.003 -16"><span class='ocrx_word' id='word_1_251' title='bbox 304 3857 340 3898; x_wconf 89' lang='lat' dir='ltr'><strong>ex</strong></span> <span class='ocrx_word' id='word_1_252' title='bbox 354 3835 412 3897; x_wconf 89' lang='lat' dir='ltr'><strong>boo</strong></span> <span class='ocrx_word' id='word_1_253' title='bbox 430 3838 461 3896; x_wconf 91' lang='lat' dir='ltr'><strong>et</strong></span> <span class='ocrx_word' id='word_1_254' title='bbox 476 3832 508 3894; x_wconf 94' lang='lat' dir='ltr'><strong>in</strong></span> <span class='ocrx_word' id='word_1_255' title='bbox 523 3831 592 3895; x_wconf 90' lang='lat' dir='ltr'><strong>talis</strong></span> <span class='ocrx_word' id='word_1_256' title='bbox 608 3828 648 3914; x_wconf 86' lang='lat' dir='ltr'><strong>b)</strong></span> <span class='ocrx_word' id='word_1_257' title='bbox 665 3849 762 3912; x_wconf 87' lang='lat' dir='ltr'><strong>agone</strong></span> <span class='ocrx_word' id='word_1_258' title='bbox 779 3829 964 3900; x_wconf 89' lang='lat' dir='ltr'><strong>certaminis,</strong></span> <span class='ocrx_word' id='word_1_259' title='bbox 981 3831 1033 3913; x_wconf 91' lang='lat' dir='ltr'><strong>qui</strong></span> <span class='ocrx_word' id='word_1_260' title='bbox 1048 3833 1077 3912; x_wconf 77' lang='lat' dir='ltr'><strong>i)</strong></span> <span class='ocrx_word' id='word_1_261' title='bbox 1094 3834 1226 3893; x_wconf 88' lang='lat' dir='ltr'><strong>mentem</strong></span> <span class='ocrx_word' id='word_1_262' title='bbox 1242 3830 1352 3912; x_wconf 84' lang='lat' dir='ltr'><strong>affligit</strong></span> <span class='ocrx_word' id='word_1_263' title='bbox 1374 3831 1496 3896; x_wconf 83' lang='lat' dir='ltr'><strong>interius</strong></span> 
     </span>
     <span class='ocr_line' id='line_1_32' title="bbox 304 3938 1496 4025; baseline -0.002 -18"><span class='ocrx_word' id='word_1_264' title='bbox 304 3950 334 4007; x_wconf 85' lang='lat' dir='ltr'><strong>et</strong></span> <span class='ocrx_word' id='word_1_265' title='bbox 351 3944 482 4025; x_wconf 90' lang='lat' dir='ltr'><strong>quietem</strong></span> <span class='ocrx_word' id='word_1_266' title='bbox 498 3940 637 4004; x_wconf 89' lang='lat' dir='ltr'><strong>sensibus</strong></span> <span class='ocrx_word' id='word_1_267' title='bbox 655 3938 852 4001; x_wconf 84' lang='lat' dir='ltr'><strong>exterioribus</strong></span> <span class='ocrx_word' id='word_1_268' title='bbox 873 3956 932 3999; x_wconf 91' lang='lat' dir='ltr'><strong>non</strong></span> <span class='ocrx_word' id='word_1_269' title='bbox 956 3939 1113 4010; x_wconf 86' lang='lat' dir='ltr'><strong>concedit,</strong></span> <span class='ocrx_word' id='word_1_270' title='bbox 1142 3959 1306 4021; x_wconf 91' lang='lat' dir='ltr'><strong>supernum</strong></span> <span class='ocrx_word' id='word_1_271' title='bbox 1321 3940 1414 4006; x_wconf 91' lang='lat' dir='ltr'><strong>nobis</strong></span> <span class='ocrx_word' id='word_1_272' title='bbox 1430 3961 1496 4025; x_wconf 91' lang='lat' dir='ltr'><strong>pro-</strong></span> 
     </span>
     <span class='ocr_line' id='line_1_33' title="bbox 306 4044 1495 4130; baseline -0.004 -15"><span class='ocrx_word' id='word_1_273' title='bbox 306 4051 408 4115; x_wconf 87' lang='lat' dir='ltr'><strong>venire</strong></span> <span class='ocrx_word' id='word_1_274' title='bbox 425 4047 593 4114; x_wconf 91' lang='lat' dir='ltr'><strong>subsidium</strong></span> <span class='ocrx_word' id='word_1_275' title='bbox 610 4052 640 4110; x_wconf 93' lang='lat' dir='ltr'><strong>et</strong></span> <span class='ocrx_word' id='word_1_276' title='bbox 655 4045 777 4108; x_wconf 87' lang='lat' dir='ltr'><strong>humani</strong></span> <span class='ocrx_word' id='word_1_277' title='bbox 793 4046 904 4108; x_wconf 87' lang='lat' dir='ltr'><strong>favoris</strong></span> <span class='ocrx_word' id='word_1_278' title='bbox 921 4045 1107 4108; x_wconf 88' lang='lat' dir='ltr'><strong>incremento</strong></span> <span class='ocrx_word' id='word_1_279' title='bbox 1124 4044 1272 4130; x_wconf 89' lang='lat' dir='ltr'><strong>proficere</strong></span> <span class='ocrx_word' id='word_1_280' title='bbox 1296 4068 1353 4112; x_wconf 89' lang='lat' dir='ltr'><strong>nos</strong></span> <span class='ocrx_word' id='word_1_281' title='bbox 1377 4049 1495 4114; x_wconf 86' lang='lat' dir='ltr'><strong>debere.</strong></span> 
     </span>
    </p>
   </div>
   <div class='ocr_carea' id='block_1_9' title="bbox 305 4225 1497 4390">
    <p class='ocr_par' dir='ltr' id='par_1_22' title="bbox 305 4225 1497 4390">
     <span class='ocr_line' id='line_1_34' title="bbox 395 4225 1494 4301; baseline -0.003 -17"><span class='ocrx_word' id='word_1_282' title='bbox 395 4231 429 4301; x_wconf 86' lang='lat' dir='ltr'><strong>o)</strong></span> <span class='ocrx_word' id='word_1_283' title='bbox 462 4229 606 4300; x_wconf 85' lang='lat' dir='ltr'><strong>prudencia</strong></span> <span class='ocrx_word' id='word_1_284' title='bbox 640 4225 788 4282; x_wconf 85' lang='lat' dir='ltr'><strong>Salomonis</strong></span> <span class='ocrx_word' id='word_1_285' title='bbox 824 4225 957 4280; x_wconf 89' lang='lat' dir='ltr'><strong>Bodmann</strong></span> <span class='ocrx_word' id='word_1_286' title='bbox 993 4225 1047 4278; x_wconf 88' lang='lat' dir='ltr'><strong>und</strong></span> <span class='ocrx_word' id='word_1_287' title='bbox 1077 4227 1145 4282; x_wconf 86' lang='lat' dir='ltr'><strong>oben</strong></span> <span class='ocrx_word' id='word_1_288' title='bbox 1180 4243 1208 4296; x_wconf 95' lang='lat' dir='ltr'><strong>p.</strong></span> <span class='ocrx_word' id='word_1_289' title='bbox 1240 4225 1294 4278; x_wconf 82' lang='lat'><strong>320</strong></span> <span class='ocrx_word' id='word_1_290' title='bbox 1327 4243 1370 4282; x_wconf 90' lang='lat' dir='ltr'><strong>no.</strong></span> <span class='ocrx_word' id='word_1_291' title='bbox 1398 4228 1441 4282; x_wconf 78' lang='lat'><strong>2¹.</strong></span> <span class='ocrx_word' id='word_1_292' title='bbox 1469 4257 1494 4268; x_wconf 93' lang='lat'><em>-</em></span> 
     </span>
     <span class='ocr_line' id='line_1_35' title="bbox 305 4315 1497 4390; baseline -0.005 -15"><span class='ocrx_word' id='word_1_293' title='bbox 305 4322 337 4390; x_wconf 84' lang='lat' dir='ltr'><strong>b)</strong></span> <span class='ocrx_word' id='word_1_294' title='bbox 362 4321 474 4374; x_wconf 89' lang='lat' dir='ltr'><strong>omnium</strong></span> <span class='ocrx_word' id='word_1_295' title='bbox 497 4320 524 4372; x_wconf 90' lang='lat' dir='ltr'><strong>Z.</strong></span> <span class='ocrx_word' id='word_1_296' title='bbox 548 4349 582 4359; x_wconf 95' lang='lat'>-</span> <span class='ocrx_word' id='word_1_297' title='bbox 605 4318 636 4388; x_wconf 83' lang='lat' dir='ltr'><strong>c)</strong></span> <span class='ocrx_word' id='word_1_298' title='bbox 660 4319 685 4370; x_wconf 88' lang='lat' dir='ltr'><strong>in</strong></span> <span class='ocrx_word' id='word_1_299' title='bbox 706 4315 947 4386; x_wconf 80' lang='lat' dir='ltr'><strong>dhergescbriebon</strong></span> <span class='ocrx_word' id='word_1_300' title='bbox 969 4316 999 4371; x_wconf 89' lang='lat' dir='ltr'><strong>V.</strong></span> <span class='ocrx_word' id='word_1_301' title='bbox 1023 4321 1050 4370; x_wconf 86' lang='lat' dir='ltr'><strong>et</strong></span> <span class='ocrx_word' id='word_1_302' title='bbox 1077 4317 1102 4370; x_wconf 92' lang='lat' dir='ltr'><strong>in</strong></span> <span class='ocrx_word' id='word_1_303' title='bbox 1122 4317 1151 4369; x_wconf 82' lang='lat' dir='ltr'><strong>Z.</strong></span> <span class='ocrx_word' id='word_1_304' title='bbox 1179 4346 1207 4355; x_wconf 92' lang='lat'><em>-</em></span> <span class='ocrx_word' id='word_1_305' title='bbox 1238 4316 1274 4385; x_wconf 88' lang='lat' dir='ltr'><strong>d)</strong></span> <span class='ocrx_word' id='word_1_306' title='bbox 1298 4321 1389 4371; x_wconf 81' lang='lat' dir='ltr'><strong>vestre</strong></span> <span class='ocrx_word' id='word_1_307' title='bbox 1413 4323 1497 4372; x_wconf 77' lang='lat' dir='ltr'><strong>noster</strong></span> 
     </span>
    </p>
   </div>
   <div class='ocr_carea' id='block_1_10' title="bbox 306 4405 1495 4570">
    <p class='ocr_par' dir='ltr' id='par_1_23' title="bbox 306 4405 1495 4570">
     <span class='ocr_line' id='line_1_36' title="bbox 306 4405 1495 4480; baseline -0.009 -16"><span class='ocrx_word' id='word_1_308' title='bbox 306 4411 454 4480; x_wconf 80' lang='lat' dir='ltr'><strong>singularis.</strong></span> <span class='ocrx_word' id='word_1_309' title='bbox 473 4411 500 4462; x_wconf 87' lang='lat' dir='ltr'><strong>Z.</strong></span> <span class='ocrx_word' id='word_1_310' title='bbox 521 4438 552 4447; x_wconf 92' lang='lat'><em>-</em></span> <span class='ocrx_word' id='word_1_311' title='bbox 572 4408 603 4478; x_wconf 87' lang='lat' dir='ltr'><strong>e)</strong></span> <span class='ocrx_word' id='word_1_312' title='bbox 622 4408 669 4462; x_wconf 80' lang='lat' dir='ltr'><strong>sed</strong></span> <span class='ocrx_word' id='word_1_313' title='bbox 688 4411 715 4461; x_wconf 87' lang='grc'><strong>11</strong></span> <span class='ocrx_word' id='word_1_314' title='bbox 732 4407 760 4459; x_wconf 86' lang='grc' dir='ltr'><strong>Ζ.</strong></span> <span class='ocrx_word' id='word_1_315' title='bbox 777 4434 805 4445; x_wconf 91' lang='grc'>-</span> <span class='ocrx_word' id='word_1_316' title='bbox 819 4406 851 4477; x_wconf 82' lang='lat' dir='ltr'><strong>f)</strong></span> <span class='ocrx_word' id='word_1_317' title='bbox 866 4407 938 4478; x_wconf 89' lang='lat' dir='ltr'><strong>quod</strong></span> <span class='ocrx_word' id='word_1_318' title='bbox 956 4407 1073 4478; x_wconf 73' lang='lat' dir='ltr'><strong>graciam</strong></span> <span class='ocrx_word' id='word_1_319' title='bbox 1095 4407 1147 4460; x_wconf 89' lang='lat' dir='ltr'><strong>inv.</strong></span> <span class='ocrx_word' id='word_1_320' title='bbox 1166 4405 1194 4460; x_wconf 82' lang='lat' dir='ltr'><strong>Z,</strong></span> <span class='ocrx_word' id='word_1_321' title='bbox 1213 4435 1240 4446; x_wconf 90' lang='lat'><em>-</em></span> <span class='ocrx_word' id='word_1_322' title='bbox 1256 4407 1297 4478; x_wconf 67' lang='lat' dir='ltr'><strong>p)</strong></span> <span class='ocrx_word' id='word_1_323' title='bbox 1315 4426 1396 4462; x_wconf 78' lang='lat' dir='ltr'><strong>unum</strong></span> <span class='ocrx_word' id='word_1_324' title='bbox 1417 4409 1495 4463; x_wconf 73' lang='lat' dir='ltr'><strong>domi.</strong></span> 
     </span>
     <span class='ocr_line' id='line_1_37' title="bbox 309 4495 1193 4570; baseline -0.008 -15"><span class='ocrx_word' id='word_1_325' title='bbox 309 4520 372 4556; x_wconf 88' lang='lat' dir='ltr'><strong>num</strong></span> <span class='ocrx_word' id='word_1_326' title='bbox 385 4502 452 4558; x_wconf 80' lang='lat' dir='ltr'><strong>obeo</strong></span> <span class='ocrx_word' id='word_1_327' title='bbox 466 4517 493 4570; x_wconf 88' lang='lat' dir='ltr'><strong>p.</strong></span> <span class='ocrx_word' id='word_1_328' title='bbox 506 4498 571 4567; x_wconf 81' lang='lat'><strong>320,</strong></span> <span class='ocrx_word' id='word_1_329' title='bbox 584 4516 627 4552; x_wconf 86' lang='lat' dir='ltr'><strong>no.</strong></span> <span class='ocrx_word' id='word_1_330' title='bbox 640 4498 685 4555; x_wconf 83' lang='lat' dir='ltr'><strong>2l.</strong></span> <span class='ocrx_word' id='word_1_331' title='bbox 705 4525 740 4536; x_wconf 90' lang='lat'><em>-</em></span> <span class='ocrx_word' id='word_1_332' title='bbox 758 4495 792 4565; x_wconf 86' lang='lat' dir='ltr'><strong>b)</strong></span> <span class='ocrx_word' id='word_1_333' title='bbox 808 4497 854 4550; x_wconf 89' lang='lat' dir='ltr'><strong>tali</strong></span> <span class='ocrx_word' id='word_1_334' title='bbox 867 4497 895 4550; x_wconf 86' lang='lat' dir='ltr'><strong>Z.</strong></span> <span class='ocrx_word' id='word_1_335' title='bbox 912 4527 939 4537; x_wconf 89' lang='lat'>-</span> <span class='ocrx_word' id='word_1_336' title='bbox 955 4495 984 4566; x_wconf 77' lang='lat' dir='ltr'><strong>i)</strong></span> <span class='ocrx_word' id='word_1_337' title='bbox 998 4514 1052 4567; x_wconf 88' lang='lat' dir='ltr'><strong>quc</strong></span> <span class='ocrx_word' id='word_1_338' title='bbox 1064 4498 1086 4552; x_wconf 91' lang='lat' dir='ltr'>V</span> <span class='ocrx_word' id='word_1_339' title='bbox 1098 4496 1151 4550; x_wconf 87' lang='lat' dir='ltr'><strong>und</strong></span> <span class='ocrx_word' id='word_1_340' title='bbox 1166 4496 1193 4549; x_wconf 82' lang='lat' dir='ltr'><strong>Z.</strong></span> 
     </span>
    </p>
   </div>
   <div class='ocr_carea' id='block_1_11' title="bbox 0 0 1576 5116">
    <p class='ocr_par' dir='ltr' id='par_1_24' title="bbox 0 0 1576 5116">
     <span class='ocr_line' id='line_1_38' title="bbox 0 0 1576 5116; baseline 0 0"><span class='ocrx_word' id='word_1_341' title='bbox 0 0 1576 5116; x_wconf 95' lang='lat' dir='ltr'><strong> </strong></span> 
     </span>
    </p>
   </div>
  </div>
 </body>
</html>
