3168 5124
319 301 342 370 o

408 477 598 543 Cordinoles
627 475 779 544 diaconos
811 479 864 542 cel
887 473 1166 560 subdiaconum),
1183 473 1313 540 abbatos
1339 474 1518 561 simplices,
1582 469 1583 524 l

313 587 496 674 prepositos
527 590 558 648 et
589 587 674 650 ciros
705 587 874 675 relipo‘osos
906 591 936 650 et
966 605 1073 651 omnes
1100 583 1270 668 inferioris
1300 583 1426 670 produc
1456 588 1519 646 tam

317 695 444 766 seminas
476 695 633 777 religiosas
666 715 755 779 quam
786 697 866 760 viros
898 716 957 761 nno
988 694 1075 758 modo
1108 693 1232 757 salutat:
1271 691 1351 754 viros
1388 690 1522 774 appellat

307 805 467 880 ,dilemur
498 806 529 878 in
561 805 679 868 Christo
711 804 821 878 lilios“‚
859 807 985 870 feminas
1020 803 1165 880 ,dilectas
1195 803 1227 865 in
1258 801 1377 865 Christo
1408 799 1520 874 lilias“,

322 914 475 978 omnibus:
502 913 649 988 „salutem
666 919 697 977 et
712 915 907 997 apostolicam
923 913 1196 978 benedictionem“.

409 1025 624 1113 Imperatores
646 1026 766 1090 salutat
789 1024 848 1087 hoc
875 1025 978 1088 modo:
1008 1023 1164 1104 Eugenius
1186 1021 1348 1104 episcopus
1371 1039 1440 1083 ss.
1462 1020 1521 1084 Dei
1581 1047 1583 1138 ἱ

319 1134 429 1198 dilecto
444 1135 475 1196 iu
492 1133 610 1196 Christo
626 1131 685 1195 lilio
702 1152 738 1195 ac
755 1131 835 1196 lideli
852 1155 905 1198 suo
922 1133 1118 1196 invictissimo
1134 1133 1333 1195 Romanorum
1345 1130 1520 1212 imperatori
1582 1141 1583 1146 ’

319 1250 349 1308 et
366 1262 486 1325 semper
501 1249 629 1324 augusto
647 1243 774 1306 salutem
790 1250 821 1307 et
836 1244 1032 1326 apostolicam
1053 1241 1305 1306 benedictionem.
1338 1240 1391 1304 Sic
1414 1239 1522 1304 scribit

282 1383 293 1407 ·
319 1327 517 1417 Romanorum
534 1353 599 1434 regi
616 1352 747 1416 nondum
764 1360 924 1426 coronato,
940 1351 1118 1436 appellando
1135 1371 1203 1416 enm
1219 1350 1395 1434 simpliciter
1415 1368 1521 1431 regem

318 1463 365 1526 vel
383 1462 512 1526 electum
527 1463 660 1525 Romane
677 1463 816 1526 ecclesie.
851 1463 994 1527 Similiter
1010 1461 1115 1525 scribit
1130 1461 1322 1550 imperatori
1337 1459 1520 1526 Constanti-

321 1574 523 1660 nopolitano,
547 1571 724 1654 appellando
747 1591 815 1636 eum
837 1572 978 1640 dilectum
994 1571 1026 1634 in
1042 1571 1161 1636 Christo
1183 1569 1275 1646 lilium
1291 1574 1322 1634 et
1337 1571 1424 1650 regni
1440 1569 1521 1633 Con-

322 1681 577 1764 stantinopolitani
593 1679 838 1762 gubernatorem,
855 1683 993 1755 salutem,
1010 1687 1159 1764 utsupra.

412 1789 599 1856 suscribit
614 1792 888 1857 Jerusalemitano
905 1800 935 1858 et
951 1793 1024 1880 repi
1037 1791 1196 1858 Francia:
1219 1789 1374 1872 Eugenius
1392 1794 1451 1853 etc.
1471 1788 1522 1852 dil.

322 1902 353 1964 in
369 1900 488 1964 Christo
504 1899 563 1962 lilio
577 1900 761 1964 Francorum
776 1901 883 1964 illustri
899 1901 1054 1983 regitino
1070 1899 1220 1964 katholico
1237 1917 1272 1961 ac
1290 1898 1524 1962 Christianitatis

321 2009 465 2075 imitatori
481 2007 520 2097 ὂ)
537 2010 674 2082 salutem,
690 2016 841 2093 utsupra.

412 2119 583 2182 Notandum
606 2119 712 2194 etiam,
736 2120 816 2203 quod
840 2120 975 2202 dominus
992 2138 1070 2202 papa
1100 2120 1211 2185 nullum
1237 2097 1450 2203 imperatorem
1478 2122 1526 2186 vel

322 2247 426 2311 regem
454 2227 600 2311 appellat,
623 2229 678 2292 sed
700 2228 819 2293 fidelem
847 2235 877 2293 et
906 2229 1047 2293 dilectum
1076 2249 1178 2303 suum,
1206 2230 1263 2293 nisi
1291 2249 1376 2303 eum,
1406 2230 1457 2314 qui
1479 2236 1527 2295 est

323 2338 496 2402 inlaudatus
513 2338 551 2400 ab
569 2339 700 2402 ecclesia
716 2340 858 2402 Romana.

412 2449 583 2535 Principes
604 2471 668 2514 oon
690 2449 866 2515 katholicos
889 2451 933 2513 sio
957 2451 1081 2514 salutat:
1105 2449 1260 2530 Eugenius
1284 2451 1446 2533 episcopus
1465 2458 1523 2516 ete.

324 2560 560 2634 Sarracenornm
576 2558 642 2639 regi
658 2558 705 2622 vel
728 2559 866 2623 soldano:
892 2560 1019 2624 salutem
1040 2558 1125 2622 vobis
1149 2579 1208 2623 uon
1231 2559 1442 2643 impendimus,
1468 2583 1526 2624 nou

323 2668 404 2751 quod
435 2688 537 2731 veram
569 2667 696 2732 salutem
726 2674 857 2733 vestram
886 2690 945 2733 non
973 2669 1197 2742 desideramus,
1229 2670 1284 2733 sed
1311 2671 1392 2752 quod
1424 2692 1528 2735 veram

323 2777 467 2850 salutem,
488 2777 594 2841 lesum
615 2776 768 2840 Christum
789 2797 845 2860 pro
862 2778 957 2842 salute
975 2779 1095 2842 humani
1111 2780 1234 2861 generis
1253 2778 1444 2853 crucifixum,
1468 2800 1528 2844 non

324 2887 458 2960 creditis,
471 2891 502 2950 et
515 2885 654 2969 quoniam
668 2886 822 2950 christiani
835 2889 961 2951 nominis
977 2889 1167 2971 professores
1179 2888 1301 2953 allicere
1314 2909 1374 2952 non
1387 2891 1527 2954 cessatis.

413 2997 731 3071 Eroommuaicotos,
760 2999 963 3070 interdictos,
992 2999 1167 3073 hereticos,
1195 3000 1304 3064 iudeos
1332 3000 1377 3061 sic
1399 2999 1528 3067 salutat:

322 3107 477 3189 Eugenius
501 3111 559 3169 etc.
583 3106 635 3168 tali
658 3109 924 3184 excommunicato.
959 3105 1045 3189 Quod
1066 3106 1153 3170 robis
1182 3107 1368 3172 salutationis
1396 3110 1528 3190 gratiam

322 3236 382 3279 non
409 3215 625 3298 impendimus,
652 3234 712 3278 non
733 3215 765 3279 id
787 3215 882 3280 eflicit
903 3224 1005 3280 nostra
1029 3217 1163 3289 duricia,
1191 3218 1245 3280 sed
1269 3217 1305 3280 de
1328 3219 1437 3282 vestris
1454 3219 1529 3284 illud

323 3325 502 3408 perniciosis
520 3323 696 3388 excessibus
713 3325 880 3390 dinoscitur
896 3346 1045 3389 emanare.

413 3435 470 3498 Alii
486 3435 541 3502 viri
557 3434 700 3498 katholici
717 3435 787 3497 dum
803 3435 912 3499 talibus
930 3436 1065 3500 scribunt
1081 3457 1115 3498 se
1126 3442 1297 3519 proponunt
1314 3443 1344 3500 et
1355 3457 1410 3520 pro
1428 3439 1528 3502 salute

322 3546 381 3609 hoc
410 3543 609 3608 concludunt:
639 3546 786 3608 recedere
815 3565 832 3608 a
859 3547 936 3609 malo
960 3552 990 3610 et
1012 3547 1115 3609 lacere
1137 3545 1248 3609 honum
1269 3547 1332 3609 vel:
1357 3547 1394 3610 de
1418 3548 1529 3629 spiritu

323 3653 533 3720 obstinationis
551 3654 589 3716 ad
606 3655 743 3737 spiritum
760 3653 931 3720 obedientie
949 3675 981 3717 se
998 3655 1173 3719 transferre.
1582 3739 1583 3742 Ἴ

414 3765 608 3830 Potriorebe
622 3766 671 3830 sie
686 3766 830 3832 scribunt
846 3766 971 3830 domino
987 3786 1072 3851 pope
1088 3763 1176 3828 modo
1192 3764 1429 3830 incommutabili
1446 3769 1530 3831 omni

322 3881 475 3957 tempore:
513 3850 635 3938 Summo
663 3875 693 3936 in
722 3874 840 3937 Christo
868 3875 946 3956 patri
974 3880 1005 3936 et
1033 3873 1151 3937 domino
1178 3875 1314 3955 Eugenio
1341 3875 1399 3938 Dei
1428 3879 1531 3958 gratia

213 4008 258 4050 ra.
269 4009 282 4048 r
293 4010 312 4049 a.
325 3989 519 4049 sacrosancte
537 3984 667 4046 ecclesie
684 4003 798 4048 summo
815 3983 947 4065 pontifici
962 3985 996 4047 Α.
1016 3984 1121 4047 eadem
1138 3985 1235 4065 gratia
1256 3985 1324 4047 talis
1340 3987 1529 4068 patriarcha,

322 4096 394 4160 licet
409 4094 568 4175 indignus,
585 4093 712 4157 salutem
726 4094 758 4156 in
775 4093 911 4157 omnibns
929 4099 989 4177 tam
1013 4092 1144 4156 debitam
1166 4112 1256 4176 quam
1272 4095 1464 4176 condignam.
1482 4136 1529 4146 -

324 4206 377 4271 Sic
406 4202 542 4268 scribunt
569 4221 673 4268 omnes
701 4203 886 4275 cardinales,
919 4202 1156 4285 archiepiscopi,
1188 4202 1324 4286 episcopi
1357 4210 1388 4269 et
1422 4226 1529 4270 omnes

322 4335 452 4400 persone
466 4313 674 4390 ecclesiastice
686 4313 843 4398 utriusque
855 4333 956 4388 sexus,
968 4313 1089 4379 mutatis
1102 4312 1230 4395 propriis
1244 4312 1413 4377 nominibus
1427 4315 1530 4397 digni·
1582 4347 1583 4352 ¹

323 4432 419 4491 tatum
435 4431 467 4490 et
483 4423 659 4491 officiorum.
1482 4409 1488 4422 ⁸

415 4554 449 4624 c)
464 4552 586 4609 subditos
602 4553 632 4609 V.
656 4584 683 4594 -
700 4552 733 4624 b)
747 4545 906 4610 imitatorem
919 4549 950 4607 V.
