3108 5118
633 763 696 835 76.

431 941 630 1006 nonarum
647 961 700 1008 rex
717 943 748 1007 ll.
766 945 890 1009 clvlbns.

623 1102 703 1158 1276.

55 1243 142 1316 116319
154 1245 263 1318 liudolf
280 1249 364 1302 danice
385 1248 461 1304 einer
482 1249 561 1305 Stant
580 1249 630 1319 fair
650 1248 710 1304 inre
729 1245 918 1322 Erpcdenbeit,
941 1251 1032 1306 nimmt
1052 1251 1093 1306 eie
1115 1252 1143 1304 in
1164 1249 1257 1306 scinco

54 1334 150 1389 Sobata
164 1339 222 1391 und
230 1338 340 1410 forderl
351 1339 392 1395 aie
404 1339 463 1412 crof,
474 1340 534 1394 dem
550 1341 653 1412 Grnfen
666 1340 794 1396 Heinrich
807 1359 855 1397 con
869 1341 1059 1414 Furelenbcrp,
1079 1342 1131 1397 {len
1150 1361 1181 1396 er
1197 1361 1256 1398 zum

53 1428 150 1481 llectcr
172 1427 238 1482 cler
260 1430 306 1484 die
329 1431 409 1486 stan
430 1433 487 1487 nnd
507 1431 567 1489 ihre
593 1434 742 1506 Urnpcdnnp
762 1431 899 1503 pemccbt,
931 1431 1091 1503 ebrerbielip
1118 1433 1164 1488 mit
1185 1432 1254 1488 natu

575 1523 733 1580 6313331363.

145 1664 227 1719 Gerb.
242 1667 268 1727 2,
282 1667 327 1722 ll.
341 1668 453 1733 Stobbe,
468 1687 511 1724 no.
524 1668 588 1724 262.

143 1813 223 1875 Dum
252 1813 445 1879 consciencie
473 1822 575 1881 nostre
599 1817 751 1881 volumina
775 1816 974 1888 revolvimus,
1008 1816 1078 1880 dum
1103 1816 1257 1880 subiectas

52 1920 179 2006 imperio
199 1922 351 1996 civitates,
375 1929 478 1988 nostro
497 1925 618 1989 culmini
636 1945 712 2011 pure
732 1925 906 1990 devocionis
926 1925 1054 1990 enxenia
1071 1924 1112 2010 a]
1128 1947 1256 2011 presen-

51 2036 163 2103 tantes,
192 2032 222 2094 in
252 2035 475 2116 speculacicnis
502 2037 588 2116 regie
617 2037 740 2120 speculo
770 2037 1025 2119 contemplamur,
1057 2035 1095 2098 ad
1124 2042 1256 2100 vestram

52 2141 228 2224 specialiter
244 2141 397 2206 civitatem
426 2143 521 2206 aciem
549 2145 659 2207 mentis
689 2150 790 2207 nostre
819 2145 1039 2215 convertimus,
1075 2144 1162 2208 nobis
1185 2143 1255 2208 fidei

50 2249 166 2314 illibate
183 2251 345 2335 premieias
359 2252 543 2315 offerentem.
564 2256 645 2318 Sane
658 2253 688 2316 id
706 2273 795 2337 qnam
811 2253 929 2337 placide
947 2258 978 2316 et
995 2274 1084 2337 quam
1100 2259 1258 2336 gratanter

50 2360 278 2443 acceperimus,
304 2360 449 2443 quamsit
466 2362 654 2446 acceptabile
677 2381 828 2446 quamque
850 2365 1058 2444 generativum
1080 2362 1256 2445 13333616)

48 2468 193 2551 tripudii,
224 2471 304 2552 quod
327 2470 427 2534 native
449 2471 594 2534 bonitatis
619 2471 741 2536 accensi
763 2471 945 2554 tlagrancia,
974 2472 1072 2555 qnod,
1100 2471 1131 2534 in
1147 2470 1258 2534 vestris

48 2578 221 2662 precordiis
250 2579 387 2643 clarioris
415 2579 485 2643 tidei
513 2581 656 2644 rutilante
685 2581 831 2652 scintilla,
867 2602 921 2645 vos
956 2580 1067 2644 nostris
1090 2581 1128 2644 ad
1151 2600 1258 2645 vocem

50 2690 171 2750 tantum
187 2687 331 2752 iussionis
355 2690 444 2753 nnius
461 2690 644 2755 devoventes
667 2691 838 2776 obsequiis,
867 2690 994 2754 nuncios
1017 2695 1153 2762 nostros,
1183 2709 1259 2775 quos

49 2798 87 2859 ad
104 2819 162 2860 vos
185 2800 426 2870 transmisimus,
448 2805 508 2862 tam
532 2801 737 2885 sollempniter
753 2806 783 2863 et
799 2806 860 2864 tam
877 2799 1042 2864 honorifice
1059 2799 1256 2884 suscepistis:

48 2907 193 2971 affectum
222 2914 357 2972 nostrum
381 2929 473 2993 super
499 2910 558 2974 hoc
580 2912 714 2994 perfecte
743 2909 909 2992 exprimere
932 2930 991 2972 non
1018 2928 1180 2993 possumus
1203 2929 1259 2994 per

48 3018 203 3081 effectum.
238 3019 301 3081 llec
328 3023 398 3080 sunt
427 3019 506 3081 enim
535 3019 699 3082 laudabilia
728 3020 865 3103 preclare
893 3018 1014 3081 virtutis
1042 3017 1171 3088 indicia,
1199 3019 1258 3082 bec

48 3133 120 3190 sunt
152 3125 276 3209 inquam
300 3132 384 3190 certa
407 3127 609 3211 experimenta
633 3129 808 3208 constancie
835 3134 865 3190 et
886 3126 1056 3190 infallibilia
1072 3125 1257 3210 probitatum

46 3237 159 3299 eximia
178 3241 367 3316 argumenta,
392 3236 422 3298 in
440 3237 551 3320 quibus
566 3238 630 3300 Deo
649 3258 708 3321 que
724 3238 780 3304 Dei
798 3243 868 3300 sunt
885 3241 916 3300 et
933 3257 992 3322 que
1010 3235 1132 3300 Cesaris
1150 3234 1255 3300 633331

45 3348 202 3410 63313333
230 3344 415 3409 reddidistis.
460 3345 557 3428 Igitur
591 3347 681 3411 velud
708 3348 802 3409 multe
830 3346 996 3409 swavitatis
1024 3345 1256 3410 oblectamentis

46 3454 198 3520 deliciose
215 3453 333 3524 relecti,
358 3474 450 3537 super
466 3460 528 3517 tam
544 3447 624 3536 grati
642 3459 672 3517 et
687 3447 758 3518 tam'
768 3454 897 3518 ultronei
916 3453 1103 3551 exhibicione
1121 3452 1253 3524 servicii,

45 3585 105 3650 quo
138 3583 213 3634 333,
250 3562 464 3644 generositatis
493 3563 571 3626 avite
600 3582 792 3647 nequaquam
817 3563 1025 3633 immemores,
1054 3561 1138 3643 regio
1162 3561 1257 3624 bene·

43 3673 163 3760 placito
181 3671 367 3756 coaptastis‚
397 3671 434 3734 ad
448 3678 556 3753 ¹grates
573 3670 660 3735 vobis
676 3672 845 3736 uberrimas
862 3672 1060 3742 inclinamus,
1088 3669 1257 3733 incommu-

40 3781 133 3846 tabili
152 3779 255 3844 animo
272 3779 485 3863 disponentes,
513 3801 567 3843 vos
591 3785 621 3843 et
644 3779 797 3844 civitatem
820 3780 1004 3864 predictam,
1034 3797 1124 3864 qnam
1141 3779 1258 3844 indele-

41 3892 113 3956 bilis
144 3889 258 3953 unione
285 3889 459 3954 tenacitatis
480 3891 512 3952 in
536 3897 655 3954 nostros
672 3891 836 3954 familiares
854 3890 1008 3974 amplexus
1027 3890 1257 3973 assumpsimus,

46 4001 158 4085 amplis
176 4003 303 4084 propter
319 3998 379 4061 hoe
395 3996 775 4080 magnificarelavoribus,
794 4017 830 4061 ac
845 3999 993 4062 honorum
1011 4004 1041 4060 et
1056 3995 1256 4062 benificencie

44 4109 153 4192 tytulis
172 4107 338 4192 ampliare,
363 4111 395 4170 ut
423 4106 454 4170 13
483 4107 614 4171 adventu
644 4107 761 4171 cesarei
778 4106 817 4189 c)
833 4112 1020 4191 potentatus,
1043 4107 1095 4190 qui
1111 4104 1257 4169 terribilis

46 4216 198 4301 inquietis
240 4219 269 4278 et
306 4215 492 4287 rebellibus,
537 4215 624 4280 vobis
659 4235 731 4280 vero
765 4220 939 4278 mansuetus
970 4214 1127 4284 adveniet,
1160 4213 1256 4298 pulsis

47 4325 205 4389 demedio
222 4324 333 4388 bellice
349 4325 540 4408 tempestatis
557 4323 747 4396 horroribus,
759 4325 847 4388 cuius
864 4325 956 4405 longa
972 4323 1131 4387 calamitas
1147 4321 1257 4386 taciem

128 4525 163 4596 a)
178 4524 272 4579 exenia
283 4524 315 4578 V.
327 4527 446 4596 exempla
461 4525 587 4596 llerrgott
600 4523 667 4579 Gen.
678 4523 704 4589 2,
714 4524 741 4588 2,
755 4523 857 4577 ⁴llil.-
867 4523 900 4592 6)
911 4521 1026 4578 facundii
1037 4519 1146 4590 V.-c)
1156 4523 1257 4575 cesarei

50 4618 203 4690 potestatis
217 4616 294 4672 stand
310 4614 500 4686 ursprdaglicb
508 4634 516 4680 ;
530 4615 707 4672 dasLetatere
721 4615 757 4670 ist
770 4614 838 4668 (1333
852 4612 877 4666 13
890 4617 1045 4684 potentatus
1058 4612 1258 4668 3336333311.
1345 4653 1346 4660 ,

115 4719 214 4795 Pontes.
225 4719 296 4766 Abtb.
308 4717 335 4764 ΙΙ.
348 4719 389 4764 Btl.
401 4717 469 4764 XXV·
1001 4704 1037 4760 19
