3108 5118
311 326 389 396 276

308 501 401 562 altero
430 496 603 567 deliciante,
626 498 706 579 quod
733 497 829 567 absit,
861 499 890 560 in
919 498 1061 568 solidum,
1086 517 1144 580 quo
1174 501 1210 562 ad
1240 500 1320 562 dicte
1347 502 1497 581 provincie

307 607 440 687 regimen
456 606 523 667 vice
540 607 635 667 nostri
653 605 779 667 nominis
797 612 991 688 exequantur.

399 712 589 794 Quapropter
604 713 831 776 universitatem
847 720 977 778 vestram
994 715 1163 783 hortamur,
1190 715 1275 795 regio
1296 713 1384 776 vobis
1401 715 1494 778 edicto

305 822 500 891 mandantes,
528 826 674 902 quatenus
697 841 766 890 eos,
795 840 870 903 quos
893 822 980 884 velud
1003 821 1188 903 ymaginarie
1211 827 1314 885 nostre
1337 823 1494 903 presencie

304 929 389 992 vobis
420 934 644 1010 presentamus,
676 947 730 1009 pro
763 936 865 992 nostra
899 931 1075 992 reverencia
1107 930 1280 1012 suscipiatis
1308 931 1443 992 hilariter
1467 938 1496 992 et

303 1037 444 1118 benigne,
460 1036 611 1099 fidelitatis
628 1035 714 1098 nobis
733 1034 833 1098 debite
847 1043 949 1099 nostro
962 1037 1081 1099 nomine
1098 1038 1233 1118 prestitis
1250 1039 1294 1099 eis
1312 1038 1492 1108 iuramentis,

303 1151 335 1209 ul
356 1146 387 1207 in
416 1144 552 1207 omnibus
582 1143 618 1206 ad
647 1163 702 1206 nos
731 1147 852 1206 racione
881 1146 997 1226 imperii
1021 1145 1244 1226 pertinentibus
1266 1145 1341 1226 ipsis
1363 1144 1395 1206 in
1418 1145 1492 1206 omni

301 1251 536 1337 promptitudine
569 1250 690 1331 spiritus
721 1251 863 1331 pareatis.
910 1253 972 1314 Nos
1005 1253 1083 1314 enim
1114 1253 1144 1314 in
1177 1251 1333 1323 omnibus,
1367 1270 1427 1332 que
1455 1252 1491 1314 ad

300 1359 534 1440 gubernacionis
558 1364 697 1439 spectant
719 1357 861 1429 officium,
884 1360 1000 1442 plenam
1025 1360 1054 1420 in
1077 1379 1129 1420 eos
1151 1361 1343 1440 presencium
1363 1361 1492 1424 auctori·
1531 1357 1532 1362 ’

301 1473 361 1531 tate
377 1465 612 1530 transfundimus
629 1469 818 1547 potestatem.

870 1779 933 1850 65.

642 1959 834 2020 Romanorum
852 1977 904 2020 rer
923 1957 1040 2020 domino
1058 1976 1147 2041 pape.

855 2115 934 2166 1275.

295 2260 382 2330 Kdm'p
406 2258 509 2329 liudolf
532 2259 605 2314 bitte!
633 2260 738 2331 Greyor
763 2260 813 2322 X.,
840 2260 891 2312 den
917 2277 974 2311 zum
999 2258 1159 2331 Erchiecdof
1180 2277 1227 2312 uon
1256 2261 1321 2313 Coos
1349 2259 1488 2315 emender

593 2350 731 2420 Sieqsrr'ed
744 2366 792 2401 von
811 2348 981 2419 chtcrdurq
994 2367 1025 2401 zu
1039 2349 1190 2419 dcetdtt‘qen.

391 2496 504 2548 Gerbert
517 2494 543 2556 2,
555 2494 582 2555 2.

393 2640 474 2702 lnter
503 2645 616 2709 cetera,
645 2657 770 2720 quorum
799 2640 908 2725 nosa)
925 2638 1051 2720 pervigil
1083 2659 1154 2700 eura
1183 2637 1341 2706 sollicitat,
1372 2655 1493 2720 quorum
1531 2633 1532 2636 ’

297 2745 506 2807 desiderabilis
524 2746 714 2827 exspectacio
737 2751 867 2808 mentem
889 2752 1022 2808 nostram
1045 2745 1177 2826 exagitat
1199 2746 1399 2816 incessanter,
1422 2745 1490 2806 illud
1531 2825 1532 2828 Ἴ

294 2854 453 2937 tranquillo
486 2857 591 2915 sancte
623 2853 724 2915 matris
758 2854 887 2916 ecclesie
926 2854 1032 2922 statui,
1070 2852 1280 2915 reformaeioni
1320 2852 1491 2915 divulsionis

294 2961 412 3042 imperii
444 2981 480 3022 ac
519 2959 654 3022 subsidio
684 2966 764 3022 terre
796 2967 901 3022 sancte
932 2961 1121 3043 potissimum
1154 2960 1304 3023 credimus
1339 2961 1490 3044 expedire,

295 3070 376 3150 quod
393 3068 521 3130 ecclesie
544 3067 631 3148 regni
653 3067 823 3148 Alymanie,
852 3067 995 3130 destitute
1023 3067 1212 3149 pastoribus,
1242 3087 1319 3131 nova
1348 3088 1490 3131 novorum

294 3195 471 3258 sponsorum
508 3175 727 3238 substilucione
763 3175 926 3239 refloreant
959 3181 988 3239 et
1019 3176 1198 3256 provisionis
1238 3180 1340 3256 optate
1379 3173 1489 3237 solacio

293 3290 478 3348 recreentur.
511 3285 591 3346 lnler
620 3302 693 3364 quas
722 3283 824 3364 utique
848 3271 958 3366 quanto
981 3284 1152 3365 presignius
1181 3283 1298 3346 cunctis
1325 3283 1491 3346 reverenda

292 3394 329 3458 N.
363 3391 537 3456 monasterii
570 3390 699 3453 ecclesia
732 3388 770 3473 b)
801 3390 929 3460 renitet,
968 3395 1078 3472 quanto
1111 3390 1257 3452 maiorum
1288 3391 1489 3472 periculorum

293 3507 323 3565 et
345 3499 595 3583 persecucionum
623 3496 764 3580 procellis
792 3498 944 3578 impetitur
974 3504 1004 3561 et
1030 3498 1241 3560 torbacionum
1270 3477 1489 3562 calamitatibus

292 3609 476 3691 inpulsatur,
508 3611 591 3669 tanto
625 3603 842 3667 celebrioribus
875 3604 991 3688 indiget
1021 3612 1121 3670 vestre
1152 3613 1278 3688 paterne
1310 3607 1488 3690 provisionis

293 3716 409 3780 auxiliis
437 3713 598 3778 sublevari.
631 3713 670 3776 ut
699 3713 837 3796 quoniam
866 3713 1047 3776 venerabilis
1069 3713 1122 3783 Ε.,
1152 3712 1287 3776 eiusdem
1316 3715 1488 3780 monasterii

294 3824 421 3893 electus,
443 3821 584 3884 laudabili
606 3820 786 3902 perhibente
809 3821 847 3906 e)
870 3820 1040 3883 testimonio
1064 3820 1268 3902 plurimorum,
1291 3823 1488 3885 aiuventutis

292 3952 346 3994 sue
369 3931 512 4013 primiciis
530 3949 649 4011 semper
672 3930 764 3993 fultus
782 3929 823 4012 d)
846 3935 965 3992 caterva
990 3929 1146 4000 virtutum,
1174 3931 1302 3992 honeste
1326 3951 1488 3994 conversa-

293 4041 388 4104 cionis
413 4046 443 4101 ct
464 4039 524 4102 vite
547 4039 660 4110 luisse,
687 4039 852 4100 eommunis
880 4041 959 4101 fame
987 4041 1131 4121 preconio
1158 4040 1350 4121 predicatur:
1381 4061 1437 4123 pro
1455 4060 1487 4101 eo

291 4154 392 4210 vestre
424 4144 602 4209 beatitudini
636 4146 856 4228 supplicamus,
889 4152 1053 4229 quatenus,
1088 4168 1154 4210 cum
1186 4147 1324 4230 predicta
1358 4148 1486 4211 eeclesia

383 4342 418 4411 a)
428 4359 592 4410 quorumnos
600 4342 677 4394 anili.
690 4340 801 4409 V.-o)
809 4343 931 4411 preclara
941 4345 1155 4400 etvenerandac
1162 4345 1354 4398 oloniensis
1369 4343 1484 4398 ecclesia

293 4433 373 4485 Gerb.
388 4461 420 4471 -
435 4433 466 4502 c)
486 4433 519 4485 ut
541 4433 602 4501 quia
627 4431 656 4484 N.
680 4431 801 4486 laudabili
826 4435 983 4502 perhibente
1003 4436 1152 4490 testimonio
1176 4439 1226 4488 ele.
1249 4435 1329 4488 Gerb.
1345 4463 1379 4476 -·
1395 4435 1431 4500 d)
1447 4436 1484 4488 iu·

293 4521 375 4576 fultus
390 4523 416 4573 Z.
