3116 5124
273 317 348 389 120

261 492 400 556 virtutum
425 493 522 577 gratia
544 493 769 577 propellentem.
800 494 926 578 Propter
948 492 1029 578 quod
1051 492 1089 554 ad
1113 510 1278 574 personam
1301 494 1387 552 tuam
1403 492 1466 551 tota

259 601 367 665 mentis
384 608 485 666 nostre
502 600 622 666 affectio
640 602 788 683 dirigitur,
805 609 836 666 et
852 603 982 666 assiduis
999 609 1029 666 te
1046 601 1182 665 brachiis
1201 599 1335 665 materni
1353 597 1464 662 amoris

260 710 461 793 amplectens,
492 710 523 774 in
549 710 609 774 tuis
640 710 784 793 preclaris
813 707 970 795 operibus,
1002 718 1144 795 tanquam
1175 711 1207 773 in
1236 707 1335 773 swani
1372 706 1466 770 odore
1549 745 1550 750 κ

260 825 426 883 aromatum
441 820 608 883 delectatur
623 823 654 883 et
670 818 885 904 quodammodo
902 826 1068 892 recreatur,
1085 819 1224 902 cogitans
1243 838 1370 901 semper
1387 816 1468 880 etin

260 928 360 992 cordis
376 909 540 994 secretario
557 928 724 1000 revolvens,
740 929 804 1013 quit
819 928 859 1016 a)
875 928 929 994 tibi
946 928 1055 1012 gratie,
1073 929 1136 1014 quit
1151 928 1265 993 favoris
1283 927 1346 992 tilio
1363 924 1465 1010 possit

258 1038 423 1120 inpendere
440 1045 499 1102 tam
514 1037 664 1121 precelso,
680 1044 710 1102 et
726 1037 832 1122 quibus
849 1036 1091 1102 honoriticenciis
1108 1059 1194 1103 suum
1211 1043 1325 1103 statum
1342 1037 1467 1121 magni·
1552 1061 1553 1066 ¹

259 1145 349 1211 ticum
362 1148 461 1211 valeat
474 1146 632 1228 insignire.
650 1147 730 1211 Sane
747 1146 915 1210 dilectionis
927 1153 978 1212 tue
991 1146 1079 1222 filios,
1092 1148 1272 1231 magistrum
1283 1147 1464 1221 Arnoldum,

260 1258 446 1340 capellanum
461 1263 594 1321 nostrum
611 1255 648 1342 b)
666 1260 696 1319 et
718 1256 782 1318 eius
804 1255 904 1320 socios
923 1256 978 1344 α),
994 1256 1120 1321 nuncios
1142 1263 1229 1331 tuos,
1253 1257 1337 1321 viros
1355 1259 1464 1342 utique
1552 1275 1553 1280 ’

260 1366 421 1430 industrios
437 1372 467 1431 ct
478 1366 642 1451 prudentes
657 1369 687 1428 et
699 1363 729 1427 in
745 1365 905 1430 commisso
923 1366 967 1429 eis
984 1365 1113 1449 negocio
1133 1367 1283 1432 sollicitos
1298 1374 1329 1431 et
1343 1367 1467 1441 fideles,
1552 1395 1553 1398 ¹

260 1496 335 1560 quos
351 1476 501 1540 adsedem
516 1474 712 1558 apostolicam
720 1473 889 1547 destinasti,
906 1481 1060 1540 consueta
1073 1474 1264 1559 benignitate
1281 1478 1464 1561 recepimus

261 1593 292 1651 et
304 1607 340 1651 ea
352 1606 411 1670 que
423 1585 515 1649 iidem
531 1583 575 1648 tui
593 1583 693 1646 nuncii
705 1581 761 1668 β),
776 1582 898 1648 honoris
916 1590 1026 1669 tueque
1039 1585 1234 1649 exaltacionis
1253 1585 1366 1650 fervidi
1383 1588 1470 1652 zela-

261 1704 353 1765 tores,
369 1694 456 1760 nobis
472 1716 508 1757 ex
527 1698 613 1776 parte
634 1699 686 1756 tua
708 1697 826 1756 secrete
848 1713 885 1756 ac
906 1693 1026 1776 publice
1042 1696 1227 1768 retulerunt,
1251 1695 1466 1762 intelleximus

262 1806 431 1889 diligenter.
462 1803 572 1868 Verum
600 1801 669 1885 quia
692 1800 798 1864 eximia
825 1801 961 1867 karitatis
989 1823 1026 1866 ac
1054 1803 1177 1887 pietatis
1207 1825 1319 1888 opera,
1351 1807 1471 1890 quibus

263 1935 382 1998 semper
407 1932 537 1996 persona
564 1920 615 1978 tua
637 1910 715 1974 inter
736 1909 810 1974 alios
833 1911 1001 1978 katholicus
1025 1933 1116 1996 reges
1141 1921 1173 1978 et
1194 1915 1355 1999 principes
1384 1917 1473 1980 orbis

260 2035 342 2093 terre
369 2031 502 2102 refulsit,
529 2049 583 2112 pro
615 2033 646 2091 te
677 2026 756 2110 apud
786 2046 840 2089 nos
871 2031 902 2088 et
923 2027 1088 2090 Romanam
1120 2025 1303 2100 ecclesiam,
1337 2033 1474 2092 matrem

260 2143 357 2213 tuam,
391 2140 495 2204 sedulo
533 2157 570 2201 ac
605 2135 771 2200 efficaciter
803 2136 1009 2219 interpellant,
1046 2157 1102 2202 nos
1141 2135 1200 2200 hoc
1240 2157 1303 2200 non
1342 2137 1475 2220 indigne

220 2283 221 2288 κ
258 2253 439 2333 pensantes,
455 2233 698 2312 ¹considerantes
731 2245 838 2320 etiam,
876 2246 956 2329 quod
991 2245 1074 2309 fuisti
1107 2265 1229 2328 semper
1262 2245 1476 2310 ecclesiarum

259 2365 374 2422 amator
404 2357 566 2442 precipuus
599 2361 631 2440 et
663 2355 805 2418 defensor
845 2354 1005 2436 singularis
1045 2355 1258 2419 ecclesiastice
1297 2355 1468 2428 libertatis,

259 2468 380 2532 adletha
394 2468 432 2553 c)
463 2465 644 2531 fortissimus
664 2457 834 2528 'katholico
867 2462 937 2526 fidei
971 2483 1008 2527 ac
1041 2465 1143 2547 pugil,
1184 2463 1307 2528 iusticie
1349 2465 1471 2548 guber·
1555 2501 1557 2504 v

260 2585 356 2651 nator,
377 2579 568 2642 attendentes
591 2576 681 2638 etiam
696 2574 749 2661 d),
780 2573 860 2659 quod
897 2574 978 2636 circa
1014 2594 1177 2657 personam
1214 2581 1297 2640 tuam
1325 2575 1471 2640 inclitam

261 2693 291 2751 et
305 2687 465 2759 illustrem,
482 2686 610 2749 electam
626 2683 736 2747 dudum
754 2683 854 2767 utique
871 2681 911 2746 ad
926 2684 1091 2747 Romanum
1107 2684 1228 2747 culmen
1250 2684 1394 2767 imperii,
1432 2686 1473 2749 ad

258 2797 461 2861 inunctionem
482 2801 513 2858 et
528 2794 757 2858 coronacionem
779 2793 870 2856 etiam
891 2793 951 2856 iam
971 2812 1167 2875 processum,
1196 2801 1334 2858 nostrum
1365 2795 1410 2859 ad
1439 2801 1473 2859 te

257 2906 390 2971 totaliter
404 2905 564 2970 direximus
581 2903 721 2976 animum,
736 2900 820 2964 firmo
836 2900 1028 2965 intendentes
1041 2903 1210 2986 proposito,
1234 2908 1265 2967 et
1282 2903 1469 2969 intencione

258 3017 356 3082 stabili
373 3021 584 3101 permanentes
592 3013 633 3099 e)
640 3012 679 3077 ad
693 3013 737 3076 tui
753 3011 875 3076 honoris
892 3011 1149 3076 culmenl'rbenter
1158 3032 1337 3096 assurgere,
1351 3022 1471 3101 tueque

257 3125 443 3211 promocioni
458 3124 582 3188 firmiter
604 3129 635 3186 et
655 3123 806 3185 ferventer
827 3120 983 3184 intendere
1005 3141 1042 3184 ac
1064 3122 1104 3186 ad
1127 3142 1215 3187 omne
1238 3121 1356 3188 bonum
1381 3133 1470 3191 tuum

258 3236 423 3319 inpendere
440 3254 528 3318 opem
545 3240 575 3297 et
586 3249 714 3314 ¹operam
730 3229 895 3293 efficacem.

349 3346 388 3410 Et
403 3364 477 3408 ecce
490 3343 631 3406 dilectum
642 3339 733 3402 lilium
745 3343 879 3403 nostrum
891 3337 1131 3429 Galtheriumf)
1149 3340 1193 3427 p]
1209 3344 1471 3426 penitenciarium
1557 3364 1558 3367 ’

259 3463 409 3528 nostrum,
440 3453 534 3518 virum
568 3449 669 3533 utiquc
695 3448 840 3530 religione
863 3448 1075 3533 conspicuum,
1116 3450 1261 3518 moribus¹
1275 3460 1309 3519 et
1332 3457 1471 3522 scientia
1557 3456 1558 3505 l

258 3565 423 3649 preditum,
455 3561 602 3644 nobisque
631 3577 685 3620 sue
717 3556 832 3620 meritis
859 3555 1018 3640 probitatis
1046 3567 1226 3643 acceptum,
1259 3563 1301 3627 ad
1333 3587 1470 3650 regnum
1557 3594 1558 3627 3

258 3673 409 3739 Alamanie
426 3671 464 3735 ad
480 3671 613 3734 favorem
629 3672 711 3730 tuum
728 3664 900 3748 specialiter
916 3667 1053 3730 duximus
1067 3669 1296 3745 destinandum,
1309 3674 1470 3740 universis
1557 3726 1558 3767 p

257 3783 387 3868 predicti
402 3779 520 3863 imperii
535 3776 673 3841 lidelibus
689 3774 815 3857 aliisque
831 3775 1033 3857 magnatibus,
1050 3783 1112 3841 tam
1130 3779 1359 3846 ecclesiasticis
1378 3805 1471 3870 quam
1557 3780 1558 3783 '

258 3891 427 3962 mundanis,
443 3887 497 3952 tibi
513 3884 729 3950 adherentibus
751 3889 782 3946 et
803 3904 863 3947 nou
884 3884 1103 3950 adherentibus
1131 3907 1188 3971 per
1218 3896 1346 3956 nostras
1380 3915 1469 3959 man·

258 4005 365 4067 dantes
384 4000 424 4086 d)
439 3997 543 4061 literas
561 3994 609 4081 e),
626 3997 660 4056 ut
687 3992 868 4057 adherentes
896 3993 951 4056 tibi
981 4002 1159 4061 constanter
1187 4006 1219 4063 et
1242 4000 1273 4063 in
1297 4006 1354 4066 tua
1371 4001 1471 4068 fideli-

257 4120 320 4177 tate
353 4115 383 4173 et
410 4104 576 4171 devocione
608 4107 803 4186 permaneant
836 4107 866 4165 et
896 4102 1045 4185 prebeant
1078 4126 1166 4170 omne
1200 4109 1412 4198 quodcunque
1427 4114 1472 4201 9]

257 4225 394 4307 possunt,
410 4238 527 4302 perse,
544 4215 692 4288 subditos,
709 4212 949 4295 consanguineos
963 4219 994 4276 et
1006 4215 1122 4280 amicos
1135 4219 1311 4295 consilium,
1328 4223 1474 4287 auxilium

351 4348 384 4419 c)
399 4347 446 4402 tibi
464 4344 532 4399 tebit
549 4343 576 4397 Z.
596 4370 629 4382 -
650 4340 682 4411 b)
701 4339 865 4411 capellanum
884 4348 1005 4396 nostrum
1024 4340 1094 4398 fehlt
1115 4344 1145 4399 v.
1170 4375 1198 4386 -
1221 4345 1254 4416 c)
1274 4348 1371 4406 adleta
1385 4352 1416 4406 Ζ.
1430 4379 1468 4392 -

260 4444 296 4516 d)
306 4442 413 4514 iusuper
426 4439 468 4496 tur
481 4435 560 4500 etiam
572 4438 599 4495 Z.
615 4465 645 4478 ·-
661 4438 880 4508 erroponentes
892 4439 920 4492 z.
935 4473 968 4484 -
980 4435 1015 4509 f)
1030 4439 1209 4502 Gnaltharum
1222 4439 1340 4516 Z·-p)
1349 4460 1476 4517 quoeun-

258 4560 311 4616 que
326 4550 355 4604 V.
