3116 5124
244 263 334 334 '78

273 453 406 542 sionibus
431 461 461 518 et
482 455 619 535 personis
641 474 716 536 quas
738 460 877 519 tenentur
898 454 1072 524 defendere,
1090 451 1169 514 sicut
1185 470 1311 514 censum
1340 448 1475 530 aliquem

273 565 304 624 et
319 563 566 642 pernoctaciones
584 569 614 629 el
629 569 755 628 stouras.
770 563 808 626 ut
824 563 861 628 de
878 563 935 624 illis
950 562 1069 632 dieitur,
1083 561 1162 644 quod
1174 560 1212 623 ad
1226 580 1279 622 eos
1296 558 1476 640 pertineant

273 671 338 734 iure
368 669 535 735 aduocatie.
584 671 608 736 Α
634 671 743 736 talibus
773 677 872 734 tamen
906 671 978 734 ordo
1009 676 1112 733 noster
1131 675 1286 750 exemptus
1305 672 1373 738 est,
1399 685 1478 747 quo-

273 778 352 842 niam
365 778 461 840 nullus
472 779 636 845 advocatus
656 785 755 860 potest
770 779 828 844 sibi
844 779 875 842 in
891 778 980 842 rebus
1004 777 1115 841 nostris
1138 778 1198 841 tale
1222 778 1269 838 ius
1295 775 1476 838 vendicare.

363 887 418 950 lus
447 887 603 952 advocatie
628 887 718 954 etiam
739 893 864 953 vocatur
884 887 933 952 illa
954 887 1141 969 proprietas,
1164 906 1254 968 quam
1276 884 1429 947 habemus
1446 884 1477 946 in
1557 892 1558 895 ’

275 1000 375 1060 monte
403 994 518 1076 aliquo,
546 995 597 1077 qui
624 1016 707 1062 mons
728 1015 798 1062 cum
814 1001 915 1060 noster
930 996 969 1060 sit
991 995 1148 1077 proprius,
1176 994 1217 1056 hii
1241 994 1293 1076 qui
1319 993 1429 1055 vineas
1447 993 1478 1054 in

276 1122 312 1168 eo
341 1103 488 1174 excolunt,
517 1111 666 1184 eoguntur
692 1103 777 1170 nobis
801 1104 912 1168 servire
930 1103 969 1188 a)
993 1123 1051 1166 non
1074 1103 1170 1166 solum
1185 1102 1285 1164 riuum
1309 1102 1478 1164 sedetiam

280 1211 452 1282 denarium
478 1218 508 1278 et
523 1211 567 1275 illi
583 1211 698 1277 denarii
714 1218 859 1276 vocantur
873 1213 1090 1299 voptpltcnnip
1105 1210 1153 1296 b),

743 1388 815 1443 Quid
830 1390 869 1433 stt
883 1400 998 1434 census.

780 1484 906 1528 Distinetio
918 1483 965 1528 XV.

360 1617 530 1680 Notandum
547 1619 647 1688 etiam,
665 1617 735 1699 quid
752 1619 882 1699 inportet
897 1618 955 1682 hoc
971 1638 1080 1681 nomen
1097 1637 1219 1689 census,
1231 1616 1281 1679 ubi
1295 1616 1474 1685 notandum,

283 1726 363 1806 quod
380 1733 427 1788 est
444 1745 552 1788 census
570 1726 686 1807 duplex,
703 1725 843 1789 videlicet
859 1725 974 1788 stabilis
992 1733 1023 1788 et
1038 1725 1196 1798 instabilis,
1214 1727 1261 1790 vel
1278 1725 1412 1796 mobilis,
1429 1725 1478 1784 vel

283 1834 442 1898 inmobilis.
476 1834 626 1900 lnmohilis
657 1854 765 1896 census
784 1840 840 1906 est,
859 1832 913 1918 qui
926 1837 1017 1898 semel
1034 1835 1184 1917 inpositus
1201 1835 1387 1900 immobiliter
1403 1853 1476 1914 pcr-

276 1950 413 2014 severat,
436 1963 491 2004 nec
508 1942 663 2024 augendus
681 1943 822 2006 uidelicet
837 1961 893 2006 nec
911 1943 1102 2014 minuendus,
1130 1943 1210 2008 sicut
1227 1950 1274 2007 est
1291 1963 1405 2006 census
1424 1944 1477 2026 qui

275 2053 399 2157 solvitur
416 2052 453 2112 de
469 2053 616 2133 precariis
639 2052 685 2114 vel
709 2051 745 2113 de
768 2052 833 2114 iure
854 2053 981 2126 montis;
1007 2053 1058 2117 isti
1081 2053 1159 2116 enim
1176 2073 1235 2116 non
1249 2053 1349 2116 solent
1364 2054 1477 2116 mutari
1557 2078 1558 2081 ¹

276 2161 312 2222 de
330 2181 406 2222 anno
424 2160 454 2222 in
471 2181 595 2231 annum,
617 2160 676 2222 nisi
703 2180 738 2222 ex
759 2179 867 2242 magna
890 2161 987 2243 aliqua
1010 2161 1203 2224 necessitate.
1237 2162 1356 2226 Census
1374 2169 1477 2224 autem

235 2341 237 2346 ,
274 2268 390 2331 mobilis
399 2275 446 2332 est
453 2268 574 2350 duplex:
589 2274 635 2331 est
643 2268 909 2354 enimquandoque
917 2269 1371 2342 exactionesicutestcensuS,
1384 2291 1477 2352 quem

271 2379 412 2460 princeps
430 2378 535 2461 aliquis
554 2378 615 2442 suis
632 2377 739 2440 indicit
755 2376 936 2449 civitatibus,
949 2397 1028 2442 nunc
1041 2379 1165 2443 multum
1177 2399 1256 2446 nunc
1273 2381 1476 2452 mediocrem,

275 2497 364 2569 prout
380 2494 451 2549 tunc
468 2485 526 2547 sibi
549 2471 867 2566 placuerit—cenam
884 2487 1100 2552 commenticios
1117 2491 1180 2559 est,
1203 2487 1255 2570 qui
1274 2489 1365 2552 datur
1382 2490 1422 2552 de
1437 2489 1482 2576 ε)

275 2597 373 2679 aliqua
387 2617 419 2657 re
436 2615 491 2676 per
504 2595 746 2665 convencionem,
759 2595 837 2656 sicut
850 2595 886 2657 de
900 2595 997 2677 aliqua
1011 2595 1097 2660 domo
1120 2596 1150 2658 in
1167 2597 1266 2680 aliqua
1275 2598 1316 2685 d)
1335 2600 1479 2671 civitate;

278 2704 328 2786 qui
361 2724 420 2764 non
458 2702 622 2764 secundum
658 2722 747 2764 unam
783 2701 908 2765 formam
945 2703 1020 2765 solvi
1051 2703 1193 2790 solete),
1226 2706 1281 2768 sed
1315 2708 1479 2790 aliquando

278 2812 442 2876 convencio
458 2810 491 2873 fit
508 2811 544 2873 de
562 2811 667 2873 maiori
683 2810 845 2891 peccunia,
869 2811 1046 2894 quandoque
1064 2812 1100 2874 de
1117 2815 1240 2885 minori,
1271 2821 1303 2878 θῖ
1319 2817 1391 2882 ideo
1410 2819 1479 2882 talis

276 2941 397 2992 census,
411 2921 460 3002 qui
472 2913 527 3000 per
539 2939 665 2982 annuam
682 2919 916 2982 convencionem
931 2920 1067 2983 renovari
1084 2922 1252 2993 consuevit,
1271 2924 1386 2988 dicitur
1404 2947 1478 2991 eon-

278 3031 435 3092 venticius.

627 3212 733 3293 lnclplt
749 3216 893 3275 tractatus
911 3213 946 3274 de
963 3213 1134 3292 prlrlleglls.

780 3334 902 3378 crstinum
919 3335 975 3378 xvi.

369 3455 512 3546 Sequitur
528 3455 564 3516 de
582 3453 684 3515 formis
702 3449 933 3534 privilegioium.
967 3453 1062 3534 Igitur
1078 3455 1267 3536 privilegium
1285 3466 1335 3522 est
1354 3460 1481 3526 libertas

277 3563 442 3625 secundum
469 3565 514 3624 ius
544 3563 589 3624 vel
617 3567 719 3644 preter
745 3560 791 3623 ius
820 3579 973 3624 commune
1001 3582 1018 3623 a
1045 3563 1182 3646 prIneipe
1206 3585 1360 3631 concessa
1383 3571 1484 3638 alicui.

279 3672 409 3734 ecclesie
426 3672 471 3732 vel
495 3671 639 3750 collegio,
667 3669 714 3730 vel
738 3669 939 3732 communitati
958 3669 1006 3754 f),
1030 3672 1075 3733 vel
1097 3672 1187 3738 alicui
1203 3676 1322 3755 private
1339 3699 1481 3760 persone.

277 3777 489 3866 Prieilepium
504 3780 677 3844 secundum
693 3779 743 3842 ius
765 3782 829 3848 est,
853 3797 918 3840 cum
937 3779 1024 3841 datur
1046 3781 1136 3844 alicui
1154 3784 1297 3867 episeopo
1315 3806 1376 3868 per
1392 3789 1483 3871 privi-

275 3890 387 3970 legium
416 3890 565 3971 generalis
590 3905 747 3949 causarum
764 3887 900 3966 cognicio
916 3887 956 3976 9)
973 3888 1003 3949 in
1025 3909 1079 3952 sua
1102 3893 1257 3972 provincia
1279 3896 1328 3958 vel
1347 3898 1484 3980 dyocesi,

276 4018 401 4081 quarum
430 3998 557 4081 quedam
575 3996 612 4057 de
629 3997 693 4057 iure
709 3996 857 4094 communi
880 3996 945 4061 sedi
967 3999 1132 4078 apostolice
1157 4003 1302 4068 cederent
1318 4009 1485 4082 audiendo;

275 4107 483 4193 pricilepium
508 4113 624 4190 preter
651 4103 700 4166 ius
718 4108 774 4172 est,
797 4107 829 4164 ut
853 4121 918 4165 cum
942 4105 1030 4168 alicui
1046 4110 1160 4189 prelato
1178 4131 1214 4174 ex
1229 4112 1394 4197 privilegio
1411 4119 1479 4182 talia

278 4215 406 4296 insignia
444 4212 648 4280 conferuntur,
682 4229 739 4291 quc
771 4209 817 4271 ius
856 4231 1010 4278 commune
1032 4219 1214 4297 generaliter
1248 4243 1311 4286 non
1346 4227 1485 4292 admittit

371 4342 404 4410 a)
427 4338 562 4392 deservire
582 4333 692 4403 Z.-d)
702 4333 839 4388 advocatie
858 4335 885 4390 id
899 4340 941 4393 est
953 4339 1108 4412 votpfenuig
1121 4345 1147 4396 Z.
1162 4375 1198 4386 -
1211 4345 1243 4416 c)
1257 4365 1290 4400 ex
1306 4349 1337 4403 V.
1347 4354 1427 4422 -d)
1440 4371 1485 4408 una

279 4434 308 4486 V.
333 4463 360 4472 -
389 4433 421 4498 e)
442 4429 524 4482 debet
541 4428 570 4480 V.
594 4455 622 4465 -
636 4426 668 4496 f)
695 4426 734 4478 vel
754 4427 813 4479 coll.
838 4444 858 4478 v.
880 4444 944 4481 com.
965 4430 1035 4484 fehlt
1054 4433 1082 4486 V.
1100 4436 1173 4506 -9)
1195 4438 1319 4494 condicio
1333 4442 1366 4496 V.
