3100 5116
834 570 896 640 ol.

260 753 399 833 Princeps
416 749 566 833 supplicat
584 766 670 832 pape,
695 748 773 828 quel
797 764 896 827 regern
919 745 1115 807 Romanorum
1133 740 1295 823 compellat
1311 741 1348 803 ml
1365 739 1463 800 snscl·

590 858 729 939 plcnlnn
746 856 823 919 sacri
840 855 957 935 lmpcrll
974 853 1125 934 dyadema.

823 1032 902 1084 1274.

260 1199 313 1253 Dic
332 1199 496 1270 Karfctrsten
519 1201 598 1254 litter
619 1201 720 1270 Gregor
741 1200 783 1264 X„
813 1198 865 1249 den
886 1195 973 1266 Konip
991 1194 1096 1265 Rudolf
1115 1211 1162 1245 zur
1185 1191 1408 1262 Koicerlsronunp
1431 1209 1465 1243 zu

798 1287 920 1358 beracfen.

354 1435 477 1497 Gerbert,
492 1434 516 1496 l,
531 1434 575 1486 37.
660 1507 663 1512 Ι

355 1581 387 1641 ln
405 1581 492 1644 vinea
508 1580 626 1643 Domini
644 1580 812 1650 Sabbaoth,
829 1580 898 1642 luna
915 1579 944 1641 in
958 1578 1135 1660 sanguinem
1151 1596 1249 1646 versa,
1262 1573 1374 1657 priscis
1387 1578 1466 1635 tem·
1525 1611 1530 1618 ·

262 1686 389 1770 poribus
416 1689 541 1770 vigilare
569 1693 706 1770 pastores
735 1692 765 1750 et
796 1709 896 1769 snper,
920 1706 1030 1769 greges
1061 1707 1131 1749 suos
1159 1685 1277 1768 vigilias
1308 1682 1463 1746 custodire

266 1797 422 1860 commode
440 1799 647 1879 nequiverunt.
672 1797 740 1878 lpsa
758 1817 828 1860 vero
845 1797 977 1859 totaliter
995 1795 1148 1858 subtracta
1166 1800 1195 1857 et
1213 1813 1361 1876 nusquam
1380 1812 1464 1854 com-

261 1912 404 1988 parente,
429 1907 622 1970 condensatis
647 1907 779 1988 undique
802 1906 952 1977 tenebris,
982 1907 1061 1968 facta
1086 1911 1132 1968 est
1154 1924 1211 1966 nox
1232 1903 1410 1986 periculosa
1435 1907 1464 1962 et

261 2017 373 2097 gravis
392 2017 422 2077 in
440 2037 498 2100 qua
515 2017 700 2079 transierunt
719 2022 748 2079 ct
764 2021 921 2078 transeunt
938 1999 1111 2080 catervatim
1135 2014 1233 2076 bestie
1258 2011 1463 2108 splve,·catuli
1542 2041 1543 2116 p

263 2124 382 2187 leonum
400 2127 566 2206 rugientes,
585 2131 617 2190 ut
632 2125 750 2207 rapiant
767 2127 943 2188 innocentes
965 2125 1003 2211 ¹),
1020 2125 1171 2206 preparati
1196 2124 1233 2185 acl
1256 2122 1461 2184 devorandum
1542 2191 1543 2196 ,

260 2252 424 2314 pauperes,
442 2235 691 2316 quemadmodum
712 2255 811 2296 escam
829 2235 928 2316 panis,
953 2233 1053 2296 (livino
1077 2233 1184 2295 timore
1208 2232 1338 2293 sublato.
1374 2231 1463 2292 Fluc-

261 2341 366 2404 tuabat
378 2343 524 2404 hactenus
539 2343 622 2406 navis
638 2343 768 2405 ecclesie
784 2344 813 2405 in
834 2342 933 2404 medio
951 2342 1038 2405 huius
1055 2341 1156 2423 magni
1174 2346 1203 2403 et
1221 2341 1354 2422 spaciosi
1368 2339 1461 2400 maris

262 2457 291 2514 et
299 2451 439 2532 procellis
447 2452 591 2514 fluctuum
605 2451 802 2514 submersioni
813 2451 852 2536 a)
866 2449 1079 2513 miserabiliter
1092 2449 1324 2533 propinquabat,
1340 2455 1373 2512 et
1385 2469 1460 2512 nunc
1542 2433 1543 2496 j

261 2564 344 2623 tanto
364 2560 490 2640 amplius
505 2561 640 2632 fluctuat,
667 2566 778 2644 quanto
803 2560 890 2622 abest
912 2559 1098 2642 gubernator
1120 2559 1249 2640 longius,
1276 2560 1327 2640 qni
1346 2578 1462 2620 manum
1542 2543 1543 2596 Ξ

260 2669 396 2752 porrigat
414 2669 470 2730 iarn
488 2670 608 2732 labenti.
633 2671 752 2752 imperii
770 2670 886 2732 sublato
904 2671 1002 2752 capite
1019 2689 1074 2750 per
1090 2669 1170 2730 rixas
1188 2675 1218 2732 et
1235 2668 1462 2738 sentenciam,
1542 2663 1543 2670 '

260 2780 397 2842 iunctura
416 2780 593 2842 universalis
611 2780 750 2842 machine
768 2780 899 2842 resoluta
918 2779 1008 2841 nichil
1026 2779 1107 2840 alind
1132 2778 1237 2841 indicit
1255 2779 1463 2848 cernentibus,

261 2890 491 2972 quamruinam.
527 2889 622 2970 Quam
646 2891 783 2972 prolecto
808 2911 843 2951 eo
868 2909 946 2951 nunc
976 2889 1089 2951 sorcius
1118 2888 1310 2971 prophetizat
1328 2890 1371 2975 ²),
1396 2909 1462 2972 quo,

261 3000 367 3080 spiritu
386 2999 541 3080 vertiginis
559 2999 589 3060 in
606 2998 704 3060 medio
722 2999 832 3080 Egypti
857 2999 957 3067 mixto,
982 2999 1094 3061 veritas
1119 2998 1148 3058 in
1172 2997 1355 3059 oblivionem
1373 3000 1461 3066 venit,

259 3107 484 3189 vilipenduntur
499 3107 599 3170 claves
617 3107 709 3177 Petri,
728 3107 924 3170 ecclesiarum
943 3107 1066 3187 libertas
1086 3106 1287 3169 contemnitur
1311 3111 1342 3168 et
1360 3109 1458 3169 calca·
1541 3125 1543 3152 ἐ

260 3221 326 3287 tur,
359 3216 429 3279 dum
457 3237 474 3277 a
502 3216 603 3298 planta
632 3217 717 3299 pedis
749 3236 844 3301 usque
874 3216 910 3279 ad
940 3217 1084 3280 verticem
1102 3238 1161 3278 non
1191 3221 1237 3278 est
1265 3216 1297 3276 in
1322 3216 1461 3278 membris
1523 3225 1543 3302 3

261 3326 373 3388 sanitas
393 3325 421 3411 3)
440 3347 495 3387 nec
516 3326 545 3387 in
567 3325 703 3408 partibus
727 3327 913 3410 compaginis
935 3326 1073 3407 ligatura.
1108 3326 1208 3396 Porro
1227 3344 1283 3387 von
1309 3326 1410 3387 leticic
1434 3328 1461 3384 et
1542 3303 1543 3312 ἵ

263 3436 387 3505 salutis,
417 3439 535 3499 servata
560 3435 670 3497 dudum
688 3435 719 3497 in
736 3434 878 3496 cordibus
904 3435 1087 3516 aliquorum,
1117 3435 1175 3496 iam
1198 3455 1271 3498 ecce
1289 3455 1346 3516 per
1364 3434 1461 3496 orbem

262 3542 370 3605 diflusa
387 3541 524 3605 diffusius
542 3541 572 3603 in
589 3541 808 3604 revelacioncm
827 3543 966 3622 gencium
983 3544 1133 3625 pervices
1148 3543 1219 3605 exiit
1236 3549 1268 3604 et
1283 3543 1411 3623 plateas,
1429 3562 1461 3602 co
1541 3541 1543 3612 ζ

264 3650 355 3731 quod,
373 3651 577 3733 disposicione
601 3651 717 3721 divina,
748 3653 866 3713 cunctis
892 3652 1023 3714 ecclesie
1040 3650 1180 3714 fidelibus
1198 3658 1298 3713 vestra
1317 3651 1459 3714 sanctitas
1542 3629 1543 3692 ἶ

262 3759 438 3841 provisura,
468 3761 611 3841 inclytum
627 3761 834 3841 Rudolphum,
863 3761 893 3822 in
911 3762 1111 3823 Romanorum
1129 3762 1258 3823 electum
1274 3780 1396 3841 regem,
1424 3757 1459 3820 ad

261 3869 424 3951 imperialis
458 3869 595 3932 culminis
625 3869 748 3941 solium,
779 3876 922 3954 tanquam
954 3869 1046 3953 sydus
1079 3870 1287 3952 splendidum,
1321 3869 1458 3933 duxeritis
1542 3899 1543 3958 3

356 4053 390 4120 a)
407 4052 599 4105 submersionis
613 4051 640 4104 Z.

779 4135 790 4227 l

267 4242 595 4257 ᾕ--ι--ι--ι

297 4365 321 4426 1)
341 4369 412 4414 reare.
428 4369 482 4425 rol,
496 4369 536 4414 21.

294 4455 319 4516 ²)
340 4459 412 4516 seso.
427 4460 465 4514 19,
480 4457 518 4504 14.

291 4537 318 4606 ³)
339 4548 409 4606 reso.
425 4551 447 4604 1,
464 4549 487 4596 o.
