3108 5118
1178 346 1252 417 301

151 528 233 591 Sane
259 527 337 590 inter
361 531 480 590 eeteros
505 526 629 592 Romani
653 527 772 610 imperii
796 523 901 588 fideles
925 525 1078 608 principes
1107 528 1138 586 et
1161 521 1258 586 nostri

66 639 220 722 precipuos
249 637 435 718 principatus
463 640 594 710 amieos,
628 636 735 721 quibus
765 641 867 699 nostre
896 633 1036 697 divinitus
1069 633 1156 696 nobis
1188 632 1257 695 date

66 747 199 833 potencie
224 746 405 818 fulciuntur,
433 746 625 826 venerabiles
650 754 680 811 et
702 745 879 810 karissimos
903 744 1054 827 principes
1076 749 1197 807 nostros
1216 739 1256 828 α)

67 856 318 937 salzburgensem
334 853 608 939 archiepiscopum,
626 855 665 943 β)
681 854 931 938 Ratisponensem
949 858 979 916 et
995 853 1034 939 p)
1050 852 1258 916 Pataviensem

65 967 218 1049 episeopus
254 964 521 1045 recognoscimus,
555 966 699 1048 ipsosque
730 969 760 1026 et
788 981 890 1027 eornm
920 962 1086 1034 eeclesias,
1121 959 1258 1023 homines

66 1075 197 1139 subditos
227 1078 258 1135 et
286 1073 419 1135 fautores
449 1072 567 1136 habitos
596 1073 642 1135 vel
671 1071 826 1135 habendos
856 1071 912 1135 sub
928 1071 1053 1135 Romani
1081 1069 1200 1153 imperii
1229 1074 1259 1133 et

66 1192 161 1250 nostra
189 1183 380 1266 protectione
409 1183 608 1265 suscipimus,
637 1182 774 1245 districte
804 1187 835 1246 et
862 1179 987 1246 tirmiter
1014 1181 1196 1252 inhibentes,
1220 1201 1258 1243 ne

66 1298 218 1382 quisquam
234 1292 399 1364 bominum,
427 1293 635 1376 cuiuscunque
653 1271 839 1355 condicionis
857 1299 908 1356 aut
925 1298 1022 1356 statos
1039 1292 1157 1361 existat,
1175 1291 1258 1372 ipsos

66 1409 148 1470 inse
174 1408 206 1467 et
231 1402 294 1465 suis
318 1401 580 1484 possessionibus,
608 1401 780 1465 bominibus
798 1402 878 1474 suis,
906 1401 1073 1466 fautoribus
1089 1401 1136 1464 vel
1153 1399 1258 1463 amicis

67 1536 134 1579 ausu
161 1512 325 1578 temerario
353 1511 514 1574 molestare
542 1518 713 1595 presumat,
741 1516 793 1575 aut
819 1512 953 1595 ipsorum
982 1513 1063 1583 iura,
1091 1509 1259 1583 libertates,

66 1621 289 1688 munificencias
307 1620 370 1683 sive
388 1621 520 1701 gracias,
537 1619 601 1684 illas
618 1622 757 1692 maxime,
774 1621 884 1704 quibus
900 1621 1135 1704 predecessores
1153 1621 1260 1695 nostri,

65 1732 180 1797 Romani
199 1728 334 1822 imperii
366 1728 426 1791 divi
456 1729 626 1813 principes,
666 1737 879 1794 antecessores
918 1751 1020 1795 eorum
1059 1737 1090 1795 et
1126 1731 1259 1813 ipsorum

66 1841 205 1905 ecclesias
240 1838 381 1921 largitate
415 1839 501 1919 regia
537 1838 725 1910 ditaverunt,
761 1860 895 1924 quasque
924 1848 1030 1905 tenore
1067 1843 1259 1925 presencium

67 1949 294 2015 confirmacione
309 1946 409 2013 debita
423 1949 608 2021 innovamus,
622 1949 734 2012 violare
748 1949 920 2015 contendat.
939 1952 982 2014 Ad
1001 1952 1060 2016 boc
1076 1952 1260 2016 ministeria·
1318 1966 1322 1972 ’

64 2061 136 2124 libus
161 2066 192 2123 et
217 2077 323 2122 eorum
347 2056 519 2120 bominibus
543 2059 673 2141 propriis
699 2060 756 2124 sub
780 2061 943 2144 imperialis
972 2068 1002 2124 et
1030 2068 1132 2125 nostre
1157 2062 1260 2143 gracie

65 2169 168 2252 regalis
198 2169 326 2232 obtentu
354 2167 537 2249 precipimus
566 2173 597 2231 et
624 2169 816 2241 mandamus,
846 2176 992 2254 quatenus
1021 2171 1096 2254 ipsis
1118 2177 1259 2254 tanquam

65 2298 159 2344 comm
175 2279 259 2342 veris
277 2277 405 2341 dominis
422 2284 598 2341 reverenter
626 2276 769 2342 obediant
797 2285 828 2343 et
854 2285 992 2362 potenter
1024 2281 1179 2351 assistant,
1203 2299 1260 2344 nee

66 2389 99 2452 ad
114 2389 240 2452 aliorum
257 2386 316 2448 nisi
335 2385 372 2448 ad
389 2386 578 2469 imperatoris
595 2387 642 2450 vel
658 2387 742 2470 regis
758 2389 883 2452 Romani
902 2388 1030 2452 servicia
1047 2389 1112 2451 sine
1135 2389 1261 2471 speciali

66 2498 246 2562 dominorum
260 2514 381 2560 suorum
394 2494 522 2558 licencia
536 2515 569 2558 se
583 2496 766 2578 coniungere
783 2497 829 2559 vel
843 2499 1009 2562 transferre
1027 2518 1061 2562 se
1076 2505 1261 2582 presumant,

65 2629 98 2670 ne
114 2607 247 2672 ecclesie
275 2606 428 2669 bominum
457 2625 578 2668 suorum
608 2604 763 2688 obsequiis
791 2612 916 2669 careant
943 2607 974 2670 et
1001 2606 1108 2691 prelati
1130 2609 1260 2691 predicti

65 2718 159 2782 debito
175 2717 358 2781 t'raudentur
373 2714 496 2778 honore.
530 2716 672 2779 Preterea
690 2717 829 2780 universa
847 2722 877 2780 et
894 2716 1012 2798 singula
1029 2719 1105 2788 iura,
1124 2738 1262 2801 quocun-

66 2847 117 2911 que
134 2826 284 2891 vocabulo
302 2830 494 2896 censeantur,
523 2845 582 2908 que
598 2825 722 2907 prelatis
738 2825 885 2906 predictis
903 2832 1052 2890 eteorum
1071 2829 1213 2892 ecclesiis
1230 2829 1261 2892 in

63 2939 145 3000 terris
161 2937 306 3007 Austrie,
333 2935 451 3017 Styrie,
479 2932 635 2998 Kerinthie
661 2939 691 2996 et
706 2935 833 2998 Bavarie
851 2943 1014 3018 conpetunt
1031 2937 1062 3000 in
1078 2938 1264 3013 hominibus,

64 3045 317 3129 possessionibus,
341 3042 611 3112 iurisdictionibus,
637 3045 755 3116 castris,
782 3043 881 3118 bonis,
898 3045 997 3110 feodis
1014 3069 1069 3110 seu
1085 3048 1178 3112 rebus
1194 3049 1261 3114 aliis

65 3158 313 3241 quibuscunque,
336 3154 410 3238 ipsis
435 3159 590 3217 eteorum
614 3153 753 3216 ecclesiis
777 3156 1025 3236 recognoscimus
1048 3158 1167 3240 integre
1185 3167 1215 3224 et
1230 3163 1261 3225 in

64 3272 169 3338 tobim,
204 3274 236 3330 et
264 3263 456 3347 presentibus
485 3262 678 3345 pollicemur,
713 3264 792 3346 qrrod
821 3263 859 3326 ad
889 3285 991 3328 eorum
1018 3273 1202 3349 potestatem
1231 3278 1262 3335 et

64 3377 217 3460 imperium
247 3396 302 3439 seu
331 3373 493 3438 dominium
522 3377 633 3455 quanto
663 3373 758 3435 cicius
786 3375 952 3455 poterimus
976 3377 1172 3452 reducemus,
1202 3400 1261 3444 nou

62 3485 195 3550 obstante
214 3485 241 3549 si
259 3483 297 3547 ab
314 3482 463 3566 aliquibus
480 3481 656 3564 potentibus
679 3481 707 3544 vi
731 3483 777 3544 vel
801 3488 882 3546 metu
906 3504 959 3546 seu
982 3485 1057 3549 alias
1081 3488 1260 3571 apredietis

60 3595 177 3676 prelatis
208 3595 247 3657 de
277 3591 421 3675 predictis
450 3590 537 3654 bonis
561 3611 615 3653 seu
638 3591 884 3673 possessionibus
913 3593 1025 3676 aliquid
1053 3594 1181 3678 inprobe
1210 3602 1258 3662 est

62 3711 223 3776 extortum3
254 3722 311 3785 que
340 3699 453 3763 viribus
482 3719 578 3763 vacua
595 3719 664 3762 esse
682 3700 817 3762 volumus
835 3706 865 3765 et
881 3701 989 3766 nullius
1012 3702 1126 3769 babere
1142 3705 1261 3770 roboris

60 3811 236 3880 firmitatem.
255 3812 294 3875 ut
310 3818 343 3874 ut
358 3811 448 3874 animi
466 3810 560 3872 nostri
578 3819 707 3882 motum,
730 3829 789 3892 quo
813 3811 935 3874 eosdem
952 3813 1161 3894 amplectimur
1177 3815 1261 3898 priu-

62 3922 158 4006 cipes,
185 3942 239 3986 res
266 3921 406 4005 loquatur
422 3925 453 3982 et
469 3919 569 4001 operis
586 3918 710 3982 evidens
727 3920 901 3983 manifestet
918 3919 1061 3994 effectus,
1089 3923 1261 3989 sentencias

62 4037 90 4095 et
113 4051 298 4115 processus,
316 4049 391 4114 quos
406 4028 497 4091 iidem
514 4028 609 4092 nostri
625 4028 778 4111 principes
795 4029 940 4092 adversus
958 4051 1029 4102 eos,
1047 4033 1096 4114 qui
1112 4033 1260 4115 premissa

61 4142 103 4203 rel
118 4143 220 4225 aliqua
237 4140 452 4224 premissorum
468 4137 657 4210 violaverint,
673 4138 731 4200 rite
747 4139 936 4222 pertulerint,
959 4145 1040 4204 ratas
1064 4139 1212 4205 habentes
1230 4147 1261 4206 et

61 4259 169 4332 gratas,
191 4252 338 4333 ipsasque
355 4245 442 4310 nobis
464 4247 529 4311 Deo
551 4246 704 4330 propicio,
722 4266 791 4310 cum
809 4247 847 4312 ad
865 4248 923 4312 hoc
947 4249 1260 4334 luerimus‘requisiti,

61 4359 154 4440 penali
183 4357 298 4423 iudicio
315 4355 483 4420 efficaciter
498 4375 718 4440 prosequemur
735 4356 780 4444 δ).

146 4487 343 4556 Erganaungen
364 4500 411 4538 sus
425 4483 593 4537 Monumenta
605 4481 688 4536 Boios
697 4479 753 4546 29&
775 4480 837 4535 510.
855 4483 984 4538 liudolfus
997 4484 1045 4538 Dei
1058 4485 1143 4554 grstia
1157 4485 1255 4541 lloms-

65 4587 151 4633 norum
173 4595 221 4634 rex
243 4592 349 4649 semper
373 4577 502 4646 augustus
525 4572 655 4628 universis
678 4578 821 4644 presentes
844 4574 945 4631 litteras
969 4576 1132 4650 inspecturis
1145 4578 1262 4648 greciam
