3112 5118
840 661 902 733 45.

514 839 592 922 lopo
607 839 738 921 prlxetpl
755 841 890 902 vocando
915 841 1013 918 lpsnrn
1030 840 1068 901 td
1085 841 1205 902 surim.

650 995 730 1050 1240.
750 996 871 1050 October
892 994 933 1047 15.
953 995 1085 1050 Laterani.

273 1145 375 1210 Grepor
387 1140 432 1193 ΙΧ.
444 1140 553 1205 fordere
565 1139 610 1193 die
624 1140 845 1211 Kirctenfitrcten
865 1138 926 1209 auf,
949 1136 1008 1192 stet
1022 1137 1108 1193 duret
1121 1137 1167 1193 dic
1178 1137 1335 1192 drobcnden
1350 1137 1465 1192 Admat-

270 1245 374 1299 aanpea
388 1229 553 1287 Friedriclt'a
566 1229 639 1285 nicht
652 1230 773 1285 abbalten
786 1249 818 1282 zu
832 1232 930 1295 tarsen,
950 1247 993 1283 am
1006 1227 1131 1284 ntcmten
1148 1227 1295 1299 caterona
1303 1227 1463 1297 permodicis

695 1338 741 1374 eor·
754 1318 807 1373 ibm
819 1339 851 1373 su
864 1319 1027 1374 cracbeiuea.

333 1448 335 1454 ἲ
360 1464 499 1525 boehmer,
513 1464 577 1532 Reg.
593 1465 673 1535 Greg.
688 1464 738 1525 lx„
754 1481 794 1518 ao.
811 1462 871 1517 160.

361 1609 441 1671 Petri
464 1609 618 1679 navicula,
645 1609 749 1673 matris
766 1609 898 1672 ecclesie
916 1609 1017 1677 sinus,
1041 1607 1129 1691 quasi
1145 1609 1342 1690 negociorum
1359 1613 1466 1690 operta

271 1716 431 1787 fluctibus,
465 1719 652 1801 questionum
674 1719 853 1800 urgencium
881 1717 994 1797 agitata
1023 1717 1183 1798 procellis,
1208 1718 1363 1780 dexteram
1388 1716 1467 1780 Jesu

272 1824 455 1888 sublevantis
471 1826 592 1906 ignorat
608 1825 657 1909 a).
690 1826 734 1888 Ea
752 1825 872 1907 quidem
889 1823 1010 1887 fletibus
1027 1823 1174 1907 aquilonis
1191 1825 1322 1906 inpulsa,
1344 1826 1467 1888 videtur

269 1931 414 1994 Dominus
432 1933 605 2002 dormitare,
623 1932 677 1994 sed
694 1933 808 1996 utinam
824 1929 1053 2012 tepescentibus
1075 1927 1141 1993 aliis
1164 1931 1262 1994 saltim
1284 1932 1339 1995 dlii
1361 1935 1464 1996 ferant

272 2058 358 2120 opem
375 2039 492 2102 consilii
509 2039 660 2109 salutaris,
676 2062 714 2103 ne
731 2040 828 2121 ipsam
844 2039 952 2101 fluctus
969 2039 1110 2108 involvat,
1126 2044 1179 2102 aut
1201 2046 1308 2121 pyrata
1326 2040 1465 2104 crudelis

271 2148 401 2212 abducat
417 2149 446 2210 in
470 2147 666 2230 precipicium
683 2147 747 2210 dire
763 2145 877 2209 mortis,
910 2147 1014 2216 Porro,
1030 2146 1134 2209 federe
1150 2148 1295 2210 naturalis
1312 2148 1464 2230 pactionis

272 2255 402 2338 dirupto,
417 2254 492 2319 fides
510 2255 654 2338 quatitur,
669 2253 782 2318 karitas
799 2255 983 2335 refrigescit,
999 2253 1129 2334 tepescit
1145 2254 1283 2326 devocio,
1301 2255 1416 2319 crescit
1434 2261 1466 2319 et

152 2357 428 2426 '‘¹·³⁸··inralescit
451 2363 569 2426 malicia
585 2363 615 2425 in
630 2364 727 2426 Deum
750 2367 780 2424 et
801 2362 965 2443 proximum
988 2362 1193 2425 commissura.
1225 2362 1270 2425 lix
1300 2383 1360 2446 quo
1388 2383 1465 2426 sane

271 2470 342 2533 fidei
370 2471 532 2535 christiane
554 2471 742 2553 profectibus
767 2470 889 2532 evidens
911 2474 1064 2552 prestatur
1088 2470 1275 2533 obstaculum
1299 2476 1329 2534 et
1352 2492 1466 2535 conse·

273 2586 400 2662 quenter
427 2580 531 2642 salutis
560 2578 715 2661 dispendia
737 2579 907 2641 inferuntur
929 2583 960 2641 et
979 2577 1066 2659 plebs
1084 2578 1191 2641 devota
1207 2577 1358 2649 fidelium,
1380 2599 1466 2641 com-

191 2680 193 2685 ’
272 2687 361 2750 modo
379 2687 488 2771 quietis
505 2689 637 2757 excluso,
652 2687 743 2768 uariis
755 2687 900 2750 molestiis
917 2687 1023 2767 incipit
1035 2686 1167 2767 fatigari,
1181 2706 1239 2768 que
1251 2688 1282 2749 iu
1296 2689 1464 2751 communis

272 2800 384 2858 statera
417 2795 521 2859 iudicii
553 2795 717 2876 apostolice
749 2795 903 2876 dignitatis
941 2794 1103 2857 auctoritas
1141 2793 1221 2856 iusto
1260 2795 1463 2859 discussionis

272 2903 405 2966 examine
432 2902 597 2985 prudenter
624 2903 815 2985 appendens,
843 2908 876 2964 ut
898 2904 1027 2964 omnium
1051 2901 1202 2982 generalis
1226 2907 1256 2963 et
1278 2923 1338 2966 una
1365 2912 1464 2968 mater

272 3011 390 3074 utilitati
417 3010 575 3092 provideat
599 3011 801 3092 singulorum,
828 3029 933 3072 manus
962 3010 1100 3080 fortium,
1127 3029 1234 3090 regum
1262 3010 1405 3076 videlicet
1434 3023 1464 3075 et

272 3120 470 3202 prelatorum,
498 3119 667 3201 principum
684 3125 714 3182 et
737 3120 861 3181 aliorum
884 3117 1014 3181 fidelium
1048 3138 1106 3181 non
1135 3118 1259 3200 indigne
1292 3139 1462 3183 convocare

273 3228 424 3296 decrevit,
440 3233 473 3290 ut
488 3227 692 3310 multiplicatis
710 3227 889 3290 clamoribus
905 3217 1064 3289 Domimim
1087 3227 1234 3289 suscitent
1251 3227 1461 3300 dormientem,

273 3341 302 3398 et
314 3335 440 3416 plurium
453 3335 554 3398 adiuta
570 3337 715 3408 consiliis,
732 3335 935 3418 premeneium
950 3335 1116 3416 ponderum
1132 3335 1225 3398 faciat
1241 3354 1334 3398 onera
1350 3337 1462 3399 leviora
1554 3375 1555 3380 κ

271 3443 381 3527 quietis
410 3449 509 3524 optate
536 3451 654 3524 portum
672 3445 800 3507 feliciter
827 3443 995 3507 obtentura.
1029 3443 1155 3513 Verum,
1185 3443 1265 3507 sicut
1294 3463 1349 3525 pro
1375 3451 1459 3507 certo

211 3629 215 3635 Δ
272 3550 450 3622 didicimus,
479 3551 639 3632 singularis
661 3553 709 3614 ille
729 3551 839 3614 dudum
862 3550 993 3614 ecclesie
1008 3549 1098 3621 tilius,
1117 3552 1190 3614 sede
1207 3553 1375 3633 apostolice
1390 3569 1461 3634 pro-

271 3664 375 3720 vectus
394 3665 425 3721 et
440 3659 582 3721 defensus
599 3660 717 3729 auxilio,
733 3659 771 3720 ad
787 3658 904 3741 imperii
922 3657 1039 3720 culmen
1054 3657 1179 3722 humero
1202 3664 1339 3723 materno
1362 3666 1461 3724 trans·

269 3768 359 3837 latus,
377 3767 493 3829 scilicet
507 3765 691 3840 lbidericus,
704 3767 802 3830 dictus
813 3768 987 3848 imperator,
999 3767 1102 3831 matris
1117 3787 1267 3850 exponere
1278 3768 1461 3851 pudiciciam

271 3876 413 3958 cupiens,
438 3875 542 3938 calidis
564 3877 594 3938 in
616 3877 712 3959 ipsam
728 3881 859 3938 armatur
878 3875 1015 3946 insidiis,
1038 3877 1183 3957 predictis
1200 3878 1389 3961 principibus
1407 3901 1460 3944 scu

271 3984 405 4065 prelatis,
422 3985 536 4048 vocatis
553 4005 570 4048 a
587 3984 685 4055 nobis,
701 4003 860 4048 accessum
877 3984 915 4048 ad
931 4004 986 4046 nos
1003 3987 1066 4048 suis
1082 3986 1248 4050 terroribus
1264 3987 1461 4061 interdicens,

272 4098 303 4154 ut
320 4092 426 4154 nullius
444 4113 551 4175 expers
567 4093 734 4175 calumpnie
751 4095 815 4155 sire
839 4091 971 4164 fraudis,
1000 4093 1126 4155 eandem
1148 4099 1275 4159 matrem
1298 4097 1459 4162 ecclesiam

272 4199 378 4262 talibus
395 4202 519 4269 infestet
533 4200 688 4272 molestiis,
706 4222 743 4262 ne
760 4201 790 4263 in
806 4198 934 4263 tiliorum
949 4199 1048 4262 valeat
1064 4199 1176 4264 solacio
1193 4203 1355 4285 respit-ere.
1384 4205 1460 4269 Cum

272 4308 363 4389 igitur
380 4314 439 4370 tam
456 4317 593 4373 sanctum
614 4309 763 4391 generalis
787 4308 924 4373 utilitatis
947 4310 1133 4401 propositum
1156 4309 1212 4373 sub
1234 4311 1345 4375 fiducia
1368 4312 1459 4377 divini

362 4451 395 4518 a)
410 4451 534 4521 implorat
546 4451 675 4525 Raynald.
