3096 5128
1173 383 1252 459 425

51 560 197 626 minando
211 561 371 637 limitibus,
387 563 524 629 rancoris
539 561 680 648 propinat
695 562 817 635 iudicia,
836 567 867 626 et
882 561 943 626 tele
961 559 1069 624 diffuse
1086 564 1256 632 contextus,

53 673 104 756 qui
121 671 162 734 de
180 673 325 755 preconio
340 672 417 736 tanti
435 674 568 746 Cesaris,
584 672 689 736 hostes
707 671 854 742 cedentis,
871 671 977 741 oritur,
994 689 1031 731 ne
1045 668 1118 753 quid
1133 689 1169 731 ex
1181 688 1258 732 con-

51 779 244 862 tingentibus
268 779 460 853 obmittatur,
488 800 593 845 manus
618 780 778 844 scribentis
795 784 884 863 pavet
903 784 933 842 et
950 778 1016 860 ipse
1032 778 1165 841 calamus
1182 797 1255 840 con-

51 887 222 951 tremescit.
249 889 324 970 Quis
349 891 427 952 enim
444 897 548 974 posset
571 892 630 954 alto
653 891 765 953 famine
792 886 979 972 prepotentis
1007 885 1083 950 tanti
1109 885 1256 968 principis

52 993 187 1076 insignia
210 1016 367 1078 promere,
392 999 422 1060 in
446 999 532 1064 euius
548 1002 656 1083 pectus
674 996 797 1060 contluit
814 994 952 1081 quitquid
975 993 1069 1058 habet
1084 991 1203 1057 virtutis
1228 998 1258 1056 et

52 1104 191 1166 continet
206 1109 288 1169 totus
305 1107 450 1178 mundus,
473 1107 553 1191 quod
577 1107 674 1170 nubes
695 1106 802 1189 pluunt
823 1105 935 1168 iustum
953 1108 982 1166 et
999 1122 1091 1184 super
1108 1121 1177 1165 enrn
1201 1100 1258 1165 celi
1349 1131 1363 1138 ’

53 1208 188 1294 desuper
202 1217 401 1278 roraverunt?
412 1214 438 1302 1)
459 1216 526 1279 Non
540 1215 634 1286 Plato,
652 1234 712 1276 non
723 1213 828 1277 'lulius
845 1232 901 1276 nec
917 1211 969 1274 lilii
985 1211 1189 1282 tenebrarum,
1207 1209 1257 1292 qui

52 1337 87 1378 ex
102 1336 157 1380 ore
176 1319 312 1385 sedentis
335 1323 366 1385 in
382 1323 491 1386 throno
515 1325 545 1387 in
568 1322 770 1404 generatione
788 1341 843 1384 sua
859 1320 1075 1404 prudenciores
1093 1317 1170 1381 lucis
1186 1316 1256 1381 tiliis

51 1425 262 1507 predicantur,
274 1431 324 1494 illo
338 1431 426 1495 altius
444 1453 551 1515 sapere
568 1436 720 1515 poterunt.
738 1430 825 1494 Hunc
837 1429 987 1512 siquidem
1003 1434 1085 1491 terra
1102 1431 1133 1490 et
1144 1430 1257 1511 pontus

53 1542 239 1600 venerantur
255 1544 286 1602 et
303 1539 487 1622 applaudunt
504 1541 620 1612 ethera,
637 1544 741 1622 utpote
760 1537 810 1621 qui
827 1538 937 1600 mundo
955 1535 1146 1599 necessarius
1160 1534 1258 1617 impe-

52 1646 133 1704 rator
149 1663 169 1706 a
187 1645 289 1711 divino
305 1650 444 1730 provisus
461 1655 508 1712 est
524 1648 653 1712 culmine
677 1648 761 1730 pacis
785 1645 917 1718 amicus,
941 1645 1077 1709 caritatis
1100 1649 1255 1727 patronus,

54 1748 125 1815 iuris
140 1752 293 1828 conditor,
306 1757 463 1839 paciencie
479 1738 568 1828 lilius,
585 1756 727 1820 mundum
739 1753 958 1817 rationabiliter
965 1753 1255 1836 quidemprotegens

55 1863 82 1921 et
102 1860 293 1942 gubernans.
320 1865 376 1928 llic
399 1872 456 1938 est,
482 1867 519 1930 de
542 1885 600 1950 quo
622 1862 793 1928 Ezechielis
815 1861 908 1925 verba
929 1862 1132 1944 proclamant:
1157 1859 1257 1942 aquila

56 1969 198 2048 grandis,
225 1992 403 2055 magnarum
427 1977 557 2046 alarum,
579 1974 669 2055 longo
692 1972 893 2035 membrorum
917 1971 1020 2040 ductu,
1043 1970 1133 2053 pleno
1154 1968 1253 2032 varie-¹

53 2073 165 2140 tatibus
183 2083 275 2162 atque
292 2082 400 2164 plumis
411 2082 456 2170 2);
481 2083 531 2147 hic
554 2087 602 2146 est
619 2083 719 2152 etiam,
735 2081 784 2144 eui
799 2079 930 2162 loquitur
945 2062 1109 2143 ieremias:
1126 2074 1250 2158 replebo

54 2189 81 2246 te
97 2184 285 2262 hominibus,
303 2191 389 2274 quasi
407 2191 512 2263 bruco,
538 2197 567 2255 et
583 2211 676 2274 super
691 2194 721 2252 te
737 2189 872 2253 zeleuma
889 2185 1100 2252 decantabitur
1109 2184 1147 2272 ⁸).
1173 2183 1255 2249 Talis

54 2311 123 2375 ergo
139 2297 278 2377 presidio
295 2300 439 2384 principis
456 2305 611 2384 protectus
634 2299 763 2363 mundus
787 2297 917 2368 exultet,
945 2297 1037 2360 talern
1064 2298 1144 2359 totus
1173 2294 1254 2357 orbis

54 2404 172 2471 vocabit
197 2407 228 2470 in
252 2409 414 2482 dominum,
431 2412 483 2494 qui
498 2411 640 2495 potencia
656 2414 784 2493 potens,
807 2408 985 2472 strenuitate
1003 2411 1161 2478 strenuus,
1184 2424 1255 2488 pre·

56 2510 151 2578 clarus
167 2517 202 2579 in
215 2515 364 2591 claritate,
378 2519 529 2602 benignus
546 2520 577 2582 in
592 2518 790 2602 benignitate,
813 2517 935 2600 sapiens
951 2519 982 2579 in
999 2515 1162 2598 sapiencia,
1179 2534 1252 2599 pro·

59 2619 145 2686 vidus
161 2625 195 2688 in
210 2625 405 2708 providencia
422 2628 501 2693 foret
516 2629 673 2692 humanus.
707 2627 741 2690 ln
762 2645 798 2690 eo
821 2626 923 2709 itaque
945 2623 1036 2688 insita
1059 2625 1156 2687 torma
1171 2622 1255 2696 boni,

60 2735 202 2816 tanquam
219 2733 313 2799 livore
331 2755 449 2809 carens,
471 2736 589 2800 scelera
604 2735 681 2820 ligat
698 2741 729 2798 et
746 2737 896 2799 scelerata
912 2733 1085 2816 coniungit:
1115 2740 1148 2797 ut
1172 2752 1255 2796 com-

59 2843 187 2906 muniter
202 2844 329 2909 tlammis
346 2844 458 2929 frigora
475 2845 655 2930 iungantur,
685 2846 770 2910 arida
785 2843 925 2928 liquidis,
953 2842 1052 2928 planis
1068 2843 1256 2907 associentur

61 2967 166 3032 aspera
190 2958 221 3017 et
244 2953 367 3017 directis
390 2953 469 3018 invia
486 2955 671 3018 maritentur.
697 2953 760 3019 Sub
778 2953 842 3017 eins
860 2971 989 3035 namque
1007 2951 1191 3034 temporibus
1208 2953 1223 3015 l
1240 2989 1256 3002 -

60 3066 156 3125 menta
180 3062 338 3127 destructa
359 3069 429 3127 sunt
451 3065 586 3137 malicie,
610 3063 706 3128 virtus
730 3063 902 3126 securitatis
929 3061 1069 3133 invaluit,
1092 3063 1149 3134 ita,
1174 3062 1255 3145 quod

59 3168 149 3250 gladii
166 3172 338 3237 conflantur
352 3173 383 3237 in
400 3194 549 3244 vomeres,
565 3172 651 3256 pacis
667 3174 771 3236 tedere
788 3173 956 3235 suffocante
971 3171 1120 3242 timorem,
1144 3176 1174 3234 et
1190 3172 1255 3235 eius

59 3284 153 3343 motus
181 3278 327 3345 instinctu
357 3281 504 3366 quidquid
532 3281 655 3346 libertas
682 3281 842 3363 negligens
865 3278 897 3343 in
921 3280 1041 3343 licentia
1063 3278 1168 3344 illicita
1184 3301 1255 3363 pre·

59 3392 238 3470 sumpserat,
255 3409 309 3453 sue
322 3389 448 3454 victorie
465 3411 595 3455 censura
612 3390 738 3472 corrigit
754 3395 784 3452 et
800 3389 939 3472 castigat.
959 3389 984 3452 Ο
1002 3389 1137 3452 miranda
1155 3387 1256 3454 divina

58 3497 196 3575 potencia
213 3501 244 3560 et
259 3504 367 3580 potens
385 3499 564 3574 clemencia,
581 3518 639 3583 que
655 3501 769 3563 fastum
786 3517 980 3581 compescere
996 3502 1150 3582 prompta,
1173 3499 1256 3582 peri-

58 3607 121 3667 turo
137 3606 250 3670 mundo
268 3606 305 3669 de
322 3612 383 3671 tam
399 3608 511 3672 mundo
528 3609 665 3693 principe
681 3612 742 3671 tam
759 3608 896 3670 consulte
914 3625 1003 3690 quam
1023 3608 1137 3671 utiliter
1151 3607 1256 3689 provi-

60 3711 135 3788 disti,
153 3716 207 3800 qui
223 3737 259 3780 ex
275 3718 355 3781 omni
370 3723 456 3801 parte
473 3717 594 3792 beatus,
610 3736 737 3801 serenus
754 3717 785 3780 in
801 3722 877 3789 toto,
892 3717 1077 3780 torbacionis
1092 3717 1257 3782 cuiuslibet

60 3819 188 3897 inscius,
211 3825 276 3888 sine
295 3845 370 3890 cura
384 3827 487 3910 populi
510 3828 611 3892 scelus
637 3847 705 3891 esse
729 3830 859 3909 putaret,
884 3845 973 3910 quem
991 3825 1124 3910 supremi
1147 3846 1254 3891 manus

61 3930 172 4011 opificis
188 3934 328 3998 formavit
349 3933 381 3997 in
402 3934 572 4007 hominem,
589 3940 623 3999 ut
643 3940 688 3999 tot
710 3954 810 3998 rerum
834 3933 961 3996 habenis
979 3935 1116 3997 tlecteret
1133 3938 1253 4006 cuncta,

61 4038 112 4102 sub
125 4043 200 4106 iuris
211 4042 316 4126 regula
328 4043 464 4108 limitata.
480 4045 506 4108 Ο
520 4045 632 4110 utinam
647 4044 746 4109 divina
758 4044 901 4127 provisio,
909 4062 964 4124 per
972 4041 1124 4107 efferesim
1132 4043 1176 4128 o]
1188 4044 1255 4107 dic-

162 4188 196 4256 a)
217 4187 355 4260 ἀφαίρεσιν
370 4189 406 4243 ist
419 4189 544 4261 gemeint.

59 4315 377 4336 Ἢ

85 4401 261 4471 imme

83 4489 106 4557 'l
124 4504 209 4553 oleon.
224 4506 262 4562 17,
277 4508 300 4553 a.

85 4587 107 4651 Β)
127 4595 212 4643 terem.
226 4595 266 4653 tl,
281 4597 318 4647 li.
