3168 5124
1223 297 1272 370 17

22 475 23 478 ’
79 474 188 538 domine
205 475 240 538 Ε.
261 475 371 539 dilecte
384 477 577 540 consortisua
595 476 638 538 Al.
654 475 759 538 eadem
771 475 874 556 gracia
881 473 946 537 ‘dur
959 473 1095 538 eiusdem
1108 478 1188 537 terre
1205 493 1274 536 cunr

22 563 24 630 ἶ
80 584 371 648 saluteindissolubili
384 586 551 649 dilectionis
565 586 771 649 constanciam
787 584 833 647 vel
850 584 969 648 amoris.
979 582 1031 648 Sic
1039 583 1152 645 eisdem
1161 583 1275 664 princi·

76 691 156 774 pibus
177 693 316 758 scribunt
331 714 439 757 uxores
456 714 577 766 eorum;
594 693 679 757 verbi
696 694 816 774 gracia:
840 692 944 757 lnclito
963 690 1091 774 principi
1108 697 1139 755 ot
1153 671 1281 765 illustri,¹

79 801 226 865 karissimo
256 808 288 866 et
310 823 365 885 pre
387 804 505 868 cunctis
527 802 702 866 mortalibus
726 801 876 883 diligendo
899 800 1018 864 domino
1041 819 1078 862 ac
1094 801 1199 864 marito
1218 820 1272 864 suo

78 909 108 972 0.
124 910 178 973 Dei
193 912 301 992 gracia
317 913 516 975 Bohemorum
529 912 596 993 regi
608 911 642 975 E.
658 911 762 974 eadem
780 910 884 992 gracia
900 909 1035 974 ciusdem
1051 909 1137 989 regni
1154 908 1273 972 domina

77 1038 195 1080 necnon
211 1019 386 1084 fidelissima
399 1040 524 1084 consors
538 1039 592 1084 sua
605 1039 673 1083 cum
690 1019 858 1082 omnimoda
874 1017 1039 1081 devocione
1056 1017 1273 1081 subiectionem

22 1129 25 1240 p
77 1131 130 1190 tam
145 1127 288 1191 humilem
305 1149 394 1212 quam
411 1129 600 1211 condignam.

22 1319 23 1332 χ
156 1236 318 1300 Inferiores
353 1238 485 1310 nobiles,
524 1243 557 1303 ut
586 1239 710 1301 comites
745 1243 775 1301 et
809 1236 939 1300 barones
969 1235 1123 1318 ceterique
1156 1234 1272 1298 nobiles

22 1339 24 1394 ῗ
76 1343 110 1406 ad
124 1363 229 1407 uxores
247 1366 332 1418 suas,
357 1352 388 1410 et
410 1366 589 1410 econverso
612 1366 720 1409 uxores
745 1345 783 1408 ad
807 1346 885 1418 illos,
908 1344 1095 1409 humiliorem
1117 1344 1273 1408 habebunt

76 1452 176 1525 stilum,
197 1455 367 1518 secundum
384 1455 591 1538 cuiuscunque
608 1455 816 1518 condicionem
833 1460 864 1518 et
880 1454 1065 1535 dignitatem.

157 1563 340 1627 Humiliores
363 1584 452 1638 uero,
480 1571 514 1629 ut
542 1565 624 1627 cives
654 1571 685 1628 ct
706 1564 755 1628 alii
778 1565 868 1647 layci,
890 1563 1025 1627 scribant
1041 1563 1181 1627 uxoribus
1207 1564 1270 1628 suis

22 1713 24 1770 ἰ
76 1671 251 1752 simpliciter,
269 1673 351 1737 sicut
365 1679 437 1738 tunc
453 1673 544 1738 fuerit
561 1678 748 1737 consuetum.

22 1837 24 1862 u
156 1799 324 1864 Salutaeio
338 1802 479 1884 filiorum
492 1801 708 1886 adparentes,
725 1798 810 1861 vorbi
827 1800 945 1880 gracia:
963 1800 1145 1863 Reverendis
1158 1804 1188 1862 et
1199 1819 1271 1881 pre-

22 1929 23 1932 *
76 1907 182 1971 cunctis
204 1907 383 1971 mortalibus
407 1908 564 1990 diligendis
587 1908 912 1989 necopinantibus
937 1911 1170 1973 erroneorum
1192 1907 1270 1972 lilius

22 2077 23 2104 ἶ
77 2015 117 2076 vel
142 2015 200 2078 lilia
230 2036 301 2080 cum
319 2017 505 2079 subiectione
528 2016 697 2078 omnimoda
714 2017 851 2087 salutem,
874 2017 920 2078 vel
943 2019 1087 2099 quicquid
1108 2019 1139 2080 in
1159 2017 1269 2079 mundo

75 2125 222 2188 iucundius
249 2131 298 2189 est
315 2125 428 2196 salute,
452 2125 515 2186 rel:
546 2125 671 2187 salutem
700 2130 730 2188 et
758 2125 902 2208 quicquid
929 2125 999 2188 boni
1026 2126 1142 2208 loseph
1172 2127 1269 2189 Jacob

72 2233 181 2314 prebuit
196 2229 290 2316 patri,
308 2239 338 2297 et
354 2233 446 2297 multa
463 2233 579 2295 similia.

157 2361 327 2426 Salutncio
356 2367 529 2449 parentum
567 2361 612 2424 cd
643 2362 745 2444 filios:
785 2361 858 2422 Filio
896 2360 1078 2442 preamando
1111 2361 1143 2422 A.
1170 2366 1201 2424 et
1230 2363 1266 2427 E.

72 2475 201 2550 parentes
224 2471 272 2533 sui
302 2471 427 2532 salutem
445 2475 475 2533 et
491 2468 635 2552 quicquid
651 2469 749 2531 Ysaac
764 2468 860 2532 Jacob
879 2470 1012 2542 contulit,
1029 2469 1075 2532 rel
1093 2469 1218 2534 salutem
1236 2478 1268 2537 et

72 2577 206 2643 bonorum
224 2579 384 2641 consorcia
400 2577 520 2648 imitari,
536 2576 582 2640 vel
600 2577 726 2639 salutem
743 2583 773 2639 et
789 2577 876 2639 bonis
892 2579 1026 2642 moribus
1042 2579 1206 2643 informari.
1224 2621 1268 2630 -

22 2671 23 2676 ἵ
71 2687 133 2749 ltcm
161 2688 197 2750 de
224 2687 345 2750 filiabus
367 2691 468 2768 potest
491 2684 583 2748 scribi
604 2685 662 2747 hoc
680 2685 718 2748 ad
742 2690 894 2767 parentas·
909 2692 939 2750 ct
961 2709 977 2750 e
1003 2707 1166 2763 converso,
1195 2710 1268 2755 sexu

71 2798 161 2858 tamen
179 2797 325 2860 discreto.

150 2906 318 2971 Salutacc'o
330 2910 505 2991 parentum
533 2904 578 2967 ad
597 2903 777 2968 adulterum
797 2904 918 2989 filium:
943 2903 975 2966 C.
1001 2905 1112 2968 utinam
1130 2909 1266 2971 vocando

71 3011 121 3075 filio
136 3015 166 3076 Α.
184 3016 217 3076 Β.
236 3017 379 3096 parentes
398 3013 443 3075 sui
459 3032 514 3094 pro
532 3012 628 3075 salute
641 3012 821 3094 angustiam,
837 3012 884 3075 vol
896 3034 950 3096 pro
964 3016 1059 3080 salute
1073 3014 1266 3098 obprobrium

22 3149 23 3152 ¹
73 3123 286 3204 sempiternum.

152 3251 319 3316 Solutacio
332 3250 472 3336 filiorum
490 3249 534 3311 od
549 3249 646 3313 duros
658 3255 831 3335 parentes:
859 3249 1031 3314 Karissimis
1057 3257 1087 3315 et
1109 3255 1266 3335 precordi-

72 3356 156 3420 alibus
172 3361 205 3421 Α.
224 3364 256 3422 et
271 3359 305 3420 B.
323 3357 497 3440 parentibus
516 3357 579 3420 suis
593 3357 640 3428 Η.,
655 3357 717 3418 solo
730 3359 849 3420 nomine
867 3379 970 3423 eorum
986 3361 1076 3434 filius,
1093 3364 1218 3427 salutem
1235 3372 1266 3430 et

72 3467 176 3547 aperire
204 3473 332 3549 paterna
354 3466 473 3530 viscera
496 3465 667 3547 indigencie
695 3465 788 3538 filiali,
816 3467 879 3530 rel:
905 3469 1031 3533 salutem
1061 3477 1091 3535 et
1113 3475 1264 3555 propriam

22 3601 24 3658 p
72 3592 179 3636 carnem
196 3595 255 3638 non
274 3575 374 3646 odire,
397 3574 459 3636 vol:
471 3643 478 3652 .
489 3573 615 3637 salutem
632 3578 663 3636 et
679 3574 780 3636 cordis
798 3575 943 3638 duriciam
958 3597 1013 3660 per
1028 3579 1150 3661 pictatis
1167 3588 1265 3648 mate-

22 3733 23 3742 ,
71 3681 134 3744 riam
150 3704 316 3747 removere.
349 3682 431 3746 ldem
446 3687 552 3745 teneas
571 3683 607 3744 de
624 3681 752 3747 filiabus

148 3810 316 3876 Solutacio
336 3811 479 3893 fratrom
507 3810 593 3873 inter
608 3831 659 3873 se:
694 3809 877 3874 Dulcissimo
895 3831 1037 3892 germano
1055 3835 1111 3878 suo
1128 3816 1162 3880 C.
1181 3824 1211 3882 et
1224 3818 1263 3904 a)

71 3934 217 3995 germanus
230 3939 317 3989 suus,
330 3917 457 3980 salutem
471 3923 500 3979 et
512 3918 644 3979 fraterne
662 3918 830 3981 dilectionis
849 3922 1055 3986 constanciam
1068 3930 1098 3988 et
1110 3925 1262 3996 allectum,

22 4073 23 4108 3
71 4025 108 4086 uel
123 4027 245 4090 salutem
263 4031 294 4089 et
311 4045 376 4088 eam
400 4045 488 4108 quam
511 4025 569 4087 sibi
593 4026 748 4089 desiderat
770 4028 956 4109 sospitatem.
988 4031 1070 4095 Idem
1093 4039 1197 4098 teneas
1223 4039 1260 4101 de

71 4134 391 4199 sororibus-Verum
408 4134 433 4195 si
449 4133 557 4217 aliquis
575 4154 678 4197 eorum
695 4140 742 4197 est
757 4135 788 4197 in
806 4137 951 4218 dignitate
967 4141 1095 4221 positus,
1109 4146 1272 4212 scribetur

71 4240 286 4308 sibisecundum
300 4242 477 4324 dignitatem
486 4263 648 4316 suamnon
656 4244 794 4309 obstante
803 4248 988 4313 connexione
995 4253 1202 4320 fraternitatis.
1214 4298 1253 4308 -
1269 4277 1314 4316 ru.
1325 4277 1346 4315 n
1361 4289 1379 4316 a

70 4346 106 4410 Ex
127 4352 268 4432 predictis
297 4352 406 4433 collige
434 4353 564 4436 qualiter
585 4376 691 4418 omnes
714 4358 954 4444 copronymum,
980 4379 1159 4447 quacunque
1175 4365 1254 4436 linea

149 4515 180 4582 a)
198 4517 258 4587 ipae
278 4531 310 4567 nu
324 4520 461 4585 organun.

137 4615 227 4662 Fontes.
238 4617 307 4664 aoth.
320 4617 345 4660 ll.
359 4616 399 4665 Bd.
412 4617 478 4662 XXV.
1027 4613 1045 4666 2
