3100 5116
1181 359 1263 430 383

51 532 184 594 athletas
201 538 232 594 et
247 531 467 615 imperterritos
484 533 602 615 pugiles
619 533 751 615 gloriose
768 554 948 599 corruscans
965 534 1018 618 0).
1033 534 1099 598 Ηο0
1116 532 1259 617 equidem

54 641 133 704 inter
148 635 209 703 tua¹
219 640 381 722 magnalia,
397 640 482 724 regie
498 641 647 705 maiestati
670 642 852 725 gratissima,
876 642 963 706 valde
988 641 1075 708 nobis
1099 644 1268 724 gratanter·

36 741 212 832 apparuit,
256 747 343 811 valde
375 748 494 831 placide
525 749 602 814 votis
637 750 747 814 nostris
779 751 944 835 applausit,
986 750 1066 835 quod
1092 750 1263 834 legatorum

56 857 377 922 nostrorum'adventu
395 860 585 942 prorogabo,
604 878 671 923 mox
688 859 726 922 do
745 859 893 932 hostibus,
912 879 988 944 quos
1005 864 1145 944 potenter
1168 859 1263 924 valla·

54 985 153 1038 veras,
170 967 260 1048 signa
276 967 427 1031 retraxisti
453 967 598 1040 victricia,
621 988 751 1053 parcens
776 969 820 1032 eis
844 968 883 1032 ob
900 975 1035 1034 nostram
1051 969 1262 1034 reverenciam

53 1076 185 1138 nominis
202 1079 233 1138 et
245 1074 380 1147 honoris,
398 1096 474 1160 quos
491 1082 542 1140 tuo
560 1076 598 1139 de
614 1077 696 1142 facili
713 1078 865 1162 potuisses
888 1077 1015 1162 imperio
1037 1077 1262 1161 triumphaliter

52 1183 240 1248 subdidisse.
274 1183 374 1267 Super
391 1204 449 1270 quo
470 1185 526 1248 tibi
551 1185 589 1249 ad
611 1190 713 1268 grates
736 1186 904 1250 uberrimas
921 1187 1113 1258 inclinantes,
1134 1191 1166 1249 ot
1190 1175 1261 1250 fidei

50 1301 103 1358 tue
132 1295 340 1379 prestanoiam
367 1294 459 1378 digno
483 1294 604 1358 laudum
626 1296 769 1379 preconio
799 1296 1062 1368 commendantes,
1092 1294 1260 1361 invariabili

53 1407 155 1466 mente
185 1403 396 1486 concepimus,
423 1408 453 1466 te
482 1409 512 1467 et
538 1409 607 1468 tuos
635 1403 779 1487 largifluis
807 1403 1014 1469 beneticeucie
1039 1409 1141 1468 nostre
1171 1404 1261 1469 donis

52 1513 193 1577 attollere
211 1517 242 1575 et
263 1513 426 1578 honoribus
451 1513 592 1596 congruis
617 1514 769 1597 ampliare.
796 1515 889 1578 Porro
912 1515 982 1598 quia
999 1515 1037 1577 de
1053 1515 1097 1578 tui
1114 1513 1260 1578 fidelitate

52 1622 175 1686 consilii
208 1623 264 1687 sub
297 1642 351 1706 spe
382 1629 434 1688 tue
465 1622 668 1706 promociouis
700 1623 804 1707 tuique
836 1623 948 1688 favoris
979 1624 1127 1687 illustrem
1158 1625 1194 1688 N.
1219 1624 1260 1709 b)

51 1731 197 1795 comitem
214 1732 254 1817 c)
281 1731 472 1795 karissimum
500 1737 652 1804 nostrum,
687 1733 805 1816 regioni
832 1732 980 1797 maritime
1009 1734 1192 1817 prefecimus
1228 1737 1258 1800 in

51 1845 217 1912 rectorem,
234 1841 437 1905 sinceritatem
460 1846 541 1904 tuam
564 1841 730 1906 affectuose
751 1841 933 1926 requirimus
956 1847 986 1905 et
1010 1860 1164 1926 rogamus,
1183 1864 1259 1929 qua·

53 1960 141 2016 tenus
170 1950 201 2012 ei
229 1949 383 2014 ferventer
410 1950 554 2015 assistere
583 1951 706 2015 studeas
734 1951 897 2015 fructuosis
927 1951 1060 2016 consiliis
1087 1958 1117 2015 et
1139 1953 1257 2017 auxiliis

53 2063 242 2148 opportunis.
277 2063 341 2125 Hoc
357 2060 506 2144 siquidem
523 2082 594 2144 erga
618 2067 648 2124 te
672 2066 702 2124 et
725 2066 792 2124 tuos
817 2080 893 2144 equa
911 2061 1119 2126 vicissitudine
1136 2063 1257 2127 curabi-

53 2193 117 2236 mus
135 2170 316 2257 promereri.

146 2318 196 2371 Die
220 2317 279 2374 biur
301 2319 453 2373 orwdbnten
472 2319 624 2372 Gesandten
648 2319 707 2372 siud
730 2319 798 2374 ohne
816 2319 924 2374 Zweilel
946 2320 994 2375 des
1018 2321 1119 2392 lldnigs
1143 2323 1256 2378 11111101

55 2408 160 2464 undolf
169 2409 223 2463 und
238 2409 287 2465 der
299 2408 667 2465 ,lobanniterordeusmeistcr
680 2409 818 2481 beringer,
833 2410 876 2465 die
888 2410 989 2466 Rudoll
1001 2427 1041 2465 am
1056 2412 1099 2467 10.
1112 2413 1165 2468 11111
1183 2413 1252 2470 12⁷5

55 2500 121 2555 nach
136 2499 234 2554 italien
248 2500 356 2565 sandte;
375 2516 397 2553 s.
416 2501 484 2554 oben
496 2519 524 2573 p.
537 2499 673 2556 auc-ot.
692 2500 778 2557 Unscr
797 2501 872 2556 Briel
888 2501 923 2555 ist
937 2501 993 2556 also
1007 2506 1101 2572 apator
1116 2503 1169 2558 und
1183 2504 1253 2560 viel-

50 2591 130 2646 loiolrt
148 2596 210 2647 erst
228 2590 300 2645 1276
317 2591 503 2661 gosobrioben.
530 2579 603 2647 Uber
614 2592 769 2662 Napolcone
782 2592 852 2647 della
865 2593 952 2648 'forre
967 2593 1050 2665 vorgl.
1065 2593 1145 2665 Kopp
1161 2596 1185 2658 1,
1200 2594 1253 2662 112

50 2683 101 2738 und
126 2682 194 2737 210.
223 2713 255 2721 -
283 2683 430 2738 Denselbeu
456 2682 629 2752 Gogenstand
656 2683 783 2738 betrotl‘eu
809 2683 851 2738 dio
876 2683 965 2739 Briefe
991 2686 1059 2740 oben
1085 2685 1112 2740 S.
1139 2685 1196 2741 287
1222 2687 1251 2742 u.

50 2771 273 2830 1075111176.

628 2967 690 3037 33.

317 3128 376 3190 lton
394 3128 587 3190 Romanorum
605 3127 791 3191 commendat
807 3129 986 3210 episcopum.

52 3271 102 3324 Eia
125 3267 279 3324 rdmr'ocber
301 3270 389 3341 Kdnip
411 3268 543 3342 empfieblt
566 3269 650 3331 einen,
672 3267 726 3324 r'bm
747 3287 804 3324 com
823 3271 921 3342 Papate
943 3269 1126 3342 empfolrlenen
1140 3269 1256 3342 Boeotos

507 3361 602 3416 derrcn
616 3359 796 3416 Didceroucu.
863 3405 868 3416 .

140 3489 269 3552 Gerbert,
284 3485 311 3550 l,
323 3486 367 3541 311.

138 3614 259 3681 lulinite
282 3617 488 3681 misericordie
510 3619 592 3681 Deus
613 3618 786 3682 tribulatam
809 3619 868 3682 iam
897 3617 1013 3694 diucius
1042 3619 1195 3682 civitatem
1219 3622 1250 3680 et

47 3727 186 3792 diocesin
213 3726 251 3790 N.
275 3726 493 3809 compassionis
521 3731 552 3790 et
574 3726 780 3792 misericordie
803 3731 959 3798 contuens,
978 3728 1089 3800 oculis,
1119 3726 1249 3791 exclusis

46 3837 198 3902 bellorum
221 3856 257 3898 ac
273 3836 317 3924 d)
334 3836 460 3899 aliarum
479 3841 693 3921 tempestatum
716 3857 770 3900 seu
793 3837 1009 3903 adversitatum
1032 3837 1184 3924 periculis,
1211 3836 1248 3900 de

47 3952 171 4027 pastore
184 3946 318 4018 sciente,
340 3946 459 4008 volente
476 3951 507 4007 et
529 3946 647 4008 valente
670 3953 849 4012 memoratas
872 3947 1024 4012 civitatem
1048 3955 1079 4012 et
1100 3948 1246 4018 diocesin,

47 4055 211 4138 depressas
224 4053 381 4126 hactenus,
396 4075 454 4116 non
471 4054 585 4139 absque
603 4056 699 4139 culpis
715 4056 879 4130 hominum,
896 4063 929 4120 ut
946 4058 1106 4130 credimus,
1123 4056 1247 4142 provide

46 4165 201 4234 relevare,
231 4162 268 4225 de
291 4163 419 4227 honesto
444 4165 507 4229 viro
529 4165 566 4229 N.
585 4165 726 4247 diguatus
750 4169 797 4228 est
819 4166 1055 4231 misericorditer
1076 4157 1244 4253 providere.
1257 4201 1362 4246 pomp

46 4273 100 4336 llic
129 4273 282 4356 siquidem
309 4273 500 4338 sanctissimo
529 4275 606 4358 patri
635 4280 737 4338 nostro
766 4276 885 4341 domino
914 4297 991 4361 pape
1016 4278 1187 4341 notissimus
1216 4284 1246 4339 et

136 4420 173 4488 a)
200 4419 362 4473 choruscans
390 4419 416 4473 Z.
442 4450 468 4458 —
492 4420 525 4489 b)
546 4422 575 4474 H.
603 4420 836 4491 (1011011-0)
863 4422 896 4478 de
919 4425 1114 4495 Fiirsteuborg,
1134 4439 1246 4476 consau-

48 4511 172 4577 guiueum
192 4514 311 4564 nostrum
332 4510 516 4566 charissimum
537 4511 640 4582 regioni
660 4512 830 4570 Romaniolae
851 4520 877 4568 et
896 4513 1041 4578 maritimae
1056 4518 1108 4567 etc.
1122 4512 1245 4568 Gerbert.

52 4601 241 4670 -wfflb
