3112 5118
1193 309 1272 381 249

64 480 178 538 vestre
206 478 390 542 excellencie
412 480 614 562 assurgimus,
642 479 794 546 humiliter
809 483 987 545 inclinantes
1004 500 1072 545 oum
1088 481 1185 554 omni,
1212 501 1273 564 quo

63 584 229 657 valemus,
257 605 371 666 genere
393 586 579 667 graciarum,
608 608 726 652 omnem
741 589 861 671 penitus
885 589 1045 660 offensam,
1072 607 1162 671 quam
1183 589 1272 652 nobis

66 693 228 756 universis
245 693 456 756 universaliter
479 700 509 757 et
531 694 657 777 singulis
681 696 892 778 singulariter,
920 701 1080 778 antequam
1096 696 1135 760 ad
1151 697 1272 760 culmen

65 799 242 882 imperialis
259 801 374 883 fastigii
389 802 535 866 Dominus
552 823 609 866 vos
622 810 757 878 vocaret,
772 824 826 887 pro
844 805 986 888 qualitate
1008 809 1176 886 temporum
1191 806 1273 878 intur

64 907 164 980 listis,
197 909 406 981 remittentes,
438 909 557 992 integre
586 916 617 974 et
643 912 674 974 in
701 918 765 976 toto
792 911 949 975 oblivionis
981 910 1039 974 sibi
1069 915 1214 993 perpetue
1230 909 1272 996 o)

63 1017 218 1100 rubigine
233 1017 426 1100 superducta,
442 1018 482 1082 ad
497 1019 670 1083 memoriam
685 1021 757 1083 illud
771 1021 925 1103 politicum
940 1023 1135 1084 revocantes:

326 1178 432 1234 laedere
445 1177 490 1248 qui
502 1179 598 1251 potuit,
612 1181 752 1251 aliquando
765 1179 892 1252 prodesse
904 1179 1004 1235 valebit
1019 1179 1055 1251 ¹).

165 1323 255 1388 Unde
287 1323 504 1387 dominacionis
534 1329 636 1389 vestre
663 1324 902 1408 magnificiencie
926 1324 965 1410 b)
992 1324 1064 1388 totis
1095 1323 1209 1390 viribus
1242 1329 1274 1388 et

68 1429 240 1493 affectibus
272 1430 490 1512 supplicamus,
528 1435 675 1514 quatenus
707 1430 917 1495 munificencie
948 1437 1048 1495 vestre
1086 1429 1274 1511 benignitate

68 1537 219 1620 largitlua
236 1537 268 1600 in
284 1538 499 1601 conservandis
516 1544 618 1603 nostre
635 1539 765 1605 civitatis
776 1539 891 1605 iuribus
905 1544 936 1602 et
947 1539 1025 1602 bona
1044 1537 1274 1609 consuetudine,

70 1665 134 1728 que
154 1650 206 1708 est
221 1652 292 1726 apta
309 1646 409 1728 legum
432 1646 599 1729 interpres,
631 1647 710 1710 sicut
731 1648 908 1714 transmisse
925 1646 1011 1710 nobis
1028 1666 1124 1728 nuper
1139 1665 1157 1709 a
1172 1650 1276 1710 vestre

69 1752 245 1817 serenitate
261 1752 348 1817 litere
364 1753 552 1836 pollicentur,
569 1775 625 1819 nos
641 1754 739 1822 velitis
755 1755 910 1839 prosequi,
926 1760 958 1819 ut
970 1773 1147 1842 speramus,
1169 1753 1274 1818 lavore

70 1860 183 1942 gracie
214 1861 356 1942 specialis
375 1861 416 1948 ²),
434 1882 503 1930 cum
532 1867 563 1926 et
590 1883 645 1927 nos
672 1862 771 1944 parati
800 1863 892 1926 simus
920 1867 950 1925 et
975 1881 1043 1924 esse
1064 1858 1277 1928 inviolabiliter

68 1970 286 2040 intendamus,
315 1970 353 2032 ad
374 1974 475 2033 vestre
491 1970 658 2034 maiestatis
674 1972 800 2058 imperia
817 1977 847 2034 et
869 1970 1024 2042 mandata,
1052 1973 1141 2051 prout
1162 1967 1273 2030 iustum

69 2078 167 2140 suerit
184 2061 399 2139 et'eonsonum
416 2075 551 2158 equitati,
568 2096 621 2159 pro
638 2076 781 2162 qualitate
798 2076 1013 2162 nostrarumc]
1025 2075 1131 2144 virium
1144 2071 1273 2142 fideliter

70 2184 263 2268 exequenda.

653 2501 716 2572 37.

434 2677 494 2739 ilex
518 2676 713 2739 Romanorum
737 2674 767 2738 ll.
792 2676 930 2758 prlnclpl.

72 2839 132 2892 Der
152 2835 287 2893 romische
299 2834 387 2906 Kdnig
398 2833 520 2889 sichard
535 2831 655 2905 pswdbrt
672 2833 757 2887 einmn
770 2836 897 2900 ditratcn,
916 2833 966 2888 der
984 2831 1044 2888 sicis
1060 2834 1139 2904 loope
1152 2832 1210 2887 ch‘t
1226 2849 1276 2887 arn·

153 2925 277 2980 dauhtar
287 2923 397 2996 qeseiqt,
409 2921 538 2978 nunmebr
550 2923 615 2978 ader
628 2922 728 2978 soline
738 2922 837 2993 gethan
849 2919 907 2987 bot,
920 2921 993 2977 seins
1005 2923 1073 2977 nolle
1090 2922 1190 2976 Gnade.

169 3071 195 3133 Α
222 3067 393 3151 primordiis
421 3068 516 3132 nostri
543 3067 611 3130 solii
638 3066 694 3132 sub
723 3067 788 3131 eius
816 3066 952 3139 nomine,
986 3086 1041 3149 per
1068 3085 1157 3149 quem
1183 3085 1276 3147 reges

71 3185 211 3262 regnant
227 3184 258 3241 et
273 3177 425 3259 principes
449 3176 585 3240 obtinent
605 3175 821 3258 principatum,
848 3175 1004 3256 regiminis
1028 3173 1124 3238 nostri
1140 3173 1272 3254 disposi-

73 3288 202 3351 cionem
218 3285 375 3350 statuimus
392 3284 512 3366 pietatis
530 3288 561 3346 et
576 3282 618 3368 d)
635 3283 801 3346 clemencie
817 3281 1020 3346 moderamine
1037 3280 1273 3362 gubernandam,

72 3402 112 3459 ut
127 3395 250 3466 merito,
267 3395 345 3456 sicut
361 3393 399 3456 ab
417 3392 482 3474 ipso
500 3391 621 3474 pietatis
637 3396 762 3453 auctore
786 3395 817 3453 et
837 3388 1044 3451 misericordie
1067 3391 1149 3450 tante
1172 3387 1275 3468 gracie

74 3504 162 3567 dona
190 3501 395 3583 suscepimus,
429 3500 475 3562 sic
504 3498 568 3562 eius
597 3497 704 3560 intuitu
733 3497 861 3560 subditis
890 3495 1017 3566 nostris,
1051 3493 1139 3556 etiarn
1167 3494 1194 3556 si
1222 3515 1276 3557 eos

75 3610 243 3694 aliquando
275 3607 438 3690 deliquisse
470 3605 647 3688 contigerit,
690 3605 800 3668 adesse
831 3601 1068 3667 misericorditer
1099 3601 1273 3665 debeamus.

175 3771 210 3840 a)
225 3774 354 3838 perpetue
365 3784 406 3820 sm
417 3767 506 3819 Rsnde
516 3766 545 3820 V.
556 3795 587 3804 -
595 3766 627 3832 d)
637 3765 837 3834 magnificencie
847 3781 888 3818 sm
897 3763 988 3819 Rscde
999 3764 1030 3818 V.
1039 3764 1110 3833 —c)
1121 3766 1272 3818 nostrarum

76 3879 121 3916 arn
135 3860 230 3915 Raude
244 3859 273 3913 V.
289 3888 319 3898 —
335 3859 371 3928 d)
386 3868 427 3911 sm
439 3857 531 3910 llande
542 3857 573 3911 V.

106 4112 130 4172 ¹)
149 4113 257 4171 Dionysii
274 4113 370 4158 Catonis
387 4113 540 4158 distichorum
563 4111 623 4158 liber
639 4112 673 4156 lV.
692 4124 732 4156 no.
744 4111 787 4156 sss
805 4112 838 4155 lis
854 4110 957 4155 moribus
974 4110 1002 4156 ad
1015 4107 1100 4154 tilium.

211 4195 275 4240 Cede
291 4197 367 4240 iocum
383 4197 460 4241 laesus
476 4196 602 4246 Fortunae,
620 4194 678 4239 cede
695 4190 798 4248 petenti:

211 4277 303 4321 beders
319 4277 358 4333 qui
375 4277 462 4332 potuit,
478 4276 600 4332 aliquando
618 4275 732 4329 prodesse
749 4272 845 4318 valebit.

106 4359 128 4418 Ι)
149 4359 233 4405 blesen
251 4358 354 4403 Wunscb
373 4357 468 4402 erisillte
487 4356 573 4401 Rudott
587 4356 632 4401 den
650 4355 757 4407 Bsslern,
779 4353 857 4399 indem
882 4365 909 4398 er
931 4352 1005 4397 durob
1021 4351 1074 4397 eins
1091 4352 1202 4400 Uriuude
1220 4369 1273 4400 vom

148 4439 186 4486 15.
204 4440 259 4484 luni
286 4437 347 4483 12⁷4
371 4437 441 4482 ibnen
466 4437 508 4482 das
529 4436 634 4493 Privileg
655 4433 732 4494 Kdnig
752 4433 882 4478 lleiuricb's
908 4431 971 4492 (vu)
997 4432 1134 4491 bestitigts.
1160 4436 1276 4482 'l'rouilisrt

147 4523 169 4576 2,
188 4522 245 4569 25⁰.
262 4521 321 4578 lieg-
338 4521 395 4565 liud.
414 4533 451 4564 no.
472 4518 540 4564 125⁸.
