3112 5118
303 335 380 406 244

299 507 408 571 vestris
440 507 598 570 desideriis
631 507 764 570 duximus
797 505 854 570 hec
886 506 1059 589 pandenda:
1102 507 1182 591 quod
1215 509 1329 574 curiam
1362 514 1492 574 nostram
1551 499 1552 504 ¹

300 616 493 696 sollempnem
520 615 551 677 in
573 615 625 678 tali
657 614 723 678 loco
757 621 787 677 et
817 615 869 678 tali
902 615 951 677 die
978 614 1017 701 1),
1050 616 1173 697 eopiosa
1204 617 1292 680 nobis
1324 619 1492 700 principum

300 724 461 787 assistente
478 721 598 786 caterva
617 727 647 786 et
662 722 813 804 preelecte
833 721 935 804 stipati
952 722 1062 786 milicie
1079 723 1221 788 comitiva
1238 725 1289 807 a),
1307 725 1358 788 cui
1375 731 1493 806 tempo·
1551 809 1552 812 Ἴ

298 830 382 894 ribus
399 830 510 894 nostris
526 829 574 893 vin
595 829 659 893 visa
681 835 729 893 est
751 829 915 892 consimilis
934 829 975 916 8),
994 831 1213 913 celebravimus
1235 833 1445 896 condecenter
1465 833 1492 894 in

296 938 381 1021 regio
409 943 582 1019 potentatu,
610 936 880 1000 constitucionibus
909 941 1053 1019 congruis
1076 938 1211 1020 plurimis
1235 939 1341 1012 editis,
1369 940 1491 1022 oingvdo
1551 999 1552 1034 p

299 1045 420 1110 militari
436 1044 534 1109 multis
551 1044 707 1126 tyronibus
725 1044 875 1108 decoratis
893 1050 923 1108 et
940 1044 1076 1109 omnibus
1099 1046 1176 1119 aliis,
1199 1066 1257 1129 que
1280 1047 1443 1111 sedentem
1464 1048 1492 1112 in
1551 1045 1552 1056 ’

298 1155 406 1219 throno
423 1171 527 1233 regem
542 1151 735 1232 magnificant
748 1157 778 1214 et
789 1153 921 1233 regalem
940 1159 1084 1217 exornant
1100 1155 1223 1227 curiam,
1240 1156 1299 1220 rite
1316 1155 1392 1220 actis
1413 1160 1445 1219 el
1456 1154 1492 1218 de

300 1260 544 1344 contingentibus
561 1259 602 1321 nil
619 1258 769 1332 obmissis,
793 1259 865 1323 lieet
882 1260 1015 1323 sedentis
1033 1261 1070 1324 ab
1087 1263 1224 1345 aquilone
1248 1285 1286 1326 re
1296 1264 1355 1345 gis
1374 1263 1493 1327 Bnbe·

297 1353 435 1434 mo'rum
460 1369 607 1431 calliditas
634 1368 698 1431 visa
720 1368 810 1431 fuerit
845 1367 1016 1432 inocculto
1050 1390 1117 1433 eum
1139 1369 1278 1453 nequiret
1299 1373 1331 1434 in
1357 1370 1491 1453 publico,
1551 1363 1552 1396 ³

297 1478 411 1542 nostris
441 1482 502 1541 tam
534 1476 704 1540 celebribus
737 1476 858 1540 obviare
889 1478 1103 1558 progressibus
1134 1484 1256 1563 tamque
1283 1478 1430 1562 proficuis
1462 1486 1491 1542 et

297 1587 415 1650 festivis
432 1586 615 1668 sollempniis
632 1585 835 1648 intentaeione
853 1586 968 1648 nefaria
985 1587 1146 1658 contraire,
1164 1587 1215 1670 qui
1227 1592 1343 1660 tamen,
1366 1588 1491 1650 dextera
1551 1621 1552 1660 3

297 1694 416 1759 Domini
432 1694 563 1758 faciente
572 1692 610 1778 b)
627 1693 818 1780 virtutem),
835 1693 866 1755 in
882 1713 936 1756 sua
954 1693 1068 1756 defecit
1083 1690 1211 1766 astucia,
1228 1716 1286 1758 non
1300 1695 1489 1783 prolecita).
1551 1709 1552 1712 ’

297 1801 407 1866 Cetera
434 1823 505 1866 vero
529 1801 656 1864 dilectus
678 1799 833 1867 familiaris
850 1806 955 1864 noster
971 1801 1009 1864 N.
1027 1801 1337 1882 explicabit‘lucidius
1367 1804 1490 1868 oracvdo

296 1930 363 1974 vrve
379 1931 472 1975 vocas.

391 2071 424 2142 α)
439 2072 597 2142 Erginuung
615 2087 662 2125 aus
675 2071 810 2126 Rodmann
831 2089 858 2141 p.
872 2070 915 2126 64.
934 2071 989 2125 Nos
1007 2072 1099 2142 itaque
1117 2072 1188 2126 iuxta
1207 2077 1315 2128 vestrae
1334 2073 1492 2129 salutiferae

294 2163 477 2247 suggestionis
490 2160 654 2224 instanciam,
667 2163 693 2215 in
711 2160 849 2214 emissione
862 2161 1061 2231 praeseneium,
1081 2160 1114 2214 de
1133 2163 1382 2234 sollempnibus
1408 2181 1492 2219 nun-

299 2254 363 2308 ciis
382 2251 661 2307 transmittendis
686 2250 868 2304 adeuntem
889 2250 1012 2304 ordinare
1033 2251 1083 2304 lam
1102 2251 1253 2322 coepimus,
1279 2261 1365 2323 prout
1384 2254 1491 2323 negocii
1551 2277 1552 2280 ¹

297 2343 412 2414 qualitas
433 2343 610 2413 exposcebat3
637 2357 794 2411 processum
814 2357 879 2394 vero
899 2340 989 2394 euriae
1009 2343 1183 2410 praenotatae
1202 2358 1251 2412 per·
1270 2343 1391 2398 ordinem
1404 2343 1491 2398 nuncii

296 2434 380 2491 nostri
405 2434 580 2504 sollempnes,
605 2431 650 2503 qui
676 2433 870 2501 subsequenter·
897 2429 924 2483 in
948 2434 1067 2502 proximo
1087 2433 1164 2487 vobis
1183 2435 1303 2502 apertius
1325 2437 1353 2489 et
1378 2434 1491 2488 lusidius

298 2525 466 2579 enarrabunt.
486 2523 612 2579 Ceterum
626 2523 800 2577 exhibitorem
819 2522 1012 2590 praesenciam,
1032 2523 1115 2587 iuxta·
1126 2524 1198 2595 quod
1218 2523 1284 2578 alias
1298 2541 1350 2594 per
1363 2524 1489 2578 ddeetum

297 2614 452 2668 familiarem
476 2619 592 2668 nostrum
616 2614 647 2666 N.
674 2612 765 2667 existit
785 2613 856 2666 vivae
876 2613 949 2666 vocis
975 2615 1085 2667 oraculo
1112 2613 1328 2678 commendatus,
1360 2616 1492 2677 babeatis,

295 2705 318 2757 si
337 2706 435 2775 placet,
454 2705 480 2757 in
500 2704 555 2758 suis
574 2703 687 2775 agendis
706 2703 891 2758 favorabiliter
910 2706 1119 2759 recommissum.

392 2884 425 2954 a)
440 2884 590 2938 continuata
603 2883 633 2938 V.
646 2911 682 2924 -·
695 2883 727 2951 b)
742 2883 882 2937 facientem
894 2883 924 2939 V.

326 3193 350 3253 ¹)
368 3194 401 3238 zu
418 3191 542 3251 lldrnberg
558 3205 593 3237 am
612 3191 648 3236 19.
667 3190 798 3237 November
816 3189 886 3244 1274,
904 3192 948 3236 wie
965 3203 1005 3236 aus
1023 3191 1066 3236 der
1081 3191 1209 3250 folgenden
1226 3191 1287 3237 Note
1304 3193 1458 3254 hervorgebt.

325 3274 347 3336 ¹)
365 3275 451 3320 chron.
470 3275 582 3332 Sumpetr.
609 3274 709 3318 Menkeu
734 3273 758 3326 3,
775 3272 828 3318 881.
855 3272 943 3318 Eodem
968 3285 1029 3319 anno
1054 3271 1142 3333 (1274)
1166 3272 1279 3318 liudolfus
1301 3273 1326 3318 in
1351 3275 1490 3337 Norimbsrg

363 3357 492 3402 celebravit
508 3357 596 3401 curiam
613 3369 676 3401 suam
695 3356 821 3400 ostendens
839 3355 924 3400 ibidem
942 3354 1016 3399 robur
1033 3354 1128 3399 virtutis
1146 3368 1202 3400 suae
1219 3367 1271 3400 eum
1289 3355 1384 3403 duobus
1401 3356 1491 3400 milibus

360 3441 459 3484 militnm
477 3440 618 3486 armatorum
635 3438 659 3483 et
676 3439 773 3494 insuper
795 3435 961 3495 quinquaginta
984 3436 1096 3487 militum,
1119 3438 1159 3494 qui
1180 3437 1387 3482 contradictorum
1405 3440 1430 3483 el
1446 3437 1490 3482 ini·

360 3522 472 3567 micorum
490 3519 670 3574 rebellandum,
698 3519 717 3564 si
736 3516 776 3575 qui
797 3517 896 3563 forsitan
918 3519 1075 3575 apparerent,
1104 3515 1293 3563 machinaciones
1319 3520 1345 3562 et
1366 3519 1489 3564 saeviciam

362 3605 530 3661 propulsarent
546 3603 596 3646 sive
614 3602 720 3645 Ottocari
743 3601 871 3644 adversarii
893 3599 930 3644 eui
953 3599 1003 3644 eive
1026 3599 1133 3644 aliorum.
1160 3601 1231 3645 Diese
1252 3600 1383 3645 Nacbricht
1404 3601 1489 3644 stimant

360 3697 388 3728 eo
405 3685 459 3728 eebr
480 3684 521 3727 mit
538 3685 580 3727 der
596 3683 701 3726 Relation
718 3682 741 3724 in
759 3693 866 3725 unserem
883 3679 962 3724 Briefe
980 3679 1085 3734 viberein,
1105 3679 1158 3724 dass
1175 3681 1219 3724 wir
1236 3681 1298 3725 olane
1314 3681 1432 3725 Weileres
1447 3693 1488 3724 au·

363 3764 461 3809 nebmen
478 3765 581 3816 idunan,
600 3762 643 3807 der
660 3762 788 3819 Reicbstag
805 3775 850 3806 von
868 3761 920 3806 dem
936 3760 1025 3806 liudolf
1040 3762 1091 3806 bier
1107 3760 1209 3816 spricbt,
1229 3762 1264 3804 eei
1281 3761 1324 3806 der
1343 3775 1390 3806 von
1410 3763 1488 3806 lidrn-

362 3845 429 3905 berg.
448 3847 494 3890 llus
510 3845 553 3890 der·
569 3845 711 3904 Erginzung
730 3857 770 3888 eus
786 3844 904 3887 Bodmann
922 3843 1016 3900 ergiebt
1032 3842 1082 3886 eleb
1099 3842 1172 3894 auch,
1189 3841 1243 3886 dass
1259 3843 1320 3886 noch
1339 3842 1490 3899 eivs'svveiter

360 3928 487 3986 Reicbsteg
503 3927 654 3981 beverstand‚
668 3940 716 3972 was
733 3938 817 3971 uasere
834 3926 950 3970 Annabme
967 3923 1091 3983 bestitigt,
1109 3924 1137 3968 da
1154 3923 1177 3967 in
1194 3924 1320 3984 Nirrnberg
1337 3926 1375 3969 ein
1392 3923 1489 3970 sweiter

361 4010 486 4068 fleirhssag
502 4010 545 4054 auf
559 4009 604 4054 den
622 4008 659 4052 23.
678 4010 727 4052 lan.
746 4007 807 4052 1275
825 4021 852 4052 zu
870 4006 996 4064 wirzburg
1019 4005 1162 4064 festgesetnt
1184 4006 1273 4050 warde.
1304 4007 1381 4050 Somit
1397 4007 1489 4051 erneisi

362 4093 411 4138 eleb
430 4093 550 4138 Gerbert'e
568 4092 694 4141 Annabme‚
712 4091 810 4134 monach
827 4091 906 4135 dieser
923 4088 989 4134 Brief
1004 4091 1026 4134 in
1045 4089 1086 4134 das
1102 4089 1158 4134 Jabr
1176 4088 1237 4134 1276
1254 4090 1353 4146 gebest,
1370 4091 1406 4134 als
1422 4089 1487 4147 irrig.

325 4171 348 4234 3)
361 4176 443 4219 Psalm·
458 4175 510 4229 117,
525 4173 561 4219 16.
1235 4227 1257 4262 „p
1269 4221 1280 4242 s

1550 2473 1552 2520 l

1550 3447 1552 3478 v

1550 3483 1552 3520 l
