3108 5118
845 716 907 788 49.

631 897 690 959 lter
708 896 900 962 Romanorum
919 899 949 961 ll.
968 902 1132 981 provincie.

712 1051 790 1104 1275.
805 1052 857 1107 Juli
874 1051 1057 1121 10.Tuuregi.

287 1191 375 1262 venep
387 1191 593 1263 nomismate
606 1193 657 1246 aen
669 1193 891 1267 recuperem
909 1195 938 1249 a
951 1195 1053 1258 reaten,
1072 1199 1137 1250 one
1149 1213 1180 1248 e·
1191 1196 1271 1250 aena
1283 1195 1354 1250 naen
1368 1194 1476 1248 senar·
1544 1173 1546 1272 l

286 1297 359 1351 pnnp
373 1281 568 1337 [teutscblonda
587 1283 693 1338 dorthin
709 1283 825 1338 tommea
837 1287 939 1352 werde,
953 1287 1010 1339 aad
1022 1305 1053 1339 aa
1067 1287 1126 1339 dem
1141 1286 1250 1340 Zsoeclee
1261 1285 1356 1340 scinco
1369 1286 1477 1338 Koneler
1544 1273 1546 1346 l

288 1370 400 1442 liudolf,
422 1373 473 1426 den
490 1372 849 1429 Jobonniterordeasmcister
868 1376 998 1448 Beriaper
1016 1377 1073 1432 und
1089 1377 1140 1429 den
1164 1376 1267 1447 Grates
1284 1374 1411 1431 Heinrich
1432 1392 1477 1430 ooo
1544 1363 1547 1450 i

494 1463 673 1534 mererent-erp
684 1481 772 1534 saepen
785 1465 835 1518 der
854 1465 1073 1536 Vorberes‘tanpen
1087 1465 1274 1519 corooosende.

379 1606 507 1660 Muratori
522 1605 683 1676 Scriptores,
696 1605 723 1670 9,
735 1607 798 1660 720.

378 1749 424 1812 Ab
447 1755 486 1830 α)
520 1750 569 1812 illo
602 1750 682 1814 bono
714 1753 931 1833 patrefamilias
959 1753 1096 1834 protinus
1125 1758 1155 1815 et
1181 1753 1333 1814 instanter
1355 1770 1373 1814 a
1397 1749 1478 1812 nobis
1546 1716 1548 1830 i

168 1893 207 1933 Μ
222 1891 278 1934 4³„
288 1857 416 1938 exigitur
432 1857 575 1929 debitum,
593 1859 642 1941 qui
659 1878 787 1940 peregre
802 1858 1010 1940 proficiscens,
1027 1861 1170 1923 familiam
1187 1879 1272 1922 suam
1289 1878 1365 1922 cure
1381 1863 1480 1920 nostre

286 1964 456 2046 supposuit,
473 1966 521 2028 cui
539 1967 662 2035 talenta,
680 1984 738 2047 que
756 1966 896 2036 credidit,
913 1967 1051 2047 cogimur
1072 1967 1199 2029 reddere
1223 1967 1390 2047 duplicata.
1427 1963 1483 2028 Sed
1547 2001 1549 2016 ι

287 2079 318 2137 et
333 2074 401 2138 vice
417 2074 576 2155 reciproca
592 2093 647 2135 nos
664 2075 796 2136 excitant
812 2073 964 2137 adtributa
980 2072 1020 2158 o)
1037 2075 1157 2137 fortune
1173 2074 1324 2137 beacioris
1339 2072 1483 2154 auspicia,
1547 2067 1549 2156 i

284 2188 318 2245 ut
335 2182 372 2245 ab
390 2183 446 2252 eis,
463 2202 537 2265 quos
554 2183 685 2245 Romans
698 2182 825 2245 dicIonis
843 2183 999 2263 imperium
1015 2202 1070 2244 sno
1087 2183 1201 2263 gremio
1219 2181 1390 2244 dinoscitur
1414 2199 1483 2242 con·
1547 2171 1549 2248 ξ

283 2280 399 2362 fovere,
427 2289 622 2354 subiectionis
651 2295 681 2353 et
709 2289 887 2354 obediencie
923 2289 1058 2354 debitum
1092 2291 1256 2372 exigamus.
1295 2287 1485 2352 Ammirande
1549 2289 1550 2330 l

283 2398 387 2461 'tamen
414 2398 601 2461 condicionis
636 2397 812 2460 utrumlibet
845 2402 892 2460 est
920 2397 1070 2470 debitum,
1097 2400 1125 2460 si
1151 2399 1300 2461 subtiliter
1326 2399 1486 2464 intuemur,

287 2506 372 2568 cuius
389 2506 503 2568 solucio
517 2505 662 2568 debitoris
675 2506 872 2567 emolumenta
885 2525 944 2567 non
956 2506 1072 2575 minuit,
1086 2512 1177 2586 auget
1189 2504 1290 2576 iidem,
1311 2506 1405 2568 immo
1421 2507 1485 2588 plus

287 2612 400 2676 crescit
427 2615 555 2676 solventi
582 2614 720 2684 comodo,
742 2633 832 2696 quam
854 2615 1031 2696 suscipienti
1055 2613 1193 2696 proficiat
1219 2615 1421 2679 incremento.
1453 2614 1486 2678 Si

288 2721 368 2784 enim
407 2721 528 2783 comissi
565 2721 721 2802 regiminis
761 2741 979 2804 prosequamur
1011 2721 1152 2785 effectum
1175 2723 1227 2808 b),
1255 2723 1294 2785 ad
1322 2723 1486 2786 vindictam

289 2830 436 2893 malorum
456 2828 574 2891 laudem
596 2849 667 2893 vero
683 2829 840 2899 bonorum,
864 2836 895 2892 et
916 2830 1089 2911 temporalis
1104 2808 1400 2912 bonorisstipendia
1417 2851 1489 2915 que-

291 2940 396 3009 rimus,
413 2938 483 3001 dum
505 2935 703 3000 clarificemur
723 2938 755 2999 in
776 2938 856 3000 fama
880 2943 911 3000 et
925 2937 1137 3001 retribucionis
1160 2945 1264 3000 eterne
1286 2959 1342 3020 spe
1366 2939 1490 3020 pulchra

291 3047 451 3116 relicimur,
465 3046 533 3108 dum
550 3044 722 3126 proficimus
739 3045 769 3106 in
785 3045 880 3108 salute
896 3084 941 3094 -
957 3045 983 3106 si
1001 3047 1107 3116 eciam,
1125 3047 1206 3109 iuxta
1224 3047 1325 3108 divine
1343 3046 1485 3110 iussionis

292 3156 435 3224 edictum,
451 3174 508 3236 que
525 3159 595 3215 sunt
612 3152 732 3214 Cesaris
749 3152 855 3214 Cesari
876 3154 1104 3233 persolvantur,
1133 3153 1292 3234 recipienti
1315 3155 1385 3235 plus
1402 3173 1485 3218 eom·
1550 3197 1551 3214 ,

291 3264 372 3327 modi
389 3270 420 3326 et
434 3262 557 3324 bonos-is
575 3260 751 3343 acquiritur,
768 3279 856 3343 quam
873 3261 1001 3322 solventi
1018 3261 1191 3324 vexacionis
1209 3269 1240 3324 et
1256 3263 1359 3324 oneris
1376 3281 1487 3344 aggre-
1550 3237 1551 3260 Χ

292 3379 390 3454 getur.
422 3372 465 3434 Ee
483 3371 522 3458 β)
540 3389 647 3451 nempe
664 3376 734 3431 sunt
750 3369 860 3438 omnia,
874 3368 900 3429 si
914 3367 952 3430 ad
964 3387 1068 3430 verum
1084 3369 1280 3438 recurrimus,
1297 3369 1487 3434 subditorum

292 3482 391 3543 votivo
414 3480 575 3549 levamina,
604 3497 663 3559 que
684 3483 755 3540 sunt
775 3476 946 3542 huiusmodi
969 3477 1121 3538 molimina
1144 3477 1344 3558 principatus.
1379 3478 1414 3540 ln
1429 3478 1485 3541 boe

293 3590 371 3650 enim
388 3586 484 3669 gloria
501 3586 582 3666 regis
590 3585 754 3654 attolitur,
772 3585 798 3646 si
814 3585 844 3646 in
854 3585 948 3665 pacis
963 3584 1149 3665 plenitudine
1167 3585 1311 3665 populum
1328 3585 1443 3668 diriget
1457 3591 1485 3648 et

293 3698 324 3758 in
352 3696 457 3775 vigore
484 3694 602 3755 iusticie
629 3697 758 3754 tueatur.
792 3692 937 3772 Legimus
964 3711 1036 3753 vero
1066 3711 1157 3775 quam
1185 3693 1289 3773 plures
1312 3712 1369 3774 pro
1392 3694 1489 3776 quiete

294 3802 462 3886 reipublice
478 3802 591 3863 eximiis
609 3823 643 3864 sc
658 3801 858 3862 immiscuisse
880 3798 1033 3862 laboribus
1058 3807 1088 3861 ct
1110 3798 1364 3864 intollerabilibus
1380 3821 1487 3882 grava-

294 3911 424 3976 minibus
440 3909 621 3973 subdidisse.
653 3909 692 3972 Et
707 3909 779 3970 licet
794 3912 857 3969 tam
871 3907 1032 3990 periculosi
1049 3906 1220 3978 sollicitudo
1246 3909 1371 3989 negocii
1392 3911 1486 3972 omni-

293 4021 351 4084 bus
379 4025 459 4084 terre
481 4016 668 4101 principibus
698 4015 860 4086 debeatur,
887 4016 1012 4080 Romani
1042 4021 1142 4078 mmen
1166 4016 1285 4097 imperii
1314 4017 1484 4080 veneranda

294 4129 475 4198 sublimitas,
503 4147 562 4210 que
589 4126 620 4189 in
648 4125 780 4188 omnium
807 4122 1033 4206 presidencium
1061 4124 1174 4192 oculis,
1197 4123 1287 4188 velud
1309 4124 1341 4186 in
1364 4127 1485 4206 speculo

296 4237 472 4304 collocatur,
494 4239 579 4296 tanto
602 4233 773 4294 servencius
795 4231 894 4294 zelare
910 4250 1030 4312 pacem,
1052 4237 1136 4294 tanto
1160 4230 1278 4294 avidius
1301 4231 1490 4294 subditorum

293 4345 416 4410 iusticie
433 4343 524 4405 debet
542 4342 709 4412 intendere,
725 4345 837 4423 quanto
860 4339 982 4402 clariori
1004 4339 1148 4420 presagio
1171 4345 1201 4400 et
1218 4339 1405 4402 evidenciori
1421 4360 1489 4422 per-

387 4491 422 4554 n)
437 4489 475 4542 Sc
489 4487 530 4540 idr
541 4487 668 4540 attributa
682 4485 711 4536 l'.
727 4513 761 4522 —
774 4483 806 4548 i)
821 4481 935 4537 officium
948 4482 1090 4536 llodmann.
