3100 5116
1151 351 1228 424 355

24 519 274 605 reprehensibile
298 519 462 592 videretur,
486 522 513 586 si
541 522 585 586 sic
607 527 744 604 repente,
768 523 813 586 sic
835 522 1050 609 precipitanter
1071 524 1110 588 ad
1137 526 1230 589 colla-

25 630 146 694 cionem
179 631 349 715 aliquorum
376 630 584 704 districtuum,
616 630 655 694 ad
688 630 811 694 easdem
838 638 936 696 terras
953 633 1160 717 spectancium
1176 635 1229 721 a),

28 739 210 804 huiusmodi
231 741 440 806 declaracione
462 760 517 804 seu
540 739 727 826 discussione
750 741 900 823 neglecta,
924 741 972 806 cui
999 740 1141 807 videlicet
1163 743 1231 827 qui·
1263 755 1269 770 ¹

28 847 206 931 busquidve
224 848 265 935 b)
288 849 325 912 de
347 850 413 913 iure
430 855 648 934 competerent,
665 867 719 912 nos
737 849 926 931 contingeret
940 849 1078 934 prosilire
1097 848 1135 936 ¹).
1159 849 1230 915 ldeo

26 962 131 1022 vestra
161 957 254 1022 nobis
281 963 421 1040 porrecta
447 957 558 1041 peticio
586 975 641 1040 pro
665 957 745 1020 dicte
768 957 805 1022 N.
833 958 871 1020 ad
897 976 1023 1040 presens
1047 964 1094 1023 est
1121 960 1231 1024 ellectu

23 1066 188 1130 barbata.
227 1067 313 1148 Quod
330 1067 433 1150 utiquo
450 1073 581 1129 mentem
596 1067 711 1149 regiam
734 1062 929 1149 displiceneie
951 1067 1139 1150 spiritunon
1161 1091 1232 1152 per-

24 1174 150 1247 turbet,
175 1194 248 1240 eum
270 1175 347 1247 sint,
369 1181 404 1240 ut
425 1175 537 1249 nostis,
561 1175 747 1257 agendorum
767 1193 929 1258 processus
953 1175 1124 1239 huiusmodi
1146 1178 1232 1262 equis

23 1283 202 1348 trutinandi
218 1283 338 1348 iudiciis
356 1288 387 1347 ot
401 1284 527 1347 matonis
544 1283 731 1350 examinandi
749 1283 882 1348 consiliis
900 1290 930 1347 et
947 1285 1072 1358 exactis,
1084 1305 1123 1349 ne
1136 1286 1233 1368 possit

28 1392 252 1460 mutabilitatis
276 1398 306 1456 et
327 1393 532 1457 inconstancia
560 1395 646 1476 argui
673 1392 865 1476 presidenoia
886 1393 1071 1478 principalis.
1105 1395 1233 1460 Verum-

26 1507 140 1566 tamen·
153 1502 195 1566 ad
211 1506 312 1566 vestre
328 1503 424 1584 glorie
440 1503 553 1584 tytulos
569 1501 750 1566 attollendos
766 1506 828 1565 tam
844 1503 959 1566 fervide
977 1503 1109 1586 gerimus
1127 1505 1234 1568 incon·

26 1631 116 1676 cusse
131 1611 321 1676 sinceritatis
337 1609 489 1683 affectum,
507 1610 634 1695 quode)
650 1610 771 1674 libuerit
784 1611 871 1675 vobis
884 1599 926 1697 cl)
942 1610 981 1676 ad
995 1613 1034 1699 e)
1049 1632 1234 1696 recuperan-

32 1718 102 1783 dum
120 1719 174 1782 ius
191 1718 302 1804 prefati
319 1719 478 1784 camerarii
493 1720 587 1784 vestri
603 1725 773 1783 nostrarum
788 1720 827 1805 f)
842 1721 975 1784 excitare
995 1721 1103 1786 virium
1124 1727 1232 1804 poten·

27 1827 118 1900 ciam,
151 1826 241 1891 vobis
259 1827 303 1914 p)
330 1832 361 1892 et
388 1828 417 1891 ei
445 1847 537 1911 super
562 1828 621 1892 boc
649 1826 679 1890 in
713 1827 921 1892 benivolencie
953 1829 1116 1910 singularis
1148 1828 1234 1892 uberi

32 1936 209 2010 affluencia,
233 1941 378 2020 quantum
394 1935 460 2000 sine
476 1937 550 2000 iuris
566 1955 725 2021 possumus
742 1938 861 2008 iniuria,
882 1937 1012 2002 libenter
1028 1944 1059 2002 et
1072 1937 1238 2002 liberaliter

28 2045 221 2110 intendimus
239 2045 383 2128 aspirare.

611 2269 646 2340 6.

375 2449 571 2512 llonanoru
587 2448 651 2528 regl
667 2448 822 2533 provincia
838 2453 894 2513 eto.
951 2430 954 2437 ¹

31 2600 96 2655 llice
118 2600 238 2656 Proeinz
251 2598 384 2670 tbmyiebl
404 2598 464 2654 oieb
482 2601 540 2654 und
558 2599 615 2654 ihre
640 2601 731 2654 stacte
749 2597 809 2652 aad
830 2600 988 2669 Feemnqcn,
1007 2597 1065 2654 ibre
1088 2595 1158 2652 Hebe
1180 2598 1235 2651 cad

299 2689 485 2760 neollmny
497 2689 555 2744 dem
570 2687 683 2745 Saturae
695 2689 743 2744 des
756 2688 857 2759 Konipe
869 2687 978 2759 liudolf.

124 2836 307 2902 Benedictio
338 2842 369 2900 et
398 2835 530 2906 claritas,
552 2819 714 2919 ‘sapiencia
743 2839 773 2897 et
800 2833 973 2917 graciarum
1002 2832 1101 2902 actio,
1128 2835 1234 2907 honor,

33 2950 126 3013 virtus
155 2951 187 3010 et
209 2942 354 3009 fortitudo
377 2943 489 3009 viventi
512 2945 543 3006 in
566 2945 669 3007 secula
693 2943 874 3012 seculorum,
897 2941 948 3026 qui
963 2946 1108 3023 vergente
1130 2941 1233 3004 mundi

33 3077 165 3142 vespere
188 3055 219 3118 in
243 3053 350 3118 diebus
373 3052 484 3118 nostris
501 3052 626 3116 Romani
649 3053 854 3116 monarchiam
870 3049 1000 3132 imperii,
1016 3049 1075 3112 iam
1091 3050 1183 3113 voluti
1204 3051 1235 3113 in

33 3166 168 3251 pedibus
208 3161 350 3226 fictilibus
381 3160 580 3231 titubantem,
621 3180 711 3224 aureo
745 3159 844 3244 capite
883 3157 1053 3229 decoravit,
1098 3178 1172 3240 rego
1195 3158 1235 3243 b)

33 3274 180 3339 uidelicet
193 3271 307 3336 honore
324 3277 353 3334 ot
370 3269 465 3352 gloria
482 3270 637 3339 decorato,
654 3288 742 3353 quem
758 3289 811 3332 rex
825 3287 942 3350 regum,
966 3267 1050 3330 diues
1073 3267 1104 3329 in
1121 3286 1235 3340 omnes,

105 3455 151 3523 c)
171 3452 212 3507 cic
231 3451 271 3506 bis
290 3449 470 3522 sprctoncium
491 3466 533 3503 am
551 3449 642 3504 Raude
660 3449 689 3503 ll.
709 3475 744 3488 -
763 3447 796 3516 b)
815 3447 915 3518 quib’q,
934 3464 967 3501 ve
989 3447 1020 3501 V.
1043 3475 1079 3485 -
1098 3445 1131 3514 o)
1154 3447 1177 3500 si
1204 3463 1235 3499 au

37 3551 236 3613 argatonem,-
261 3541 296 3610 d)
315 3541 390 3595 nobis
413 3542 441 3596 Z·
466 3569 499 3580 -
519 3541 555 3608 e)
574 3539 608 3593 all
627 3538 838 3610 recuperandum
861 3536 900 3588 bio
926 3537 1075 3607 potenciam
1102 3537 1168 3590 fehlt
1194 3536 1235 3590 bei

37 3635 166 3689 Gorbert.
198 3661 227 3673 -
256 3632 290 3704 f)
326 3635 471 3685 vestrarum
506 3631 598 3685 Bodm.
634 3629 688 3683 und
718 3627 826 3683 Stobbe.
857 3656 887 3667 -
921 3629 957 3699 p)
987 3630 1015 3682 et
1044 3628 1119 3681 robis
1142 3628 1169 3681 Z.
1205 3655 1231 3665 -

38 3724 71 3794 l)
91 3723 170 3796 regio
184 3723 213 3776 Z.

42 3913 368 3930 W

70 4039 92 4102 ¹)
105 4041 208 4090 litoreus
218 4037 314 4085 beziebt
332 4037 383 4083 oieb
397 4036 462 4082 wohl
475 4035 563 4082 Otakar
576 4035 600 4080 in
614 4035 699 4088 ciuem,
718 4035 777 4079 nach
790 4032 904 4087 Dollincr,
917 4033 982 4078 binde
996 4032 1057 4078 1275
1071 4034 1130 4078 odor
1142 4033 1236 4092 loteng

109 4134 175 4180 tato
188 4105 374 4191 geoebriebenen
387 4125 480 4172 Brlelor
502 4126 558 4171 Nam
578 4137 629 4171 oum
648 4124 722 4170 coiret
740 4119 805 4182 (coil.
821 4135 902 4168 comes
915 4120 1063 4179 loacbimus)
1080 4124 1142 4180 quod
1156 4137 1236 4170 comos

110 4221 262 4279 liudolphus,
285 4219 324 4276 qui
343 4218 433 4264 clectus
451 4229 505 4264 esso
524 4217 548 4261 in
569 4229 651 4276 rogem
673 4215 760 4260 dicitur
780 4215 937 4259 Romanorum
1034 4212 1116 4258 nostre
1129 4213 1238 4259 inimico·

111 4316 176 4362 esset
195 4309 376 4371 magnificande
394 4308 510 4366 capitalis,
529 4307 646 4354 dominum
665 4308 691 4351 Α.
712 4305 827 4350 lentorem
848 4317 928 4364 regom
942 4304 1052 4364 Ungorie,
1070 4317 1139 4362 quom
1152 4306 1236 4362 prodi-

110 4407 174 4453 torie
197 4403 361 4460 subripuerat,
383 4401 477 4446 volebat
499 4400 573 4456 ipsius
595 4401 623 4445 ll.
647 4396 741 4444 comitis
762 4395 812 4441 lilio
834 4395 1014 4441 matrimonialis
1038 4395 1127 4442 vinculi
1151 4395 1236 4444 fedore

113 4497 240 4556 copulare,
264 4495 348 4550 potens
369 4506 436 4539 unam
454 4494 559 4537 nostram
577 4491 724 4550 provinciam
742 4488 770 4534 ab
790 4489 872 4534 eodem
891 4487 978 4532 comite
996 4488 1023 4532 a.
1046 4486 1090 4532 sibl
1115 4487 1166 4531 dari
1187 4488 1235 4532 eto.

114 4588 223 4635 oollirer
234 4598 258 4644 p.
272 4586 310 4630 37.

963 4657 1020 4712 23*
