3108 5118
143 3333 186 3374 rel.
197 3333 223 3374 it
232 3347 251 3373 c.

278 323 354 391 tit

274 494 382 555 blanda
407 516 464 556 non
488 496 665 562 subvertunt
689 522 745 563 nec
769 508 884 566 terrent
906 503 1048 575 adversa,
1079 506 1282 568 constanciam
1312 508 1403 588 digno
1422 507 1464 592 a)

272 602 393 665 laudum
414 607 555 684 preconio
579 610 822 673 commendantes
846 617 876 674 el
897 613 1130 676 incommutabili
1147 615 1244 676 animo
1263 614 1463 696 disponentes

273 716 302 771 te
326 710 414 785 velud
431 712 549 794 insigne
571 716 776 796 signaculum,
802 720 931 800 positum
954 740 1045 801 super
1062 741 1114 783 eor
1129 726 1280 794 nostrum,
1305 723 1465 804 condignis

272 819 465 900 magnificare
504 821 656 885 favoribus
696 832 725 888 et
763 827 927 890 honoribus
965 829 1106 908 congruis
1143 830 1291 900 exaltare,
1329 831 1467 895 fidelitati

272 931 322 988 tue
339 927 469 992 ollicium
485 931 522 993 N.
541 933 751 996 committimus
770 956 864 1018 usque
882 938 919 998 ad
937 942 1038 999 nostre
1054 937 1275 1018 beneplacitum
1291 940 1463 1002 voluntatis.

271 1034 734 1103 Nosenimiureiurando
752 1043 1001 1115 firmavimus,
1019 1044 1466 1127 quodbonaimperialia

272 1143 355 1205 sine
395 1133 558 1208 consilio
597 1149 813 1231 principum
847 1158 1062 1214 nostrorum
1093 1172 1252 1232 prorsus
1284 1155 1463 1218 alienare

271 1272 341 1314 non
369 1273 578 1333 possumus.
614 1257 675 1319 Sed
704 1258 742 1320 ob
770 1263 820 1320 tue
849 1260 954 1323 merita
977 1259 1153 1341 probitatis,
1181 1261 1267 1324 cuius
1289 1265 1466 1344 prestancia

269 1361 363 1442 pollet
380 1367 409 1424 ct
425 1363 520 1444 viguit
541 1363 615 1427 fides
639 1371 700 1435 tua,
724 1368 845 1430 cunrad
868 1369 1056 1450 presenciam
1078 1376 1209 1433 nostram
1233 1374 1363 1443 veneris,
1380 1375 1464 1455 ipsos

269 1468 421 1551 principes
445 1471 562 1534 adhoc
586 1455 674 1536 la'cile
698 1476 846 1538 credimus
869 1478 1017 1548 inclinari,
1040 1479 1119 1561 quod
1143 1501 1201 1541 non
1224 1483 1321 1543 solum
1343 1483 1374 1542 in
1396 1483 1464 1546 istis

270 1595 374 1638 verum
403 1579 498 1641 eciam
525 1580 556 1642 in
584 1583 811 1647 fecundioribus
834 1585 1038 1648 beneficencie
1066 1593 1168 1650 nostre
1196 1589 1317 1650 solaciis
1351 1591 1464 1652 debeas

268 1685 474 1766 multipliciter
490 1694 519 1751 et
537 1690 756 1770 quodammodo
775 1691 912 1755 munifice
929 1693 1080 1756 honorari.
1435 1689 1437 1692 ⁴

360 1830 471 1891 Stobbe‚
491 1831 521 1884 N.
544 1832 602 1888 166.
625 1834 702 1888 Gerb.
724 1836 749 1897 3,
769 1836 786 1889 6
806 1838 852 1890 mit
875 1839 944 1892 noch
967 1809 1103 1895 mebreren
1127 1841 1222 1894 Sdlzcn
1244 1843 1327 1895 Porro
1352 1861 1410 1897 eum
1427 1873 1458 1882 -

269 1934 453 1990 praennorum.

844 2243 903 2312 73.

625 2402 821 2466 Romanorum
838 2423 889 2466 rex
906 2405 935 2467 ll.
953 2408 1090 2488 principi.

823 2544 900 2599 1278.

268 2678 298 2727 K.
324 2671 427 2741 liudolf
449 2672 544 2724 dmiclct
575 2674 633 2725 dem
659 2671 761 2742 Koniqe
791 2672 936 2724 Lcdc'slcue
960 2689 1010 2724 coo
1038 2674 1142 2742 Uapcra
1169 2671 1243 2726 seiae
1268 2676 1374 2728 Frende
1399 2692 1459 2738 cua,

266 2766 330 2818 iiber
355 2763 400 2816 cie
425 2761 553 2815 ccoiecbcn
579 2759 631 2814 itm
657 2763 714 2814 rand
737 2760 837 2814 aeirem
863 2762 969 2814 Broder
994 2763 1115 2816 Andreas
1142 2763 1217 2830 (dem
1252 2765 1386 2817 l'erlobten
1409 2783 1459 2819 oon

265 2853 382 2922 liudolfo
399 2851 509 2907 lbclcter
524 2851 666 2906 Clementia
662 2851 684 2920 )
708 2850 873 2921 berqeotellte
890 2851 1034 2913 Eintrccbt‚
1059 2851 1146 2917 ticet,
1160 2853 1234 2906 seiae
1247 2855 1331 2907 Botere
1344 2853 1460 2908 curticle·

263 2945 396 2998 zoeendco
410 2945 465 2997 rand
479 2941 569 2995 oetaeo
586 2942 715 2995 Getreaea
729 2939 755 2993 in
772 2932 933 3013 Oeterqeicb,
953 2940 998 2995 die
1015 2958 1063 2994 con
1080 2941 1178 2995 Otolcar
1190 2941 1320 3014 bedrdnpt
1330 2944 1455 3008 codrdcn,

777 3029 948 3084 bcizuetedea.

356 3163 478 3220 (luibani,
493 3160 518 3220 3,
537 3159 579 3212 12.
593 3159 704 3221 Slobbe,
723 3156 783 3210 191.

355 3309 506 3371 Grandem
539 3307 623 3370 cordi
655 3312 756 3370 nostro
789 3305 943 3367 materiam
974 3305 1166 3367 exultacionis
1205 3306 1335 3378 induxit,
1372 3309 1452 3390 quod

263 3420 439 3502 quiescente
467 3415 526 3478 iam
553 3412 791 3478 intumescencie
820 3413 943 3495 spiritu,
972 3432 1059 3495 quem
1086 3413 1164 3474 inter
1190 3433 1243 3475 vos
1266 3420 1297 3476 et
1319 3415 1454 3478 inclitum

351 3581 385 3649 a)
401 3579 481 3650 digna
496 3577 524 3629 V.

259 3717 587 3728 ——.———-

326 3797 476 3842 erliutcrnde
500 3798 574 3841 Stella
604 3809 644 3838 aus
667 3795 717 3838 dem
746 3795 856 3848 Anonym.
876 3791 1010 3837 Leobienais
1033 3805 1060 3836 cn
1085 3791 1149 3850 (lob.
1172 3794 1334 3849 Victor-ianuis,
1351 3795 1451 3840 Bobmcr

328 3879 413 3924 Poritos
437 3880 458 3930 l,
477 3878 538 3940 ⁴³13.
563 3879 590 3920 ad
619 3893 639 3922 n.
667 3877 752 3933 1279J:
777 3876 899 3920 Heinricuc
921 3877 995 3920 autem
1022 3876 1068 3919 dux
1095 3875 1203 3931 (Bovario
1229 3875 1296 3935 scil.)
1324 3879 1348 3921 ct
1375 3878 1451 3922 Lude·

328 3959 402 4004 wicum
423 3959 496 4003 irater
516 3960 565 4002 eins
586 3964 609 4002 et
630 3958 778 4001 meinhardus
792 3969 878 4011 comes,
891 3957 996 4001 sororius
1019 3957 1153 4008 eorundem,
1175 3960 1289 4002 venerunt
1308 3958 1335 4004 nd
1359 3971 1447 4016 regem,

324 4042 470 4099 postulantes
488 4041 522 4085 eis
540 4045 564 4084 et
581 4041 705 4085 heredibus
723 4039 770 4084 suis
790 4041 818 4084 de
838 4039 908 4082 terrie
929 4038 1047 4094 acquisitis
1067 4037 1214 4082 donationem
1230 4027 1290 4081 fieri
1308 4051 1351 4095 pro
1369 4053 1448 4086 eorum

325 4123 351 4166 ct
367 4135 463 4166 uirorum
482 4122 592 4166 heredum
611 4122 638 4165 nd
657 4121 724 4178 regni
743 4122 823 4165 eterna
835 4119 931 4164 servitia
951 4121 1141 4176 qualemcunque.
1164 4118 1251 4174 Quibus
1264 4132 1305 4163 rex
1316 4122 1450 4177 respondite

327 4203 388 4254 „bric
406 4215 453 4248 non
473 4215 543 4259 posse
561 4201 614 4246 fleri
632 4203 683 4246 sine
701 4202 831 4258 principum
844 4213 968 4255 concensu,
985 4201 1026 4244 scd
1041 4200 1085 4243 ista
1102 4199 1124 4243 in
1142 4201 1204 4244 curia
1224 4213 1291 4257 quam
1308 4202 1330 4244 in
1347 4203 1449 4260 Angusta

325 4285 474 4342 percepisset
492 4297 563 4342 ogero
581 4284 772 4340 pertractanda“.
797 4283 826 4328 Et
843 4283 878 4328 cic
896 4282 986 4327 distulit
1002 4281 1169 4338 responciram.
1187 4283 1233 4326 Der
1252 4283 1332 4326 Wertb
1350 4295 1447 4328 rinecrar

325 4364 422 4412 decernet
437 4366 496 4424 licqt
509 4366 649 4410 weecntlleb
662 4365 684 4408 in
698 4365 739 4409 der
751 4353 901 4423 dresserum,
918 4363 960 4408 der
972 4363 1051 4422 libnig
1062 4362 1120 4406 baba
1132 4362 1216 4406 cidlicb
1234 4363 1330 4418 gelobt.
1349 4363 1447 4407 Reicbs·

325 4447 367 4498 pot
379 4445 439 4491 culino
453 4445 609 4506 erntlmmnng
625 4447 667 4491 der
679 4447 778 4491 Fiirstcn
797 4447 861 4492 nicht
879 4460 907 4492 zu
925 4445 1056 4502 vcrgcben;
1074 4445 1112 4489 die
1124 4443 1222 4488 ildrcesc
1234 4445 1275 4488 des
1288 4443 1376 4488 lirietcs
1387 4444 1446 4487 licent

325 4523 374 4568 ticli
388 4527 427 4572 ruit
440 4527 574 4574 atenemeit
586 4530 649 4574 nicht
661 4527 800 4574 ieslelcllen.
