3112 5118
1171 333 1244 404 195

39 505 135 567 quam
155 484 193 546 de
210 481 327 546 lubrico
346 484 472 553 erroris,
502 502 560 564 quo
584 485 613 544 in
630 485 826 564 precipicium
843 487 954 556 ruitur,
979 505 996 547 a
1012 486 1138 547 Domino
1156 503 1246 546 revo-

41 593 147 662 caris,
173 589 356 654 immobilem
373 590 463 652 sistas
480 589 622 670 gradum,
645 597 675 653 et
691 592 832 653 fundatus
848 593 878 654 in
893 598 979 674 petra
995 591 1091 663 Petri,
1110 611 1168 674 que
1185 611 1246 652 non

45 701 135 763 novit
169 718 258 760 ruere
290 697 336 758 vel
370 698 481 768 everti,
520 697 608 759 nullis
640 696 784 760 malorum
815 697 951 780 pulsibus
984 698 1152 780 quaciaris‚
1190 719 1250 761 non

42 809 253 891 acquiescens
271 806 308 868 de
326 811 428 868 cetero
444 805 674 886 propinantibus
690 807 721 867 in
743 806 830 868 melle
854 825 1016 879 venenum,
1047 806 1182 888 quitquid
1198 805 1250 891 a),

42 921 212 998 postquam
225 913 299 975 foris
312 913 396 994 pacis
410 912 523 975 vultum
539 914 768 995 assumpserint,
788 914 868 976 intus
885 912 1088 976 blandimento
1106 913 1252 996 quodam·

43 1024 141 1086 modo
155 1022 288 1092 toxicati,
304 1022 337 1082 in
353 1021 514 1083 novissimo
532 1026 619 1083 erunt
633 1021 762 1108 moreh)
776 1022 913 1085 ferientis
931 1022 1056 1103 cuspide
1073 1019 1251 1102 scorpionis.

44 1129 127 1212 Fige
144 1130 256 1211 igitur,
285 1147 396 1210 queso,
420 1128 528 1208 pedem
544 1135 627 1190 tuum
642 1128 673 1190 in
689 1134 790 1191 monte
808 1135 932 1198 sancto,
959 1129 1090 1191 ecclesia
1110 1128 1254 1192 videlicet

45 1239 110 1302 Dei
127 1237 189 1300 viri
219 1255 275 1298 nec
291 1234 347 1298 tibi
365 1235 510 1318 deinceps
527 1236 656 1300 swaderi
673 1237 799 1299 valeata
816 1241 994 1319 temptatore
1011 1256 1201 1320 quocunque,
1219 1242 1252 1300 ut

46 1347 169 1410 bonum
184 1343 240 1406 tibi
256 1342 351 1406 rideri
368 1342 477 1406 debeat
500 1344 570 1405 inde
593 1362 660 1405 cum
683 1343 878 1425 pereuntibus
900 1344 1020 1408 mittere
1041 1351 1072 1408 te
1097 1345 1250 1416 deorsum,

47 1452 134 1517 unde
152 1449 209 1513 tibi
226 1455 273 1512 est
289 1470 358 1514 cum
373 1451 496 1533 reliquis
513 1451 570 1512 Dei
586 1449 654 1512 filiis
671 1450 709 1512 ad
726 1450 848 1514 celestis
859 1451 1042 1515 hereditatis
1059 1450 1252 1515 consorcium

47 1557 298 1629 ascendendum,
326 1577 343 1619 a
373 1577 431 1640 quo
459 1558 551 1620 draco
573 1557 631 1620 iste
648 1558 820 1639 proiectus,
849 1559 900 1641 qui
915 1559 1002 1621 ruine
1018 1579 1127 1640 magne
1143 1557 1251 1640 patuit,

49 1687 132 1752 quos
162 1665 273 1747 poterit
301 1670 436 1746 sataget,
464 1686 502 1728 ne
532 1667 613 1729 solus
634 1672 755 1747 pereat,
782 1666 904 1729 trahere
927 1668 1023 1730 cauda
1046 1665 1161 1752 sua1).
1196 1667 1251 1730 Sta

49 1771 160 1857 igitur,
178 1779 210 1836 ut
228 1772 365 1844 diximus,
382 1771 439 1834 fili!
458 1774 494 1836 de
511 1772 626 1856 reliquo
643 1772 674 1835 in
697 1774 816 1836 excelso
839 1780 870 1836 et
893 1775 1092 1858 circumspice
1107 1780 1202 1838 totam
1226 1774 1256 1835 in

52 1882 188 1947 circuitu
206 1880 361 1961 regionem
378 1885 408 1941 et
424 1880 510 1949 ride,
527 1879 608 1961 quod
623 1881 750 1962 populos
767 1878 821 1942 tibi
837 1880 1039 1954 domesticus,
1061 1884 1253 1965 inquantum

52 1998 109 2054 tue
139 1986 356 2068 magnitudinis
385 1987 581 2068 depressione
615 1987 732 2050 hostilis
748 1987 931 2068 propellator
947 1988 1054 2060 elidat,
1083 1995 1254 2071 quantaque

54 2105 211 2161 terrarum
241 2090 404 2167 amenitas,
434 2101 544 2176 quanta
573 2094 691 2157 urbium
719 2094 925 2176 pulchritudo,
953 2098 983 2159 in
1012 2097 1121 2181 quibus
1153 2098 1253 2179 itaque

55 2203 207 2286 singulari
218 2202 621 2285 eminenciatuprecellis,in
634 2208 775 2284 quantam
788 2208 868 2265 tuam
880 2208 1057 2286 tuorumque
1070 2224 1256 2286 pressuram,

54 2314 117 2376 nisi
134 2312 241 2374 forsan
257 2315 289 2372 tu
306 2314 374 2371 ante
391 2315 509 2390 tempus
533 2327 694 2378 occurras,
721 2310 752 2372 in
774 2310 998 2374 desolacionem
1020 2295 1050 2373 et
1066 2310 1258 2374 solitudinem

54 2421 96 2484 ab
115 2420 214 2482 alieno
231 2418 290 2487 sit,
306 2416 344 2480 ad
361 2435 450 2498 quem
465 2417 503 2478 de
519 2417 578 2478 hiis
595 2438 654 2479 non
671 2417 818 2497 pertinet,
839 2416 1003 2480 redditura.
1038 2419 1101 2482 Sed
1117 2418 1257 2482 fortassis

59 2535 110 2591 est
124 2527 237 2609 aliquis
254 2525 333 2588 inter
344 2522 447 2586 fideles
465 2523 652 2587 consiliarios
669 2531 757 2594 tuos,
781 2525 831 2607 qui
854 2530 884 2587 te
902 2525 960 2587 etsi
977 2546 1036 2588 non
1052 2526 1259 2589 fraudulenter

59 2637 194 2704 alliciat,
215 2641 316 2696 tamen
332 2633 473 2695 admonet
488 2631 700 2712 inprudenter,
721 2637 755 2695 ut
771 2637 903 2714 stragem
920 2638 1034 2696 certam
1050 2633 1258 2697 adiacentium

59 2724 117 2829 rjai
149 2741 320 2806 dissimules
348 2740 541 2820 populorum,
570 2745 656 2802 utens
684 2738 802 2802 blandis
831 2739 970 2822 fictisque
999 2742 1188 2805 sermonibus
1221 2761 1258 2804 ac

59 2848 334 2937 promissionibus,
363 2847 479 2908 scilicet
507 2846 604 2927 quod,
633 2847 713 2910 salva
743 2848 829 2911 domo
852 2854 903 2910 tua
931 2868 966 2910 ac
995 2849 1173 2929 superstite,
1202 2869 1261 2912 non

62 2961 166 3025 valeat
181 2957 314 3039 flagrans
331 2953 505 3017 incendium
527 2954 668 3035 proximis
691 2953 746 3017 tibi
769 2955 937 3036 parietibus
960 2955 1115 3036 applicari.
1148 2957 1260 3019 Contra

63 3067 271 3133 consultorem
301 3061 471 3125 huiusmodi
503 3062 581 3123 torte
613 3067 643 3124 te
675 3062 770 3123 uelum
802 3062 968 3124 secundum
1006 3061 1169 3125 scienciam
1200 3083 1260 3126 non

61 3175 216 3242 habente,
243 3171 312 3234 audi
329 3175 445 3252 patrem
462 3168 518 3232 filit
542 3174 625 3232 tuam
640 3169 834 3250 prudenciam
851 3175 1070 3232 ammonentem
1088 3171 1259 3234 consulcius

62 3283 151 3346 brevi
173 3281 283 3349 uerbo,
313 3284 343 3341 et
369 3279 511 3340 memorie
532 3278 744 3340 recommenda
765 3298 819 3359 pro
836 3280 955 3342 sincera
972 3279 1075 3358 gracia
1092 3279 1261 3348 monitoris,

65 3391 137 3474 quia
165 3388 309 3451 videlicet
335 3386 532 3448 vindemiator
552 3383 777 3469 racemum),
806 3404 894 3467 quem
923 3386 1026 3447 anxius
1055 3385 1085 3446 in
1112 3386 1263 3448 vindemia

63 3497 195 3582 preterit
206 3495 302 3558 botris
319 3492 509 3575 turgentibus
525 3491 704 3561 inherendo,
720 3491 857 3573 decerpit
872 3493 988 3556 avidius
1004 3494 1037 3554 in
1052 3497 1213 3573 autumpno
1232 3491 1262 3577 2)

64 3613 97 3669 et
128 3605 237 3667 domus
267 3603 299 3664 in
326 3600 517 3681 hagracionis
545 3599 643 3661 medio
671 3599 850 3668 constituta,
890 3601 949 3661 etsi
984 3620 1044 3661 non
1078 3599 1265 3662 consumitur

65 3712 223 3779 incendio,
238 3714 339 3772 tamen
355 3706 521 3770 infirmatur
536 3705 689 3768 exhaustis
707 3687 917 3787 compaginum
937 3705 1052 3768 viribus
1074 3705 1113 3767 ad
1135 3707 1261 3769 ruinam.

40 3863 44 3870 -
66 3819 180 3884 Recole
198 3817 293 3898 igitur
308 3815 535 3896 progenitorum
551 3819 669 3877 tuorum
685 3811 775 3876 fidem
798 3835 871 3895 erga
894 3814 1022 3896 patriam
1045 3819 1075 3876 et
1097 3813 1264 3895 coniugalis

67 3926 181 3990 sederis
199 3923 388 3988 dulcedinem
404 3941 476 4002 erga
493 3927 621 4002 gentem.
641 3922 740 4002 Super
755 3921 852 4002 patria
867 3927 930 3991 tua,
944 3923 1033 3983 immo
1051 3927 1182 4002 superte
1199 3923 1265 4002 ipso

160 4105 197 4174 a)
217 4101 358 4156 vielleicht
377 4101 441 4170 quid
460 4103 532 4172 quod
555 4119 588 4154 zu
611 4102 694 4154 lesen.
709 4131 742 4139 —
756 4100 788 4169 b)
801 4099 935 4154 vielleiebt
957 4101 982 4152 in
1006 4117 1052 4153 ore
1074 4117 1108 4153 au
1130 4101 1213 4153 lesen.
1229 4129 1267 4142 ·-

70 4196 101 4263 c)
114 4212 241 4250 racemum
255 4193 285 4246 V.
301 4223 335 4231 —

17 4409 19 4456 F
101 4449 123 4506 1)
141 4447 237 4504 apocal.
258 4445 297 4494 12,
315 4445 338 4486 9.

101 4527 122 4585 ²)
141 4528 218 4572 Minus
236 4528 261 4574 7,
278 4527 302 4568 1.
