3112 5118
307 373 382 446 180

307 543 446 609 ciendum
463 546 597 622 sumptus
611 539 750 602 virtrdum
764 535 954 600 necessarios
968 537 1178 620 computando.
1204 539 1344 623 Denique
1356 540 1496 606 videntes

302 653 360 716 bec
373 650 459 716 nobis
473 668 531 713 non
544 646 753 710 habundanter
765 643 885 716 adesse,
904 644 958 707 sed
970 644 1076 726 pocius
1089 645 1292 720 advertentes,
1308 647 1393 730 quod
1408 648 1497 712 nichil

306 758 413 830 nobis,
430 757 540 821 nostris
557 753 671 816 meritis
688 751 809 833 proprie
826 750 1042 823 consideratis,
1071 752 1223 817 revelabat
1238 755 1391 827 offensio,
1419 755 1496 818 unde

307 866 448 932 constitui
470 882 621 926 meremur
642 858 673 922 in
688 858 791 922 mundi
806 859 920 922 vertice
937 878 1028 941 super
1044 866 1151 941 gentes
1169 867 1199 924 et
1214 881 1310 944 regna
1328 869 1358 926 et
1375 863 1497 927 univer·

306 973 399 1038 salem
417 969 520 1033 orbem
536 973 682 1031 terrarum
699 964 845 1028 evellendi
862 971 952 1047 atque
967 965 1121 1047 plantandi
1144 967 1283 1049 accipere
1295 973 1497 1051 potestatem

307 1083 338 1145 in
361 1079 478 1163 spiritu,
502 1096 561 1139 non
583 1073 782 1144 contumacia,
811 1071 864 1134 sed
892 1071 1020 1144 timoris,
1049 1073 1087 1136 de
1108 1080 1278 1138 nostrorum
1301 1075 1497 1139 consciencia

305 1189 487 1254 defectuum.
512 1202 571 1246 non
593 1180 746 1264 sequenda
762 1179 958 1243 iudicavimus
986 1185 1055 1243 vota
1077 1182 1217 1254 fratrum,
1250 1183 1305 1246 sed
1328 1203 1438 1248 manus
1460 1182 1497 1246 ab

307 1315 398 1378 opere
421 1299 452 1358 et
473 1292 614 1354 humeros
638 1287 676 1352 ab
700 1307 791 1351 onere
819 1286 1013 1351 cohibendos.
1047 1286 1261 1354 consideracio
1285 1292 1365 1354 enim
1383 1293 1495 1373 gradus

305 1410 336 1468 et
352 1401 476 1467 altitudo
493 1418 582 1463 casus
599 1394 685 1460 nobis
703 1393 890 1458 formidinem
903 1394 1072 1476 ingerebat,
1088 1397 1157 1479 quia
1171 1397 1209 1460 de
1221 1404 1281 1462 tam
1294 1398 1355 1462 alto
1369 1400 1499 1462 culmine

305 1511 477 1596 dignitatis,
510 1505 635 1572 terribili
667 1505 734 1567 loco
770 1502 911 1567 videlicet
938 1504 1141 1585 apostolorum
1168 1507 1330 1589 principis,
1362 1508 1499 1592 quisnam

305 1621 441 1692 animus,
470 1613 687 1702 quantumlibet
702 1631 847 1694 magnus,
874 1612 1012 1694 inspecta
1034 1612 1174 1678 deorsum
1190 1615 1291 1697 abyssi
1304 1617 1409 1689 facie,
1438 1638 1495 1681 nou

303 1730 449 1814 paveret?
473 1726 547 1809 Quis
580 1741 686 1805 nempe
718 1722 821 1804 iugum
852 1720 972 1802 publice
1003 1721 1174 1795 servitutis,
1203 1723 1258 1787 sub
1287 1743 1347 1807 quo
1370 1725 1499 1807 probata

304 1841 468 1923 gygantum
485 1833 579 1897 virtus
602 1836 632 1894 et
656 1829 798 1893 fortitudo
822 1829 952 1893 virorum
975 1848 993 1892 a
1015 1830 1117 1893 seculo
1139 1831 1326 1898 laudatorum
1349 1833 1498 1898 hactenus

303 1945 426 2030 gemuit,
457 1942 567 2006 audeat
582 1938 623 2025 a)
639 1936 803 2020 prudenter
831 1942 862 2000 et
890 1935 1023 1999 scienter
1050 1943 1211 2020 appetere,
1250 1940 1332 2021 quod
1361 1942 1499 2023 spiritum

306 2051 475 2118 meroribus
492 2053 623 2130 torquet,
640 2050 770 2109 mentem
783 2043 943 2115 eviscerat,
960 2043 1025 2107 dies
1041 2042 1194 2109 laboribus
1210 2045 1330 2112 obsidet
1346 2055 1378 2111 et
1394 2054 1498 2114 noctem

303 2162 422 2226 videtur
437 2156 605 2241 perducere
621 2152 783 2236 pervigiles
806 2157 837 2214 et
858 2151 1051 2232 insompnes?
1074 2151 1100 2215 0
1123 2171 1212 2234 quarn
1236 2155 1300 2217 sani
1325 2156 1447 2220 consilii
1470 2162 1499 2220 et

304 2289 393 2354 quam
421 2263 557 2330 consulte
586 2258 817 2324 deliberacionis
845 2258 971 2331 electio,
1000 2257 1149 2322 abiectum
1177 2281 1246 2324 esse
1273 2263 1306 2325 in
1329 2263 1422 2327 domo
1443 2264 1499 2328 Dei

302 2376 399 2458 magis
428 2392 515 2456 quam
543 2370 602 2433 loci
636 2366 848 2433 eminencioris
882 2366 1058 2430 celsitudine
1085 2368 1270 2448 preminere!
1300 2371 1331 2433 in
1356 2371 1493 2434 convivio

305 2482 417 2549 Christi
432 2482 531 2546 locum
546 2487 653 2544 tenere
671 2475 876 2547 novissimum,
893 2495 982 2558 quam
998 2495 1067 2539 cum
1083 2483 1190 2558 pacate
1207 2478 1317 2561 quietis
1335 2478 1495 2562 dispendio

307 2592 444 2676 superius
461 2588 645 2674 promoveri!
658 2585 768 2650 Deficit
784 2585 922 2648 nimirum
938 2585 1061 2667 spiritus
1077 2585 1339 2652 considerantibus
1356 2588 1498 2672 undique.

304 2707 414 2785 quanta
441 2717 527 2761 mens
555 2697 586 2759 in
608 2695 784 2759 huiusmodi
801 2693 944 2756 malorum
961 2693 1108 2757 densitate
1131 2694 1274 2767 silvescit,
1300 2703 1331 2760 et
1355 2717 1445 2780 spem
1460 2697 1496 2760 de

305 2808 419 2874 viribus
436 2806 518 2870 circa
535 2802 680 2867 eiusmodi
696 2803 809 2866 cultum
825 2799 985 2864 difficultas
1001 2802 1101 2883 operis
1118 2801 1165 2863 vix
1181 2803 1330 2887 relinquit.
1366 2804 1497 2886 Cumque

304 2917 492 2984 invalescens
515 2911 656 2994 iniquitas
679 2909 883 2973 diffidencium
907 2909 999 2972 corda
1020 2910 1196 2991 populorum
1219 2910 1345 2974 durasse
1363 2911 1498 2975 videatur

308 3027 340 3091 in
351 3025 478 3107 lapides,
491 3021 533 3085 ita
546 3026 579 3084 ut
591 3038 710 3082 manum
722 3017 841 3080 Domini
851 3017 942 3098 pauci
955 3017 1092 3080 senciant
1103 3016 1135 3078 in
1153 3017 1292 3100 flagellis,
1311 3019 1362 3082 cui
1381 3018 1498 3083 dabibu

306 3130 507 3196 otiosthrahe
520 3128 558 3190 de
569 3126 719 3209 lapidibus
732 3125 881 3187 suscitare
894 3131 925 3187 et
937 3124 1066 3188 reddere
1073 3124 1199 3187 Domino
1205 3126 1348 3208 populum
1356 3133 1497 3209 accepta-

307 3232 1073 3316 bilem,honorumoperumsectatorem?Propterea
1082 3234 1285 3296 recusavimus
1293 3233 1497 3298 cumlacrimis

308 3357 339 3414 et
357 3367 452 3431 usque
467 3345 506 3408 ad
521 3342 762 3409 contristacionis
777 3346 808 3404 et
821 3341 1049 3421 indignacionis¹
1059 3340 1204 3404 offensam
1217 3342 1330 3405 eisdem
1344 3341 1497 3412 fratr-ibus,

308 3449 614 3539 inportabilemnobis
628 3448 834 3542 ingerentibus
849 3449 1032 3530 apostolatus
1039 3449 1198 3520 sarcinam,
1213 3450 1349 3512 duximus
1356 3449 1499 3513 resisten-

310 3566 390 3635 dum,
407 3565 549 3642 rogantes
567 3577 620 3622 eos
636 3565 667 3620 et
682 3576 738 3639 per
754 3556 991 3619 ostentacionem
1009 3556 1099 3619 divini
1113 3556 1217 3619 iudicii
1232 3555 1433 3621 obsecrantes
1449 3555 1497 3642 b),

310 3677 457 3753 quatenus
470 3689 486 3731 a
500 3666 585 3730 nobis
605 3664 729 3727 calicem
742 3665 821 3727 hunc
838 3665 1037 3726 transferrent
1049 3669 1080 3726 et
1095 3664 1249 3726 traderent
1265 3664 1352 3727 alteri
1368 3665 1498 3728 forcion'.

310 3777 448 3860 Sedipsi,
460 3775 636 3838 utinamnon
650 3772 689 3837 oh
703 3779 871 3836 nostrorum
880 3771 1278 3854 exigenciampeccatorum,
1292 3772 1499 3836 irrevincibilis

310 3882 533 3969 inportunitatis
548 3881 708 3951 instancia,
725 3887 858 3944 nostram
873 3880 1081 3944 resistenciam
1097 3880 1261 3952 euicerunt,
1284 3885 1433 3961 cogentes
1449 3901 1500 3944 nos

309 3993 420 4059 inritos
432 3990 496 4053 suis
513 3987 671 4051 desideriis
684 3988 866 4051 consentire.
884 3988 923 4052 Et
939 3988 984 4050 sic
999 4006 1067 4051 cum
1084 3987 1186 4050 dolore
1202 3987 1303 4051 cordis
1319 4006 1357 4050 ac
1373 3995 1500 4052 nemore

312 4100 528 4186 quamplurimo
555 4095 736 4160 infirmitatis
764 4103 866 4159 nostre
900 4096 977 4158 colla
1012 4094 1205 4158 submisimus
1236 4095 1307 4176 iugo
1340 4097 1501 4178 apostolice

312 4208 480 4278 servitutis.
507 4203 694 4268 confidentes
722 4203 753 4264 in
775 4203 858 4274 Deo,
889 4203 1014 4286 quidet
1047 4203 1183 4267 omnibus
1212 4204 1391 4277 affluenter,
1426 4204 1500 4289 quod

311 4313 559 4382 insufficieuciaur
580 4319 729 4382 nostram,
768 4330 857 4394 quana
889 4311 1042 4377 humiliter
1071 4311 1318 4394 recognoscimus
1351 4319 1382 4376 et
1413 4313 1501 4376 libere

312 4423 498 4512 profitemur,
511 4441 546 4482 ex
559 4439 593 4481 se
607 4419 672 4501 ipso
689 4419 926 4483 misericorditer
939 4417 1165 4502 adimplevite).
1183 4419 1288 4500 lgitur.
1304 4421 1499 4486 sollicitudine

406 4549 440 4616 a)
460 4545 558 4599 audeat
576 4559 618 4599 an
634 4543 735 4597 llanala.
748 4571 784 4584 -
797 4544 829 4614 l)
848 4545 1042 4616 ubaaanaataa
1059 4545 1138 4598 11.-
1150 4545 1183 4614 e)
1201 4544 1359 4616 adimplebit
1378 4565 1412 4602 au
1425 4547 1497 4600 leaaa
