3168 5124
1243 345 1267 424 9

63 531 233 598 Jerusalem
251 541 283 601 et
300 539 414 624 sycilie
428 540 534 623 regine
551 541 678 606 salutem
694 546 726 606 et
739 538 832 605 totins
855 537 952 619 gratie
967 533 1184 620 plenitudinem
1201 541 1282 644 edm'

65 641 185 708 adectn.

157 754 321 832 Quomodo
336 759 514 847 imperator
535 761 575 826 ab
592 761 735 827 omnihus
757 761 924 825 salutetur.
957 753 1030 819 Viso
1046 751 1195 838 quomodo
1211 751 1270 814 im-

70 867 189 944 perator
219 884 324 929 omnes
354 868 479 940 salutet,
508 889 587 932 nuno
610 868 788 939 videndum,
806 865 934 952 qualiter
949 862 988 928 ab
1011 861 1148 926 omnibus
1169 866 1229 924 tam
1252 879 1268 923 a

70 970 143 1033 clero
162 993 255 1056 quam
273 995 290 1038 a
306 975 402 1060 laycis
420 978 575 1042 salutetur.

158 1083 356 1152 Patriae-che
377 1088 426 1151 sio
446 1089 592 1155 comdant
612 1065 820 1175 imperatori:
848 1083 1050 1150 luvintissimo
1076 1079 1209 1164 principi
1237 1084 1269 1143 et

62 1188 175 1254 illustri
191 1191 325 1269 domino,
341 1196 374 1259 ll.
387 1196 444 1259 Dei
460 1195 557 1278 gratia
569 1198 768 1260 Romanorum
781 1193 954 1278 imperatori
967 1199 998 1256 et
1009 1210 1129 1273 semper
1140 1194 1269 1272 augusto

65 1299 238 1381 Gregorius
255 1323 361 1369 servus
376 1305 451 1369 lesu
468 1305 581 1370 Christi
603 1325 658 1388 per
680 1305 806 1388 gratiam
821 1303 879 1367 llei
893 1301 1077 1366 Antiooenus
1099 1298 1269 1384 patriarcha

63 1410 268 1476 reverentiam
291 1413 423 1478 debitam
445 1420 475 1479 et
497 1415 643 1479 devotam.
683 1412 857 1478 Cardinales
880 1412 925 1476 sic
948 1410 1099 1476 scribunt:
1131 1407 1270 1472 luvietis-

61 1517 149 1592 simo,
166 1525 201 1584 ut
217 1524 361 1605 supra,H.
371 1524 457 1606 tytuli
474 1523 571 1588 saneti
586 1523 740 1588 Laurentii
756 1521 907 1606 presbiter
923 1520 1082 1586 cardinalis
1098 1522 1268 1604 promptum

61 1629 237 1693 famulatum
262 1650 329 1695 cum
352 1633 446 1716 gloria
470 1634 634 1697 ethonore
657 1633 687 1696 in
710 1632 897 1714 longitudine
914 1631 1038 1696 dierum.
1056 1668 1100 1680 -
1117 1628 1211 1693 Nota:
1235 1629 1268 1691 lu

61 1735 137 1800 buno
154 1738 278 1803 modum
294 1746 421 1826 possunt
437 1743 464 1804 ei
482 1742 616 1806 scribere
633 1761 736 1805 omnes
753 1741 921 1805 cardinales
938 1741 1146 1822 cuiuscunque
1168 1736 1267 1821 tytuli,

57 1839 302 1931 archiepiscopi,
334 1849 486 1933 episcopi,
518 1851 679 1934 primaten,
706 1851 826 1933 regales
860 1849 987 1914 abbates
1017 1868 1181 1932 omnesque
1208 1847 1265 1910 riri

60 1956 264 2020 ecelesiastici
282 1958 490 2044 cuiuscunque
514 1960 695 2024 conditionis
713 1960 773 2023 sint
790 1959 853 2023 sive
869 1958 1085 2042 professionis,
1109 1956 1266 2040 omnisque

62 2065 91 2128 in
107 2067 189 2129 clero
207 2086 356 2149 persona,
379 2074 505 2152 excepto
528 2070 607 2153 quod
629 2089 758 2153 persone
774 2067 917 2151 religiose
934 2069 1031 2133 solent
1046 2064 1181 2130 scribere
1198 2085 1265 2129 oum
1348 2107 1350 2112 ·

59 2175 383 2240 devotis'oratiouibus
401 2178 660 2261 promptissimum
676 2177 862 2242 famulatum.
898 2237 900 2242 .

144 2286 225 2350 Rea>
241 2285 383 2351 Fronoio
398 2296 431 2354 et
446 2288 516 2360 olii,
533 2289 590 2376 qui
604 2309 667 2353 nou
683 2295 758 2352 eunt
778 2287 910 2374 imperii
930 2284 1081 2350 scribunt:
1104 2280 1265 2366 Magnifico

54 2393 188 2477 principi
205 2400 237 2458 et
252 2395 359 2459 illustri
377 2396 494 2459 domino
508 2397 554 2469 ll„
570 2402 603 2460 ut
620 2416 721 2478 supra,
734 2397 767 2459 R.
783 2396 888 2459 eadem
900 2395 998 2476 gratia
1014 2395 1198 2458 Francorum
1213 2413 1266 2456 rex

56 2504 187 2567 salutem
218 2522 287 2565 cum
315 2524 429 2569 summa
457 2505 629 2569 dilectione.
658 2543 702 2554 -
730 2504 784 2569 Sic
813 2504 950 2568 scribunt
977 2505 1005 2567 ei
1033 2523 1136 2567 omnes
1163 2522 1265 2583 reges,

59 2612 217 2696 principes
236 2613 401 2685 seculares,
418 2615 543 2697 quinon
561 2620 701 2697 spectant
717 2614 755 2678 ad
772 2613 939 2696 imperium.

150 2722 320 2809 principes
335 2725 455 2789 vasalli
469 2726 517 2788 sio
532 2726 674 2790 scribunt
690 2724 896 2811 imperatori:
913 2722 1115 2787 lnvictissimo
1132 2721 1264 2806 principi

51 2851 86 2895 ac
109 2830 278 2894 metuendo
302 2830 421 2893 domino
444 2853 498 2896 suo
516 2833 548 2895 F.
566 2833 764 2895 Romanorum
788 2831 961 2913 imperatori
980 2832 1015 2894 Ο.
1040 2832 1145 2895 eadem
1167 2832 1264 2914 gratia

51 2941 256 3005 bohemorum
279 2961 330 3002 rex
347 2960 414 3003 cum
432 2939 534 3005 debita
552 2941 740 3004 subiectione
763 2962 796 3002 se
818 2940 917 3022 ipsum
940 2941 977 3004 ad
1000 2941 1097 3004 omnia
1119 2940 1264 3024 benepla-

52 3051 110 3114 cita
129 3057 163 3112 et
181 3047 332 3112 mandata.
351 3088 395 3096 -
413 3049 465 3112 Sic
488 3049 625 3113 scribunt
647 3051 675 3112 ei
697 3070 802 3112 omnes
825 3049 980 3133 principes
1003 3049 1123 3113 nomine
1146 3056 1177 3113 et
1197 3050 1263 3113 iure

53 3160 219 3225 rasallatus
248 3177 412 3242 omnesque
428 3178 557 3241 persone
579 3161 733 3223 seculares
750 3181 768 3222 a
784 3159 906 3222 minimo
929 3179 1025 3242 usque
1048 3158 1085 3223 ad
1102 3159 1258 3233 maiorem,

57 3267 268 3352 unusquisque
286 3268 452 3331 secuudum
470 3268 673 3332 conditionem
691 3288 785 3332 suam.
1156 3247 1158 3252 ¹

145 3379 351 3465 imperatris
364 3380 412 3442 oio
423 3381 545 3445 salutat
556 3381 804 3465 imperatorem:
822 3379 1076 3444 victoriosissimo
1089 3378 1219 3461 principi
1233 3386 1264 3443 ot

49 3489 223 3573 predilecto
238 3485 357 3551 domino
371 3507 426 3551 suo
439 3488 471 3550 F.
486 3487 543 3551 Dei
556 3490 664 3570 gratia,
681 3493 715 3552 ut
733 3507 834 3571 supra,
851 3490 885 3552 ll.
905 3491 1011 3553 eadem
1027 3486 1123 3569 gratia
1137 3509 1263 3552 consors

48 3598 229 3662 fidelissima
245 3595 323 3660 thori
347 3596 394 3659 sui
410 3597 610 3661 Romanorum
630 3598 803 3679 imperatrix
826 3605 857 3661 et
879 3617 999 3680 semper
1019 3604 1149 3680 augusta
1171 3605 1262 3683 atque

48 3707 158 3791 regina
178 3705 284 3769 Sicilie
301 3706 446 3789 quicquid
463 3712 564 3788 potest
582 3726 649 3769 oum
667 3707 761 3770 salute
779 3706 880 3771 debite
898 3706 1077 3779 dilectionis,
1094 3708 1263 3772 reverentie

49 3821 78 3880 et
104 3814 232 3879 amoris.
257 3853 301 3862 -
319 3814 371 3877 Sic
400 3820 530 3896 possunt
558 3791 663 3878 omnes'
689 3815 796 3898 regine
825 3821 855 3878 et
878 3815 1180 3898 uxores'principum
1208 3837 1263 3883 seu

51 3925 198 3990 nobilium
216 3945 286 3989 suos
303 3924 427 3989 maritos
444 3926 577 3989 salutare
595 3925 701 4006 stipsi
723 3925 822 3989 mariti
840 3926 962 3990 easdem
979 3945 1102 3997 uxores,
1127 3925 1207 3989 sicut
1224 3927 1262 3992 de

47 4036 234 4120 imperatore
257 4034 370 4097 dictum
392 4042 439 4098 est
461 4035 498 4098 ad
522 4033 761 4116 imperatricem,
788 4034 912 4099 mutatis
939 4041 970 4097 et
991 4033 1098 4116 positis
1126 4036 1258 4118 propriis

47 4144 220 4208 nominibus
238 4150 269 4206 et
285 4143 386 4225 tytulis
404 4143 583 4225 dignitatum
601 4163 654 4206 seu
672 4141 850 4216 officiorum,
868 4151 898 4207 et
914 4165 986 4208 sexu
1003 4144 1135 4210 discreto
1150 4167 1262 4212 secun·

49 4254 114 4317 dum
134 4251 219 4338 qnod
236 4257 363 4334 oportet.

134 4361 298 4442 Quomodo
328 4361 525 4446 imperatris>
545 4361 679 4442 rapinas
702 4362 847 4428 salutat:
879 4363 1055 4445 Imperatrix
1084 4364 1130 4427 sic
1147 4366 1259 4431 salutat

41 4473 185 4555 reginas:
224 4471 260 4533 Ε.
284 4469 341 4532 Dei
368 4469 465 4551 gratia
492 4470 691 4534 Romanorum
722 4469 896 4553 imperatrix
924 4478 954 4537 et
981 4494 1102 4557 semper
1127 4481 1379 4557 augustarum».

39 4583 156 4648 dilecte
177 4600 218 4646 ac
241 4578 346 4644 inclite
367 4578 499 4664 principi
522 4579 588 4644 ead.
620 4578 720 4664 gratia
741 4581 941 4650 bohemorum
968 4584 1074 4668 regine
1101 4586 1197 4652 forma
1225 4590 1257 4652 et
