3168 5124
186 1566 334 1700 Incipit
355 1521 605 1714 formularins
628 1569 677 1659 de
698 1566 815 1657 modo
840 1565 1105 1687 pensantia).
1265 1576 1311 1620 ⁸⁰¹·
1327 1573 1340 1617 ⁹
1355 1588 1376 1620 ··

150 1798 196 1861 Ad
212 1799 384 1863 hahendam
395 1803 564 1884 preclaram
576 1802 798 1885 dilucidamque
811 1801 937 1865 lonnam
956 1799 996 1888 l)
1014 1799 1183 1864 dictaminis
1196 1819 1270 1883 pro·

60 1907 152 1980 saici,
182 1915 217 1973 ut
245 1910 397 1973 modernis
425 1912 539 1994 placuit
566 1932 700 1996 ususque
729 1912 880 1994 presentis
908 1910 1052 1995 temporis
1080 1910 1270 1993 approbavit,

60 2018 226 2092 sciendum,
244 2021 325 2103 quod
342 2020 424 2084 circa
440 2023 620 2106 principium
633 2021 769 2086 eiusdem
781 2021 933 2086 facultatis
948 2022 1079 2105 quinque
1094 2019 1270 2102 specialiter

62 2135 130 2192 sunt
146 2130 295 2194 notanda:
320 2131 415 2213 primo
432 2133 505 2215 quid
521 2133 561 2196 sit
577 2133 692 2196 dictare
709 2172 753 2182 —
770 2131 905 2195 secundo
923 2131 994 2214 quid
1010 2131 1049 2194 sit
1066 2131 1268 2194 dictamen-

58 2239 154 2302 tercio
171 2258 267 2323 quare
285 2240 329 2304 sio
346 2241 524 2306 dicatur-
542 2248 648 2326 quarto
673 2261 731 2325 que
749 2241 788 2305 sit
805 2260 897 2305 causa
913 2213 1100 2303 invencionis
1117 2239 1206 2304 huius
1222 2278 1267 2289 -

53 2350 159 2432 quinto
176 2369 238 2434 qne
256 2356 287 2414 et
313 2357 386 2435 quot
406 2351 444 2440 ο)
461 2353 521 2416 sint
538 2353 602 2417 eius
620 2353 749 2435 species.
784 2351 872 2414 Nunc
889 2350 927 2414 de
950 2350 1076 2433 singulis
1099 2350 1264 2414 videamus.

143 2461 287 2526 Dictare
302 2466 351 2524 est
366 2461 456 2524 animi
473 2462 703 2545 conceptionem
725 2466 810 2525 recta
832 2460 1025 2524 ordinacione
1043 2459 1203 2543 explicare.
1221 2501 1266 2512 —

56 2568 230 2634 dictamen
258 2574 307 2633 est
334 2570 426 2652 igitur
453 2571 545 2652 digna
572 2571 733 2634 verborum
761 2576 791 2633 et
823 2568 985 2633 artificiosa
1010 2569 1170 2653 congeries
1199 2591 1268 2636 oum

54 2677 193 2758 pondere
205 2679 434 2752 sententiarum,
452 2680 542 2744 nichil
555 2681 585 2743 in
599 2702 633 2744 se
649 2680 782 2744 retinens
800 2679 987 2751 diminutum,
1001 2679 1092 2743 nichil
1105 2681 1264 2746 continens

55 2806 132 2868 pene
157 2787 305 2851 ociosum.
324 2825 368 2836 -
383 2789 552 2855 Dictamen
574 2792 675 2879 icitur
697 2792 745 2856 sic
767 2791 887 2856 dicitur
909 2809 926 2851 a
949 2789 1090 2854 dictando
1098 2775 1111 2864 ,¹
1131 2812 1167 2855 eo
1185 2793 1265 2876 qnod

52 2896 91 2960 sit
111 2896 249 2980 quedam
269 2897 407 2961 litteralis
429 2898 526 2962 edicio
549 2900 737 2963 diversarum
760 2918 957 2982 personarum
974 2919 1079 2983 capax,
1102 2907 1262 2966 venustate

53 3005 218 3070 verborum
236 3008 613 3088 egregia‚rsententiarum
630 3009 782 3072 coloribus
799 3009 954 3073 adornata.
972 3048 1016 3058 —
1035 3013 1142 3076 Causa
1158 3019 1265 3077 autem

57 3115 254 3182 inventionis
284 3117 372 3181 huius
405 3118 462 3182 fuit
493 3118 617 3200 duplex:
658 3118 754 3201 prima
786 3124 819 3182 ut
849 3139 906 3201 per
937 3119 1089 3182 dictamen
1122 3141 1177 3184 seu
1210 3140 1266 3203 per

58 3225 232 3306 epistolam⁴
246 3227 409 3289 amicornm
438 3233 558 3291 secreta
585 3227 771 3299 celarentur,
800 3228 879 3290 unde
903 3227 1013 3292 dicitur
1034 3229 1200 3311 „epistola“
1227 3230 1264 3294 ab

57 3335 250 3418 ,epistolon“
271 3355 382 3420 grece,
400 3337 480 3421 quod
495 3337 586 3401 latine
605 3338 715 3402 dicitur
734 3337 942 3413 „ahsoondo“,
960 3339 1093 3403 secunda
1109 3345 1143 3404 ut
1158 3340 1264 3404 melius

55 3447 206 3527 exprimat
235 3427 294 3530 que
322 3446 510 3512 mandantur.
544 3447 679 3511 Nunnius
709 3448 846 3532 quidem,
874 3447 1020 3512 intricatis
1050 3448 1107 3512 sihi
1134 3450 1264 3531 negotiis

56 3555 243 3629 commissis,
256 3555 387 3619 omnium
403 3557 480 3620 forte
498 3537 725 3621 commissorum
741 3557 912 3620 meminisse
929 3578 988 3621 non
1005 3559 1117 3640 potuit;
1134 3559 1264 3623 omniurn

53 3665 135 3728 enim
146 3663 265 3728 hahere
277 3665 461 3739 memoriam,
473 3666 505 3730 in
517 3667 595 3731 nullo
609 3667 742 3731 hesitare
755 3667 854 3750 potius
873 3673 920 3732 est
936 3667 1099 3732 divinitatis
1116 3688 1205 3752 quam
1225 3670 1263 3754 d)

52 3773 252 3840 humanitatis
273 3774 311 3862 ¹).
329 3813 373 3825 -
389 3776 471 3843 Sunt
483 3784 590 3844 autem
606 3784 672 3842 tres
688 3777 812 3866 specics
824 3777 1036 3844 'dictaminum
1044 3801 1055 3842 .·
1078 3778 1263 3861 prosaicum,

148 3940 185 4009 a)
201 3939 344 3993 Distinetio
357 3938 442 4009 prima
455 3941 484 3994 V.
500 3940 553 3994 und
566 3939 594 3993 Z.
613 3939 695 3996 Sicho
709 3939 864 4013 Einloitung
877 3970 913 3978 —
925 3939 958 4008 d)
979 3940 1092 3996 formam
1106 3941 1172 3997 fehlt
1185 3943 1216 3998 V.
1229 3973 1261 3982 -

56 4034 87 4104 r)
100 4051 158 4105 quc
172 4032 280 4103 etquid
292 4030 321 4087 V.
332 4062 368 4072 —
378 4031 414 4102 d)
427 4047 506 4103 qoam
519 4047 588 4102 opus
598 4033 625 4085 Z.

22 4247 26 4258 '
74 4276 96 4334 ¹)
114 4276 163 4320 liic
175 4273 291 4319 zwettur
303 4270 455 4316 llandschrilt
465 4270 519 4328 higt
528 4268 581 4314 hier
592 4270 654 4314 noch
667 4268 750 4313 hieroz
768 4271 793 4314 et
804 4271 931 4316 secundum
945 4274 991 4316 hoe
1004 4270 1105 4329 epistola
1118 4277 1201 4331 polest
1214 4275 1261 4321 dici

118 4358 151 4404 nb
165 4359 241 4414 ,epr‘
253 4354 317 4412 quon
329 4354 366 4399 cst
376 4366 447 4409 supra
460 4357 483 4396 et
495 4352 605 4406 „stolon‘
616 4363 698 4410 grece,
710 4352 773 4408 quod
789 4355 828 4398 est
839 4351 929 4408 missio,
941 4355 1045 4423 eoquod
1057 4368 1127 4412 supra
1140 4355 1179 4411 id,
1198 4357 1262 4416 quod

119 4441 225 4488 lonitnn
237 4438 337 4486 nuncin·
347 4436 439 4494 posset,
451 4434 556 4481 allectum
565 4432 682 4480 mittentis
694 4432 809 4480 declarat.
823 4434 935 4482 Dicselhe
943 4436 1094 4494 Etymologie
1108 4439 1147 4484 hat
1158 4440 1260 4486 Thomas

120 4524 248 4581 capuanus
260 4522 324 4568 llalrn
336 4521 394 4568 Coll.
406 4520 484 4566 Monn.
498 4519 517 4572 l,
533 4517 580 4564 281
599 4517 646 4562 und
661 4515 791 4562 hithardus
808 4517 838 4562 do
850 4518 938 4576 Pophis
950 4517 1131 4565 llofhlhliothek
1151 4534 1179 4565 au
1192 4523 1259 4567 When

122 4606 181 4653 Cod.
200 4605 285 4651 Philol.
306 4601 570 4660 conjectantem.
591 4598 644 4646 llo.
656 4601 703 4646 Der
725 4600 781 4644 Satn
797 4598 899 4646 omnium
911 4613 989 4647 rerum
1007 4603 1094 4651 habore
1113 4605 1220 4652 notitiam
1234 4607 1260 4651 ct

106 4702 206 4748 Fontes.
219 4699 289 4748 Ahth·
301 4698 328 4743 11.
341 4699 383 4747 Bd.
395 4698 462 4744 XXV.
1027 4688 1040 4738 1
