3108 5118
642 581 707 654 22.

464 755 525 820 Rex
541 755 573 820 ll.
590 757 783 822 Romanorum
799 761 886 849 regit

567 917 647 974 1278.
662 919 770 974 Vienna.

58 1060 153 1132 Koniy
175 1058 283 1130 liudolf
300 1061 372 1119 tirtel
394 1061 445 1117 den
468 1062 557 1135 Kdm'g
578 1064 725 1118 Lodieluua
747 1083 797 1118 oon
827 1067 934 1136 (inpura
960 1082 1003 1120 nm
1031 1063 1159 1118 Beretoad
1181 1081 1267 1135 pepon

563 1155 651 1225 Kdm'p
668 1155 776 1208 Otulcar.

160 1297 289 1358 Gerbert,
302 1316 328 1369 p.
344 1260 403 1353 1¹55.
419 1299 529 1362 Stobbe,
544 1298 606 1352 162.
662 1271 665 1276 Ι

157 1444 234 1507 Cum
258 1444 337 1508 inter
358 1465 450 1527 reges
476 1445 558 1508 orbis
583 1447 624 1533 o)
648 1454 678 1510 et
702 1449 855 1530 principes
880 1447 1034 1511 affinitatis
1062 1447 1211 1512 interdum
1238 1452 1268 1510 et

59 1552 207 1615 amicicie
232 1553 337 1615 federa
362 1555 589 1628 contrabuntur,
615 1562 697 1620 tanto
722 1557 843 1622 maioris
860 1558 939 1622 inter
956 1557 1081 1621 eosdem
1097 1555 1267 1620 allectionis

59 1663 132 1725 unio
152 1661 248 1725 debet
263 1661 370 1726 merito
388 1662 529 1734 suboriri,
553 1672 662 1748 quanto
687 1665 817 1730 maiores
835 1667 913 1737 aliis,
935 1667 965 1729 in
983 1664 1161 1729 celsioribus
1177 1665 1269 1748 positi

59 1771 199 1854 speculis
225 1771 416 1852 dignitatum,
441 1771 552 1834 debent
576 1773 770 1837 inferioribus
794 1776 937 1840 virtutum
955 1775 1088 1857 exempla
1106 1774 1268 1847 disserere,

59 1886 91 1943 et
121 1885 239 1962 quanto
268 1899 323 1961 per
351 1879 505 1943 unanimes
534 1882 702 1947 voluntates
739 1904 843 1947 eorum
871 1903 928 1966 pax
955 1882 1068 1946 tirmior
1096 1883 1210 1946 crescit
1237 1883 1269 1944 in

57 1991 194 2072 populo,
227 1991 357 2053 honores
390 1991 570 2074 ampliantur
602 1995 777 2057 alterutrum
810 2000 840 2057 et
873 2014 993 2057 suorum
1026 1992 1207 2056 roborantur
1238 1993 1270 2055 in

58 2105 223 2181 posterum
242 2098 307 2162 iura
323 2119 486 2180 regnorum
500 2102 537 2186 1).

156 2209 241 2272 Sane
266 2213 421 2270 contracta
446 2209 525 2271 inter
549 2229 603 2273 nos
628 2210 759 2273 feliciter
783 2211 842 2276 iam
857 2211 973 2293 pridem
991 2211 1106 2274 alterne
1124 2212 1268 2275 connexi-

57 2317 132 2382 tatis
151 2316 337 2400 ydemptitas
351 2316 396 2380 sic
414 2338 520 2382 revera
544 2318 822 2400 inextinguibiliter
839 2319 877 2405 b)
895 2321 988 2383 estin
1004 2319 1115 2382 nostris
1132 2319 1267 2393 radicata

56 2425 247 2509 precordiis
261 2425 305 2488 sic
318 2426 430 2489 intimis
444 2428 544 2491 cordis
559 2429 654 2492 nostri
669 2428 827 2492 affectibus
842 2435 889 2492 est
900 2428 1270 2512 firmetatenaciter,quod

57 2536 199 2599 delectat
215 2553 271 2596 nos
290 2534 395 2617 exequi
408 2554 464 2616 per
478 2534 616 2598 effectum
631 2536 766 2620 quitquid
779 2536 912 2617 regalem
925 2541 1058 2599 vestrum
1072 2535 1221 2599 demulcet
1230 2537 1268 2623 e)

56 2646 207 2716 animum,
234 2643 370 2726 quitquid
387 2648 488 2706 vestre
507 2645 674 2708 maiestatis
698 2643 863 2708 honoribus
889 2644 1025 2708 arbitrati
1049 2645 1193 2707 fuerimus
1211 2647 1266 2708 ad·

58 2753 231 2824 auctivam,
248 2751 484 2814 incommutabili
499 2753 597 2815 animo
611 2754 819 2837 disponentes,
837 2753 1086 2817 confibulacionis
1098 2753 1270 2817 huiusmodi

58 2864 221 2928 vinculum
250 2861 498 2925 indissolubiliter
527 2863 699 2926 observare.
733 2865 808 2927 Hinc
838 2869 902 2936 est,
931 2864 1010 2947 quod
1040 2865 1084 2926 sic
1113 2869 1270 2928 contracte

59 2977 220 3038 internos
238 2971 375 3035 amicicie
393 2971 526 3036 debitum
550 2973 617 3036 vice
641 2975 798 3056 reciproca
823 2977 996 3056 repetentes
1021 2993 1039 3036 a
1061 2972 1159 3044 robis,
1183 2976 1272 3054 prout

60 3089 171 3146 vester
195 3087 374 3163 procurator
398 3086 428 3142 et
453 3083 580 3145 nuncius
605 3102 659 3145 vos
688 3083 799 3146 asserit
826 3082 1042 3165 spopondisse,
1076 3082 1271 3145 serenitatem

60 3193 188 3274 regiam
228 3189 364 3272 ampliori
407 3210 465 3272 qua
498 3210 658 3272 possumus
686 3211 810 3274 precum
840 3191 998 3254 allectione
1027 3190 1217 3273 deposcimus
1242 3197 1273 3256 et

61 3304 244 3372 hortamur,
269 3306 416 3385 quatenus
433 3305 535 3364 mutuo
553 3301 640 3364 nobis
657 3302 687 3362 in
704 3302 816 3363 nostris
833 3299 1067 3364 necessitatibus
1085 3299 1273 3364 subveniatis

163 3465 198 3534 a)
214 3464 287 3518 urbis
301 3465 328 3517 Z.
346 3495 374 3503 -
391 3464 422 3532 t)
437 3465 655 3534 inextingwiliter
668 3465 696 3519 V.
715 3494 741 3503 -
760 3466 790 3532 e)
805 3466 926 3518 nostrum
940 3463 1089 3518 demulceat
1102 3465 1129 3518 Z.

65 3603 402 3618 -—-—-—-——

138 3685 253 3737 solliciti,
280 3684 333 3729 dum
359 3685 381 3729 iu
409 3682 476 3728 nobis
502 3683 688 3729 iurisdictionem
714 3685 859 3739 imperialem
887 3683 1028 3737 vendicatis,
1046 3680 1266 3728 commissioneme

137 3768 234 3826 pactum
258 3766 325 3820 illud,
348 3780 395 3823 quo
418 3779 460 3810 rex
480 3767 636 3811 Romanorum
656 3767 693 3820 N,
717 3768 774 3810 tnnc
791 3767 928 3811 moderator
950 3765 1053 3822 imperii,
1077 3779 1120 3810 noe
1144 3763 1276 3810 venerabili

137 3850 235 3894 domino
258 3849 286 3893 N.
310 3847 419 3900 subiecit,
443 3848 477 3892 eie
501 3849 656 3892 concorditer
678 3861 729 3893 cum
752 3849 804 3906 ipso
828 3847 957 3904 disponere
980 3847 1119 3905 dIgnernini,
1143 3849 1169 3891 ut
1186 3859 1214 3890 ex
1230 3848 1277 3890 boc

138 3933 267 3990 predictus
292 3933 402 3987 princeps
428 3932 513 3976 nullom
540 3932 624 3977 contre
649 3945 694 3976 nos
716 3933 802 3978 babeat
827 3933 957 3986 actionem,
984 3931 1105 3988 quinimo,
1132 3943 1176 3986 pro
1203 3929 1277 3974 vestri

139 4015 250 4060 culminis
267 4014 418 4067 excellencia,
434 4014 528 4058 adiutor
542 4017 625 4058 noster
640 4015 672 4058 sit
696 4017 719 4058 in
732 4013 912 4059 necessitatibus
925 4013 1073 4070 opportunis.
1087 4011 1275 4056 —Gerbertbe

139 4099 225 4142 nimmt
246 4110 288 4150 sn,
313 4097 355 4140 der
377 4095 443 4140 Briet
462 4097 497 4140 sei
520 4097 550 4140 irn
573 4097 644 4140 Jabre
669 4097 730 4141 1275
754 4109 799 4140 ron
819 4097 862 4140 den
884 4096 1028 4140 Meiliindern
1050 4107 1078 4138 an
1097 4095 1175 4152 Kdnig
1193 4093 1281 4138 liudolf

139 4159 272 4240 gemebat,
295 4179 318 4221 ln
341 4178 383 4222 der
405 4178 465 4222 Tnat
486 4177 619 4233 entspricbt
641 4179 684 4222 der
705 4178 781 4222 lnbalt
804 4177 929 4221 desselben
954 4176 1032 4220 dieser
1054 4176 1178 4218 Annabme.
1197 4174 1278 4232 Vergl.

143 4266 221 4320 liopp.
240 4259 439 4316 Eidgendesiscbe
456 4262 536 4306 Bttnde
555 4261 577 4314 1,
597 4261 642 4304 110
660 4259 682 4306 ff.

104 4347 128 4406 ¹)
147 4347 223 4390 Einen
246 4345 293 4388 last
315 4344 521 4400 gleicblauteuden
543 4346 651 4403 Eingang
673 4345 713 4388 bat
735 4344 772 4387 ein
798 4342 865 4388 Briet
884 4342 1020 4386 Friedriebs
1043 4342 1070 4385 li.
1094 4354 1121 4384 an
1139 4341 1183 4384 den
1202 4341 1280 4401 libnig

143 4441 191 4473 von
217 4427 325 4482 Englaud
350 4439 401 4471 vom
423 4427 493 4473 labne
517 4427 586 4473 1240.
604 4421 757 4474 Huill.-Bre'b.
777 4424 1019 4479 abelonensem.
1039 4422 1105 4467 Puris
1123 4435 1143 4467 a.
1164 4419 1225 4466 1240
1242 4423 1278 4470 ed,

145 4512 243 4556 Loudou
265 4508 325 4554 lese
342 4523 365 4565 p.
384 4508 438 4555 472.

145 4605 243 4650 Fontes.
257 4602 324 4648 noti.
338 4603 363 4646 ll.
376 4602 417 4647 Bd.
430 4603 497 4649 XXV.
1025 4603 1058 4660 21
