3096 5128
279 301 358 376 458

416 475 569 540 Militantis
586 476 717 542 ecclesie
733 475 951 540 firmamentum
968 477 1096 540 diversis
1111 479 1295 560 prelatorum
1320 478 1469 543 sideribus
1543 481 1544 486 ’

276 583 376 646 diviua
399 583 592 668 providencia
620 585 754 648 creditur
781 587 966 667 picturasse,
995 591 1027 646 ut
1054 592 1157 649 essent
1184 589 1309 650 lucerne
1338 589 1470 650 lucentes

279 690 447 755 horninibus
464 697 495 754 el
510 691 661 756 ardentes.
687 693 761 756 Cum
778 694 880 778 itaque
902 694 1104 758 venerabilem
1126 695 1328 759 eminenciam
1344 700 1471 760 vestram

279 800 318 864 ad
333 799 593 883 archidyaconalis
610 801 883 865 administracionis
900 802 1132 866 sollicitudinem
1147 807 1208 865 tam
1226 803 1329 868 divina
1351 804 1471 868 sosacio

279 927 367 993 quam
384 911 467 972 zelus
482 909 607 973 traxerit
622 911 797 981 animarum,
815 917 914 975 vestre
930 911 1102 975 celsitudini
1114 911 1262 994 supplico,
1280 932 1391 995 preces
1408 932 1473 994 pre-

280 1017 367 1081 cibus
396 1019 567 1090 inculcans,
596 1024 744 1102 quatenus
771 1019 1007 1084 misericorditer
1028 1040 1076 1082 me
1103 1020 1266 1091 intuentes,
1289 1025 1426 1084 vestrum
1448 1027 1473 1083 et

247 1149 251 1156 ’
280 1133 448 1191 vestroruin
460 1127 609 1198 devotum,
627 1129 727 1193 multis
739 1131 912 1192 conlectum
923 1129 1083 1193 laboriosis
1099 1129 1218 1199 studiis,
1233 1129 1338 1193 multis
1356 1127 1473 1210 subjec

282 1241 343 1299 tum
367 1235 618 1308 necessitatibus,
656 1238 758 1301 multis
782 1237 892 1301 debitis
916 1239 1115 1322 implicatum,
1140 1239 1171 1301 in
1198 1238 1373 1321 provisione
1414 1255 1473 1298 mea
1543 1217 1544 1242 ³

281 1344 359 1408 detis
382 1345 548 1428 exemplum
573 1344 678 1408 similia
703 1346 832 1408 faciendi
858 1347 984 1429 populo,
1008 1347 1171 1410 ambulanti
1187 1348 1217 1409 in
1240 1345 1353 1409 lumine
1378 1345 1471 1407 vultus
1543 1393 1544 1398 1

284 1452 384 1516 vestri.
1543 1449 1544 1458 ’

862 1677 894 1741 9.

799 1803 839 1865 ll
856 1803 972 1866 edecta.

379 1947 606 2013 Liberalissimo
624 1945 688 2010 viro
712 1950 742 2008 et
764 1944 912 2008 beneficia
934 1944 1061 2027 plurima
1083 1943 1249 2008 voluntarie
1266 1946 1427 2009 seminanti
1443 1945 1473 2009 C.

168 2083 274 2130 rasas.
288 2063 345 2124 etc.
366 2058 401 2122 Η.
420 2062 478 2120 etc.
497 2055 671 2119 devocionis
688 2057 833 2116 consuete
850 2053 1026 2136 obsequium
1043 2072 1111 2116 cum
1127 2054 1233 2116 salute.

377 2167 452 2230 Cum
460 2163 626 2229 secundum
640 2161 786 2245 sapientis
799 2161 1002 2224 testimonium
1019 2182 1126 2225 nomen
1138 2160 1248 2224 bonum
1265 2182 1357 2245 quam
1373 2161 1475 2224 divicie

288 2277 388 2347 multe,
407 2274 574 2357 sapientem
591 2271 815 2354 negociatorem
831 2271 983 2341 existimo,
1001 2271 1052 2353 qui
1068 2269 1287 2333 multitudinem
1305 2269 1477 2334 diviciarum

288 2383 409 2469 exponit
430 2403 485 2466 pro
508 2380 715 2461 recuperanda
739 2380 866 2442 nominis
890 2378 1034 2442 bonitate.
1058 2380 1151 2442 Huius
1174 2378 1313 2442 nimirum
1337 2377 1476 2442 bonitatis

288 2494 459 2578 preciosum
488 2489 662 2554 thesaurum
689 2487 775 2552 vobis
803 2508 856 2569 pre
884 2488 994 2551 ceteris
1016 2488 1244 2551 habundancius
1265 2485 1477 2550 thesaurizavit

291 2600 456 2666 liberalitas
475 2603 584 2669 vestra,
602 2596 739 2662 diffusiva
756 2597 894 2679 pecunie,
913 2597 967 2659 sed
983 2596 1078 2678 glorie
1095 2597 1260 2659 collectiva.

381 2710 549 2791 Eapropter
583 2707 620 2770 de
655 2704 894 2770 consuetudinali
932 2703 1090 2768 affluencia
1118 2710 1218 2767 vestra
1250 2702 1367 2766 firmam
1399 2721 1478 2785 spem

292 2813 493 2899 fiduciamque
511 2815 702 2896 concipiens,
730 2834 804 2896 rogo
821 2812 998 2896 suppliciter
1013 2817 1044 2874 el
1059 2813 1215 2883 instanter,
1233 2816 1383 2895 quatenus
1400 2830 1478 2874 corn-

292 2929 469 2990 miserantes
486 2923 585 2987 devoti
600 2921 705 2986 clerici
721 2921 813 2984 vestri
831 2920 945 2992 debita,
963 2920 1152 3003 indigencias
1169 2926 1200 2983 et
1214 2919 1347 2990 labores,
1364 2917 1478 3014 munili-

291 3034 425 3099 cenciarn
443 3037 584 3103 vestram,
609 3031 740 3094 nondum
762 3029 851 3094 alicui
874 3030 1069 3111 denegatam,
1096 3028 1186 3090 michi
1202 3029 1355 3110 denegare
1373 3026 1476 3094 nolitis,

291 3144 344 3208 sed
361 3139 562 3225 provisionem
578 3160 674 3203 meam
691 3140 842 3203 consuetis
860 3137 1078 3222 provisionibus
1095 3137 1133 3200 ad
1150 3136 1243 3218 glorie
1258 3141 1362 3201 vestre
1379 3155 1477 3199 cumu-

290 3255 350 3315 lum
368 3249 552 3334 aggregetis.

870 3431 900 3495 l.

705 3576 725 3638 l
741 3576 858 3653 gereris
875 3573 1071 3657 proximitate.

385 3739 595 3806 Amantissimo
619 3735 739 3799 domino
761 3755 815 3796 suo
839 3739 870 3797 et
892 3732 1076 3796 aminiculari
1093 3730 1290 3796 veneracione
1307 3730 1432 3794 colendo
1448 3727 1476 3790 C.

295 3859 353 3917 etc.
378 3853 414 3915 H.
440 3856 497 3912 etc.
520 3847 646 3911 salutem
671 3849 702 3907 el
722 3842 979 3924 beneplacitorum
1002 3842 1200 3904 voluntarium
1222 3841 1476 3922 complementum.

386 3959 504 4040 Quanto
521 3957 622 4038 plures
639 3950 797 4035 recepistis
815 3950 932 4032 gracias
949 3954 1103 4019 enatura,
1127 3954 1209 4012 tanto
1226 3948 1373 4012 devocius
1388 3949 1478 4029 legem

295 4075 402 4134 nature
424 4065 588 4147 adimplere
605 4059 733 4126 debetis.
757 4060 819 4122 Lex
841 4062 940 4122 autem
958 4058 1100 4121 naturalis
1123 4064 1186 4130 cst,
1208 4064 1257 4127 ut,
1281 4075 1359 4139 quos
1381 4061 1478 4119 natura

295 4177 464 4248 coniunxit,
488 4173 615 4239 affectus
638 4189 698 4232 non
722 4167 869 4248 seiungat.
901 4166 991 4229 Novit
1014 4186 1049 4228 ac
1074 4185 1163 4229 nosse
1187 4167 1283 4249 potuit
1306 4160 1479 4228 venerabilis

295 4292 396 4350 vestra
414 4332 421 4346 .
440 4330 472 4354 .,
511 4278 661 4366 quomodo
693 4274 837 4340 naturalis
872 4274 1101 4359 propagacionis
1128 4272 1275 4356 cognacio
1310 4264 1479 4337 sublimitati

297 4403 398 4462 vestre
420 4412 516 4457 meam
539 4387 736 4455 humilitatem
758 4381 919 4447 coniunxit.
945 4382 1040 4464 Quam
1061 4382 1099 4446 ob
1116 4401 1237 4447 causam
1253 4380 1417 4445 humillime
1432 4394 1478 4440 vos

296 4506 430 4591 requiro,
447 4506 596 4586 quatenus
613 4513 743 4559 annosos
760 4491 896 4564 labores,
913 4490 1103 4574 penuriosam
1119 4491 1225 4563 vitam
1242 4507 1372 4554 onerosa
1388 4483 1479 4551 debila
