3100 5116
305 332 382 404 332

304 526 432 590 namque
449 508 528 590 ignis
544 510 640 572 fuisse
657 511 791 575 creditur
808 510 857 573 ubi
875 510 973 572 sumus
993 508 1158 590 procedere
1176 509 1419 579 demonstratur,
1444 531 1496 571 nec

303 617 389 678 favus
413 637 520 699 expers
542 638 611 680 esse
632 622 756 700 putatur
778 616 963 689 dulcedinis,
991 637 1008 680 a
1037 636 1096 700 quo
1120 617 1214 679 liuere
1243 618 1380 681 cernitur
1407 617 1499 699 liquor

303 724 409 789 mellis.
434 726 542 790 Fretus
559 727 651 808 igitur
667 733 768 790 vestre
785 726 950 790 securitate
966 726 1095 789 licenoie
1112 732 1143 788 et
1159 726 1271 790 laveris
1289 724 1499 790 munificencia

305 836 490 898 confortatus
507 836 618 898 recedo
637 836 674 899 de
691 835 791 898 studio
807 834 1000 906 Bononiensi,
1019 834 1057 898 ad
1072 834 1224 898 modicum
1241 835 1273 897 in
1287 835 1389 898 Ytalia
1404 853 1499 896 mora-

304 950 401 1014 turus,
431 943 527 1006 donec
549 944 631 1007 verni
653 944 797 1025 temporis
820 944 984 1007 clemencia
1007 944 1201 1008 securitatem
1223 943 1343 1006 itineris
1370 944 1500 1005 swadeat

305 1053 344 1114 ad
378 1071 544 1115 recessum.
589 1052 769 1134 Ubicunque
809 1057 910 1115 tamen
948 1051 1133 1132 contingerit
1168 1071 1217 1114 me
1255 1052 1389 1124 morari,
1422 1053 1497 1114 omni

306 1166 441 1243 tempore
457 1180 504 1223 me
520 1158 630 1222 restris
648 1159 796 1242 coaptabo
813 1158 1013 1241 beneplacitis
1031 1165 1063 1222 et
1078 1159 1236 1223 mandatis.

879 1474 942 1544 32.

594 1652 734 1734 trlnceps
751 1652 782 1716 ll.
800 1653 959 1716 conventnl
975 1670 1030 1734 pro
1047 1651 1209 1730 sudrcglls.

512 1809 563 1865 ain
576 1811 658 1864 Fttret
669 1806 800 1882 empfieltlt
811 1808 870 1865 oieb
883 1811 936 1864 den
952 1809 1065 1864 Gebetcn
1077 1808 1152 1864 ciues
1166 1809 1303 1864 Conventa.

397 1951 455 2036 Qui
478 1973 546 2018 curn
561 1954 679 2019 Martha
701 1953 878 2019 turbacione
909 1955 1083 2038 multiplicis
1107 1954 1265 2018 ministerii
1282 1974 1320 2016 ac
1338 1954 1500 2038 frequentis

307 2062 514 2126 sollicitudinis
530 2064 679 2128 instancia
699 2064 876 2146 fatigantur,
898 2071 1048 2147 coguntur
1070 2084 1138 2128 curn
1154 2064 1228 2127 tedii
1245 2065 1293 2127 sui
1317 2064 1501 2147 querimonia

307 2176 484 2253 oportunum
507 2172 712 2236 auxiliaoionis
730 2173 908 2237 solaciuma
931 2172 1160 2257 quiescentibus
1178 2173 1300 2255 exigere
1318 2192 1389 2237 curn
1405 2173 1500 2236 illaria.

305 2279 453 2363 Equidem
471 2281 593 2363 dignum
611 2287 658 2344 est
674 2286 707 2342 ut
722 2281 850 2345 actionis
868 2281 1047 2363 operositas,
1065 2301 1119 2362 per
1132 2300 1221 2363 quam
1234 2281 1502 2364 contemplatorun

305 2389 455 2453 interdum
482 2390 682 2473 tranquillitas
711 2389 884 2471 expeditur,
912 2389 991 2454 inter
1018 2388 1218 2453 incumbentis
1246 2390 1438 2453 incommoda
1459 2391 1501 2451 in-

307 2498 489 2582 quietudinis
519 2517 586 2560 cum
615 2498 677 2570 eis,
705 2497 755 2581 qui
784 2504 889 2561 sancte
917 2498 1027 2581 quietis
1057 2498 1155 2561 ocium
1184 2498 1360 2580 elegerunt,
1396 2498 1500 2582 aliquid

306 2607 488 2689 participent
504 2606 544 2688 a]
561 2606 599 2668 de
616 2605 728 2687 optima
744 2606 899 2687 porcione.
930 2606 1082 2668 Levantes
1099 2604 1194 2687 igitur
1210 2606 1315 2669 oculos
1333 2614 1454 2670 nostros
1470 2607 1501 2668 ad

307 2735 371 2787 eos,
388 2715 426 2777 ad
443 2734 529 2797 quos,
545 2714 719 2777 imminente
735 2714 921 2777 turbacionis
934 2715 1084 2795 arigustia,
1102 2719 1197 2777 tutum
1214 2721 1310 2778 restat
1324 2715 1500 2796 confugium,

190 2829 339 2888 relevant
371 2843 460 2905 supra
493 2823 592 2885 datum
624 2823 774 2884 modulum
806 2821 892 2886 labor
924 2843 993 2884 esse
1025 2822 1181 2893 videatur,
1219 2843 1278 2906 quo
1310 2823 1500 2887 inbecilitatis

307 2939 410 2996 nostre
433 2933 511 2995 uires
528 2932 651 2994 incursu
669 2932 862 3013 negociorum
890 2931 1021 3013 undique
1044 2935 1227 2995 atteruntur:
1257 2952 1312 2994 nos
1337 2933 1501 2996 oracionuur

307 3048 473 3105 vestrarum
491 3038 642 3122 suffragiis
658 3040 835 3121 propensius
853 3039 1112 3112 commendamus,
1135 3047 1289 3121 rogantes,
1314 3049 1349 3104 ut
1365 3041 1500 3124 quociens

308 3149 430 3234 expedit
458 3149 524 3212 ocio
552 3155 653 3211 vestro
682 3156 815 3212 nostrum
839 3148 1001 3230 negocium
1024 3148 1184 3211 famuletur
1208 3154 1237 3210 et
1261 3169 1386 3231 semper
1409 3159 1498 3212 restro

308 3260 426 3322 iuvetur
442 3256 608 3341 patrocinio
627 3257 705 3339 apud
721 3257 828 3326 Deum,
851 3256 894 3318 ita
917 3260 960 3326 ut,
984 3256 1051 3318 dum
1076 3261 1175 3318 vestra
1200 3256 1369 3338 spiritualia
1386 3257 1501 3341 partiei-

308 3388 430 3451 pamor,
468 3367 498 3430 in
535 3365 722 3428 redibicione
755 3363 927 3446 temporalis
960 3364 1162 3444 promocionis
1195 3384 1231 3427 ac
1264 3364 1395 3428 subsidii
1426 3365 1500 3428 uobis

310 3478 441 3560 gratuito
459 3482 624 3540 teneamur.

302 3573 316 3600 ἱ

401 3629 531 3693 ilhnllche
545 3637 719 3704 Wendungon
743 3635 794 3688 wie
817 3634 841 3686 in
866 3635 966 3688 diesem
988 3633 1076 3688 Briele
1098 3634 1187 3689 finden
1209 3635 1267 3689 sicb
1291 3636 1317 3689 in
1341 3635 1499 3690 donBrielcn

312 3730 434 3803 gleicben
454 3730 554 3783 lnhalts
573 3745 621 3783 von
640 3727 725 3795 Kdnig
743 3725 845 3780 Rudotf
859 3725 913 3778 und
933 3726 1019 3779 seiuer
1039 3726 1178 3780 Gemablln
1198 3727 1240 3779 bei
1256 3726 1393 3781 Bodmann
1406 3745 1431 3798 p.
1446 3725 1499 3784 tut.

313 3821 374 3876 195.

406 3966 439 4034 a)
455 3965 600 4035 participet
614 3982 645 4016 zu
664 3964 744 4018 lesen.
