3112 5118
307 325 384 396 230

303 497 407 579 gnavit
428 495 467 582 ¹),
483 502 528 558 tot
544 503 574 559 et
590 495 681 560 tantis
697 495 869 580 dampnosis
886 493 1003 557 iniuriis
1020 500 1048 556 et
1065 493 1220 576 probrosis
1237 496 1428 558 contumeliis
1445 515 1494 558 nos

303 605 467 689 inpellens,
495 604 576 686 quod
600 604 639 666 ad
655 609 764 666 statum
780 601 946 683 reipublice
969 601 1207 675 defendendum,
1234 603 1322 666 cuius
1344 605 1427 668 idem
1446 626 1495 667 ren
1541 597 1552 626 ·’

303 733 381 795 pene
397 712 563 776 suffoderat
577 711 786 782 fundamenta,
808 711 940 792 oportuit
957 711 1062 773 saltem
1083 730 1151 773 sero
1175 711 1266 792 gladii
1289 713 1390 776 aDeo
1413 711 1495 774 nobis

304 821 456 885 commissi
478 820 608 882 educere
630 824 820 900 potestatem.
853 819 948 899 lgitur
968 818 999 880 in
1023 818 1195 880 crastino
1212 818 1253 903 a)
1282 818 1390 882 beati
1416 821 1497 881 Bor-

304 928 486 994 tbolomei
510 927 678 1008 apostoli
698 928 728 1014 ²)
746 947 800 989 nos
817 931 848 989 et
869 926 946 988 lilius
969 932 1088 997 noster,
1116 946 1170 988 rex
1190 926 1341 1007 Ungerie,
1372 947 1410 989 eo
1433 927 1495 988 loco

303 1036 467 1099 locavimus
484 1039 584 1112 castre
601 1039 713 1105 nostra,
729 1034 781 1096 ubi
798 1033 835 1096 ab
853 1033 986 1096 exercitu
1003 1032 1085 1114 regis
1102 1033 1231 1115 predicti
1247 1034 1295 1096 vix
1318 1033 1358 1095 ad
1382 1033 1496 1095 miliare

305 1141 751 1226 deutunicumedistebamus3
767 1161 854 1203 mene
870 1160 942 1204 vero
959 1141 1061 1202 serie
1077 1147 1186 1204 sexte
1203 1141 1497 1224 subsequentis,

305 1249 401 1314 eterni
416 1250 473 1312 Dei
490 1249 596 1312 auxilio
614 1248 763 1319 invocato,
779 1248 995 1329 processimus,
1012 1248 1168 1330 signisque
1189 1248 1345 1330 belligeris
1363 1248 1497 1318 elevatis,

305 1378 340 1421 eo
361 1358 569 1439 pervenimus,
596 1356 646 1418 ubi
674 1377 726 1419 rex
747 1356 946 1419 Bobemorum
968 1356 1122 1438 dispositis
1145 1356 1268 1419 aciebus
1291 1355 1384 1419 finem
1412 1356 1496 1438 prelii

305 1465 491 1548 expectabat.
522 1465 584 1529 Illic
601 1464 709 1527 milites
726 1465 900 1546 utriusque,
930 1464 998 1526 dum
1022 1465 1108 1544 signa
1125 1463 1281 1526 hincinde
1297 1464 1499 1546 prospiciunt,

304 1575 370 1637 lero
386 1574 498 1655 impetu
514 1573 761 1656 glomeranturc)
774 1574 805 1634 in
817 1591 918 1643 unum,
932 1571 969 1633 de
982 1572 1089 1633 virium
1103 1572 1232 1654 paritate
1245 1572 1360 1634 strictis
1378 1572 1500 1635 ensibus

305 1682 500 1764 disputantes.
539 1682 652 1745 Tantus
685 1681 777 1762 igitur
810 1682 907 1744 inerat
943 1681 1022 1763 perti
1059 1679 1192 1744 utrilibet
1229 1679 1438 1762 triumphandi
1463 1681 1500 1765 d)

304 1789 440 1861 allectus,
468 1795 501 1852 ut
527 1795 623 1852 morte
650 1789 806 1852 victoriam
834 1808 1009 1871 comparare
1038 1794 1069 1852 et
1096 1787 1218 1850 vincere
1246 1788 1406 1850 moriendo
1439 1809 1501 1851 rem

305 1899 426 1980 dignam
443 1903 473 1958 et
489 1897 621 1960 debitam
637 1896 763 1979 quilibet
785 1896 949 1959 estimaret.
981 1896 1043 1958 lllic
1066 1895 1176 1958 milites
1199 1897 1335 1958 strennui
1359 1915 1502 1978 equorum

189 2037 265 2080 ruso
274 2036 294 2075 a.
305 2006 422 2088 ungulis
446 2004 695 2076 substernuntur,
722 2004 764 2066 ibi
786 2009 870 2068 tanto
897 2004 1043 2085 sanguine
1060 2003 1188 2065 humano
1204 2009 1284 2065 terra
1301 2004 1503 2084 perfunditur,

305 2119 337 2176 ut
353 2134 413 2175 non
428 2112 524 2176 selum
539 2111 754 2193 pugnantibus,
771 2111 826 2173 sed
837 2131 938 2192 pugne
952 2111 1098 2173 duriciam
1111 2109 1296 2172 intuentibus
1309 2111 1374 2174 vite
1391 2110 1503 2175 tedium

305 2241 374 2284 esse
389 2225 503 2303 posset.
538 2219 673 2283 Tandem
689 2239 762 2282 vero
780 2219 892 2281 milicia
908 2224 1028 2289 nostra,
1056 2237 1116 2280 non
1140 2237 1193 2280 sua
1217 2218 1272 2280 sed
1289 2218 1503 2301 omnipotentis

303 2328 360 2391 Dei
376 2329 484 2390 virtute
500 2327 670 2409 prevalens,
686 2327 796 2389 milites
812 2327 895 2406 regis
912 2326 1110 2388 bohemorum
1127 2325 1157 2386 in
1179 2325 1310 2387 vicinum
1333 2346 1457 2389 amnem
1475 2326 1503 2412 Ι)

304 2436 426 2517 inpulit,
455 2435 588 2498 ubilero
606 2455 710 2498 omnes
729 2440 780 2497 eut
796 2434 896 2515 gladio
919 2433 1108 2516 interempti,
1136 2439 1188 2496 eut
1209 2433 1330 2496 tlumine
1349 2433 1501 2504 suffocati,

306 2548 357 2607 aut
373 2542 453 2625 capti
470 2543 508 2605 ab
524 2543 662 2608 hostibus
679 2543 867 2614 defecerunt,
884 2542 929 2606 sic
946 2542 1025 2624 quod
1042 2542 1112 2622 fuge
1128 2541 1293 2623 presidium
1308 2543 1420 2624 paucis
1435 2563 1504 2626 pro-

306 2650 378 2739 luit3
402 2670 472 2713 nom
494 2650 559 2713 sere
583 2670 686 2713 omnes
711 2650 790 2732 epud
814 2671 869 2713 nos
893 2655 944 2712 aut
968 2651 1049 2733 capti
1073 2655 1124 2713 aut
1147 2649 1255 2713 mortui
1276 2656 1499 2720 remanserunt,

305 2757 394 2820 Licet
416 2762 516 2820 eutem
536 2777 590 2819 rex
610 2756 765 2839 predictus
788 2756 913 2818 militum
935 2776 1056 2819 suorum
1078 2756 1197 2836 agmina
1219 2755 1370 2838 dissipate
1385 2757 1505 2820 videret

307 2885 400 2948 seque
427 2864 492 2927 lere
514 2864 553 2926 ab
576 2864 712 2928 omnibus
737 2865 931 2935 derelictum,
960 2865 1057 2927 adbuc
1080 2870 1179 2926 tamen
1201 2864 1381 2927 victricibus
1411 2863 1503 2946 signis

306 2973 418 3036 nostris
436 2972 545 3035 cedere
561 2973 665 3045 noluit,
682 2973 738 3034 sed
755 2993 837 3036 more
856 2978 886 3036 et
902 2972 1000 3036 enimc
1017 2977 1179 3054 gyganteo,
1196 2972 1306 3036 virtute
1323 2973 1458 3036 mirabili
1474 2993 1503 3033 se

308 3080 458 3151 defendit,
489 3081 585 3143 donec
609 3081 728 3163 quidam
752 3081 789 3143 de
812 3082 924 3144 nostris
946 3080 1088 3144 militibus
1104 3081 1202 3162 ipsum
1218 3081 1390 3145 mortaliter
1405 3081 1504 3143 vulne-

307 3193 405 3251 ratum
422 3206 479 3249 une
496 3206 563 3249 cum
580 3188 728 3252 dextrario
747 3187 931 3251 deiecerunt.
949 3189 1034 3250 Tunc
1051 3187 1169 3249 demum
1185 3187 1234 3248 ille
1257 3208 1310 3249 ren
1325 3187 1503 3270 magnificus

309 3315 377 3359 cum
392 3294 518 3357 victoria
533 3295 624 3357 vitam
639 3295 781 3376 perdidit,
799 3314 886 3378 quem
903 3316 962 3358 non
978 3300 1080 3356 nostre
1097 3294 1238 3376 potencie
1261 3295 1430 3368 fortitudo,
1453 3294 1504 3357 sed

308 3381 365 3468 Dei
383 3403 493 3465 excelsi
507 3402 639 3474 dextere,
653 3422 775 3465 causam
788 3395 921 3466 nostram
933 3402 1168 3466 misericorditer
1179 3402 1329 3472 iudicans,
1343 3402 1501 3467 interemit.

310 3510 373 3572 Nos
401 3509 494 3591 igitur
520 3509 579 3571 bec
604 3515 635 3572 et
658 3510 715 3572 elia
738 3508 886 3572 beneficia
911 3508 948 3572 eb
974 3529 1027 3579 eo,
1057 3509 1107 3591 qui
1132 3509 1238 3570 eedem
1259 3508 1349 3571 nobis
1373 3507 1502 3577 contudit,

309 3615 460 3678 humiliter
487 3622 708 3696 cognoscentes
745 3622 775 3696 et
806 3619 843 3677 ad
871 3616 990 3678 laudem
1012 3615 1075 3677 sive
1104 3615 1229 3695 gloriam
1252 3614 1299 3697 sui
1322 3613 1502 3678 sanctissimi
1531 3593 1543 3618 ⁴

310 3721 438 3786 nominis
467 3723 667 3793 reflorentes,
695 3723 733 3786 ad
761 3743 849 3786 omne
877 3722 965 3794 illud,
993 3705 1076 3804 ¹quod
1104 3731 1222 3802 gratum
1255 3722 1404 3785 altissimo
1433 3721 1504 3802 regi.

311 3827 371 3891 lilio
392 3828 468 3892 lesu
484 3829 603 3893 Christo
627 3850 696 3893 esse
713 3831 890 3892 sciverimus
912 3835 1073 3912 vestroque
1095 3828 1318 3911 beneplacitum
1343 3827 1503 3895 sanctitati.

312 3936 465 4001 devociori
480 3939 713 4021 promptitudine
731 3944 864 4002 nostram
881 3938 1111 4001 sollicitudinem
1128 3942 1351 4000 convertemus.

402 4067 436 4135 o)
451 4066 592 4120 crastinum
606 4066 632 4118 Z.
648 4095 680 4104 -
695 4066 727 4131 d)
742 4066 794 4119 sici
816 4096 846 4104 -
866 4067 898 4134 e)
919 4065 1100 4136 glomerentur
1118 4064 1147 4117 v.
1168 4094 1203 4102 —
1222 4064 1257 4132 d)
1273 4064 1455 4134 criumptnnui
1469 4079 1504 4114 arn

312 4158 403 4211 Raude
418 4159 446 4211 V.

340 4355 363 4412 ¹)
381 4356 460 4413 l'ergl.
480 4357 555 4411 llopp,
576 4357 596 4407 l,
614 4355 657 4400 251
677 4354 695 4398 ff
718 4369 740 4398 u.
759 4358 816 4400 Ann.
835 4355 919 4400 Salisb.
939 4356 966 4398 ll.
986 4358 1013 4399 G.
1032 4355 1047 4397 1.
1066 4369 1087 4400 c.
1104 4357 1159 4400 802.

338 4433 363 4494 Ι)
381 4436 420 4480 25.
439 4441 535 4492 August.
554 4437 633 4495 l'ergl.
651 4436 695 4480 den
715 4436 925 4494 vorlrergehenden
944 4436 1010 4480 Briet
1025 4436 1071 4480 und
1089 4437 1164 4493 liopp,
1183 4438 1198 4478 Ι.
1216 4448 1238 4478 c.
1257 4435 1305 4479 258
1324 4434 1346 4477 d.

342 4515 365 4575 θ)
383 4517 425 4560 Die
442 4517 529 4560 blut-cb.
