3100 5116
296 315 374 385 344

296 487 493 570 Neapolim
516 492 658 570 tanquam
675 494 801 552 matrem
818 491 956 572 protecto
974 494 1005 552 et
1021 487 1171 551 dominam
1187 485 1280 549 studii
1298 489 1362 546 tam
1377 484 1494 547 marine
1547 575 1548 578 Ἴ

297 594 460 658 vicinitatis
487 593 627 658 habilitas
656 615 744 678 quam
778 601 897 658 terrene
930 596 1067 660 utilitatis
1099 594 1237 658 fertilitas
1269 590 1379 655 reddat
1409 597 1494 653 tanto
1546 581 1548 618 ³

297 706 424 788 negocio
453 708 685 786 congruentem:
715 706 856 786 generale
885 705 1031 780 studium⁵
1051 705 1081 767 in
1114 705 1180 789 ipsa
1203 704 1326 767 civitate
1349 701 1494 764 iussimus
1546 735 1548 762 2

295 814 468 884 reformari,
504 817 537 877 ut
564 832 653 897 quam
680 812 786 877 localis
814 795 959 878 amenitas
988 835 1088 879 rerum
1124 812 1299 898 placiditate
1332 809 1493 894 gratificat,
1547 803 1548 852 1

298 921 477 988 dooencium
510 926 601 1007 atque
629 921 816 988 discencium
842 924 975 1009 undique
1003 925 1129 988 collecta
1156 921 1354 987 commoditas
1383 919 1496 983 efficiat
1546 911 1548 994 j

298 1034 477 1116 graciosam.
511 1035 556 1096 Te
583 1033 685 1115 igitur,
716 1054 805 1118 quem
832 1034 955 1118 antique
983 1034 1054 1098 fidei
1081 1033 1249 1118 prescripta
1277 1029 1439 1095 sinceritas
1457 1028 1495 1115 α)

298 1142 386 1206 nobis
398 1143 563 1206 efficaciter
578 1145 812 1214 recommendat,
827 1144 865 1208 de
878 1145 965 1210 cuius
978 1145 1075 1208 eciam
1087 1149 1171 1207 certa
1184 1147 1214 1204 et
1226 1145 1349 1224 experta
1363 1139 1496 1203 sciencia

298 1257 329 1316 et
352 1252 487 1315 doctrina
508 1251 634 1334 probata
656 1251 686 1314 in
715 1259 879 1336 conspectu
902 1259 1004 1316 nostro
1021 1251 1061 1339 a)
1084 1253 1143 1316 iam
1164 1250 1278 1334 pluries
1300 1251 1496 1334 plurimorum

296 1360 469 1424 testimonia
481 1359 683 1423 clamaverunt
690 1359 738 1444 b),
752 1360 791 1423 ad
805 1359 985 1426 celebranda
998 1359 1223 1424 reformacionis
1236 1357 1376 1441 predicte
1388 1357 1495 1420 festiva

298 1470 474 1552 sollempnia
489 1469 633 1552 hylariter
647 1468 831 1552 providimus
855 1471 1049 1540 invitandum,
1072 1468 1208 1532 fidelitati
1230 1473 1282 1531 tue
1305 1469 1494 1536 mandantes,
1546 1491 1548 1544 p

298 1584 446 1664 quatenus
463 1580 500 1642 de
516 1581 619 1642 favore
636 1583 739 1641 nostro
757 1582 788 1641 et
803 1578 908 1660 gracia
925 1599 1050 1642 securus
1067 1578 1105 1641 ad
1122 1577 1275 1641 civitatem
1291 1579 1392 1659 ipsam
1407 1597 1496 1640 acee-

299 1689 365 1760 daS,
388 1692 527 1752 recturus
550 1687 661 1750 ibidem
679 1688 810 1751 studium
832 1689 975 1769 generale
997 1686 1035 1751 ob
1059 1691 1160 1750 nostre
1176 1686 1385 1750 reverenciam
1402 1687 1497 1748 maie-
1547 1727 1548 1744 i

299 1798 395 1862 statis.
436 1798 474 1860 Et
502 1802 534 1860 ut
558 1802 639 1859 certe
669 1795 824 1879 concipias
853 1796 891 1859 de
906 1797 1011 1878 gracie
1033 1801 1134 1859 nostre
1151 1795 1331 1859 liberalitate
1344 1794 1495 1864 fiduciam,

298 1906 423 1973 firmiter
434 1907 570 1969 volumus
586 1909 616 1967 te
633 1908 747 1976 tenere,
770 1906 850 1988 quod
866 1906 897 1967 in
914 1905 1043 1969 adventu
1059 1909 1110 1968 tuo
1127 1907 1157 1968 in
1174 1905 1292 1988 signum
1311 1904 1495 1968 fecundioris

299 2017 428 2100 auspicii
443 2015 498 2080 tibi
523 2017 560 2079 de
576 2017 676 2079 valore
698 2037 796 2081 annuo
814 2017 854 2080 12
871 2017 1026 2080 unciarum
1043 2017 1108 2081 auri
1124 2015 1151 2103 1)
1169 2021 1273 2080 nostra
1288 2013 1496 2079 munificencia
1547 2035 1548 2086 l

1546 2147 1548 2190 l

299 2124 468 2210 providebit
483 2125 589 2188 harum
604 2125 775 2190 testimonio
791 2126 954 2188 literarum.

372 2291 532 2360 Ergtnnung
557 2305 604 2343 aus
629 2289 806 2344 vrum.-ssrol.
832 2289 849 2342 l.
875 2307 900 2343 c.
927 2289 1082 2344 llrldericus
1107 2295 1160 2342 etc.
1192 2288 1321 2360 inagistro
1354 2291 1438 2346 Petro
1464 2289 1495 2342 de
1546 2309 1548 2352 r

300 2381 417 2435 Ysernia.
439 2380 472 2452 α)
493 2385 520 2434 et
539 2381 650 2450 prestita
672 2381 770 2436 dudum
789 2383 877 2436 felicis
897 2380 1093 2436 reeordationis
1106 2381 1212 2436 domino
1225 2381 1296 2452 patri
1311 2386 1406 2436 nostre
1420 2388 1494 2450 grata

300 2473 415 2527 servitia.
433 2501 463 2511 -
485 2473 522 2525 lm
540 2469 607 2527 cor.
628 2472 712 2526 Vatia.
732 2471 783 2528 No.
801 2471 874 2526 4957
893 2489 935 2528 no.
949 2473 985 2526 32
999 2473 1045 2526 bat
1066 2472 1155 2526 dieser
1168 2472 1244 2525 Briet
1255 2471 1298 2525 dia
1313 2461 1494 2526 t'lbersebrilt:

301 2562 441 2619 conradus
461 2563 510 2617 Dei
529 2563 621 2634 gracia
639 2562 712 2616 Rom.
733 2562 758 2617 in
778 2580 870 2634 regem
885 2565 987 2618 electus
1001 2563 1150 2618 Jerusalem
1165 2569 1193 2618 et
1205 2562 1298 2616 Sicilie
1311 2580 1360 2616 rex
1373 2565 1453 2618 Petro
1465 2563 1496 2616 de

301 2652 391 2709 Caroli
412 2659 462 2708 etc.
481 2654 571 2726 Vergl.
591 2655 669 2708 Perta
688 2654 786 2708 Archiv
804 2655 834 2714 V,
854 2655 914 2709 379.
935 2657 1006 2712 Petr.
1021 2655 1054 2709 de
1069 2655 1124 2708 Vin.
1138 2654 1163 2718 3,
1179 2654 1212 2708 lo
1225 2655 1354 2725 magistro
1368 2657 1449 2709 Petro
1462 2655 1494 2709 de

256 2790 257 2793 ,
300 2746 432 2819 Hybernia
455 2745 488 2798 de
512 2746 602 2800 studio
615 2745 800 2817 Neapolitano.
824 2776 857 2785 -
877 2735 950 2800 siber
972 2746 1015 2800 die
1038 2747 1126 2802 Saebe
1149 2746 1223 2800 siebe
1246 2745 1295 2800 Ed.
1315 2745 1494 2800 ankclmuua

300 2837 397 2893 Geecb.
411 2836 571 2893 Friedricb’s
584 2838 616 2890 ll.
630 2837 683 2890 uad
698 2837 786 2891 seiner
799 2837 900 2891 Reicbe
914 2841 942 2892 S.
958 2838 1019 2893 ¹84.

874 3028 938 3098 45.

361 3175 364 3181 '
428 3201 431 3205 ·
481 3168 675 3233 Romanorum
692 3189 744 3260 rex
761 3169 798 3232 de
814 3171 1010 3233 lnstilrclone
1026 3171 1096 3233 novi
1111 3172 1241 3252 pastoris
1259 3168 1309 3251 c).
1417 3249 1418 3252 Ἴ

301 3325 352 3382 ain
365 3326 451 3399 Kone'g
469 3329 565 3403 drr‘lclrt
582 3327 736 3384 demandent
754 3327 829 3383 aeine
847 3330 951 3384 Frende
964 3330 1082 3385 doroter
1099 3348 1160 3397 ouo,
1179 3332 1243 3385 daea
1262 3330 1318 3386 itm
1332 3333 1380 3388 die
1390 3333 1494 3402 Leiteog

653 3419 728 3474 eina
740 3417 840 3475 Kircbe
853 3420 1012 3492 stererapen
1024 3421 1140 3475 werdere

390 3531 477 3594 Licet
493 3531 524 3594 in
539 3529 696 3594 latitudine
714 3529 862 3593 libertatis
881 3531 1026 3594 naturalis
1045 3532 1086 3619 d)
1106 3532 1243 3596 condicio
1263 3531 1396 3596 humana
1420 3553 1492 3616 gau·

300 3639 369 3703 deat
382 3639 429 3723 e),
442 3640 582 3724 quoniam
586 3639 627 3727 s]
633 3646 734 3704 tamen
745 3641 920 3724 plerumque
927 3640 979 3728 p),
994 3641 1128 3704 examine
1141 3642 1272 3705 racionis
1287 3642 1432 3714 obmisso,
1461 3643 1488 3704 in

300 3749 494 3832 precipicium
505 3770 647 3833 perverse
664 3750 775 3814 labitur
786 3750 946 3814 voluntatis
959 3749 1010 3835 t),
1024 3753 1125 3815 datum
1138 3757 1194 3824 est,
1209 3759 1241 3816 ut
1254 3752 1383 3816 vinculis
1403 3752 1490 3814 disci-

300 3859 380 3942 pline
394 3863 534 3922 restricta
551 3859 607 3924 sub
624 3859 801 3925 obediencie
816 3859 886 3942 iugo
904 3861 979 3924 oolla
996 3864 1030 3948 i)
1046 3839 1139 3943 ponat
1155 3867 1186 3924 et
1200 3862 1242 3949 le)
1260 3862 1310 3925 bic
1326 3865 1490 3946 preferatur

301 3969 390 4034 bomo
412 3968 582 4034 hominibus
605 3969 644 4032 ad
663 3975 761 4032 motus
777 3967 897 4032 illicitos
913 3969 945 4056 l)
961 3968 1033 4032 loris
1050 3969 1167 4032 iusticie
1184 3971 1391 4034 refrenandos.
1421 3972 1492 4035 Hinc

391 4102 426 4170 o)
449 4103 540 4154 nostre
555 4099 585 4153 V.
600 4129 632 4138 -
647 4098 679 4166 b)
694 4099 847 4152 claruerunt
859 4097 949 4152 m-ssr.
966 4129 993 4136 -
1011 4099 1041 4166 e)
1060 4099 1113 4153 fori
1125 4099 1155 4153 V.
1169 4131 1200 4138 -
1216 4102 1252 4170 d)
1268 4102 1424 4156 naturaliter
1442 4101 1495 4154 Fol.

300 4193 336 4246 57
354 4191 409 4246 ond
426 4190 471 4246 82.
486 4224 516 4234 -
532 4191 563 4261 e)
583 4191 685 4260 aspiret
702 4187 746 4245 82.
763 4219 792 4229 -
806 4189 837 4261 f)
852 4189 923 4260 quod
938 4189 973 4242 57
987 4191 1039 4243 und
1052 4191 1096 4244 82.
1112 4219 1143 4230 -
1156 4192 1192 4262 g)
1207 4191 1390 4262 utplurimum
1403 4192 1450 4247 82.
1470 4222 1493 4231 -

300 4285 335 4354 b)
353 4286 517 4339 voluntatum
531 4284 574 4337 57.
585 4312 618 4323 -·
629 4283 656 4351 a)
671 4283 739 4337 collo
752 4283 784 4337 V.
798 4312 831 4321 —
845 4283 879 4350 lr)
890 4283 987 4338 collum
1000 4287 1124 4354 ponatur,
1138 4287 1167 4336 ut
1182 4282 1260 4337 horno
1283 4285 1436 4354 preferatur
1455 4283 1497 4338 82.

306 4408 334 4418 -
350 4378 377 4445 l)
391 4377 504 4431 admotis
516 4375 617 4428 illicitis
640 4375 669 4429 V.

329 4564 353 4623 ¹)
372 4567 451 4626 gleiclr
464 4567 525 4613 1³32
539 4567 635 4612 Fratres.
