3096 5128
832 613 898 686 54.

702 790 870 856 demmlsslo
887 791 924 856 ad
943 789 1031 854 idem.

365 947 456 1030 Greg.
475 953 533 1013 etc.
550 947 604 1013 tali
621 926 772 1033 episcopo.
791 949 942 1034 Egressus
959 970 976 1012 a
992 949 1072 1012 facie
1088 985 1133 996 -
1144 947 1326 1012 consumari.
1347 946 1381 1012 S.
1389 945 1463 1010 oben

276 1059 308 1122 S.
328 1058 380 1124 58.

839 1261 901 1334 55.

661 1439 1075 1544 lrlrllegluncxenpelonls.

367 1596 458 1679 Greg.
477 1601 535 1661 etc.
552 1597 604 1661 tali
621 1597 732 1660 abbati.
752 1597 849 1661 Sedes
873 1597 1049 1680 apostolica,
1068 1598 1321 1680 quemadmodum
1338 1601 1471 1669 constat,

275 1708 376 1788 largos
398 1710 429 1768 et
450 1705 610 1769 latissimos
632 1706 724 1769 habet
746 1705 906 1778 terminos,
934 1705 972 1769 ab
996 1725 1032 1768 eo
1048 1707 1204 1770 verissime
1234 1706 1474 1777 descendentes,

277 1815 329 1901 qui
345 1820 376 1879 et
391 1833 505 1886 eorum,
523 1833 582 1896 que
598 1817 629 1877 in
646 1815 719 1878 celis
736 1822 805 1880 sunt
821 1822 852 1880 et
867 1816 898 1877 in
914 1817 1015 1888 terris,
1039 1815 1287 1898 omrdpotentatui
1305 1815 1475 1880 dominatur

278 1964 322 1973 —
337 1924 494 1988 incurrise.
514 1923 545 1986 S.
565 1923 644 1986 oben
660 1925 691 1988 S.
708 1926 759 1988 55.

843 2129 906 2201 56.

278 2304 724 2389 lrlrlleglunllpstcrelemlum
736 2306 834 2389 'uper
851 2308 973 2372 loelnlu
991 2325 1049 2372 m
1070 2308 1220 2372 solvende
1237 2309 1275 2374 le
1293 2310 1474 2388 novalibus,

503 2433 561 2497 pue
576 2416 705 2497 propelle
721 2416 872 2480 laboribus
889 2415 1030 2481 excolunt
1047 2422 1077 2480 et
1093 2418 1246 2498 expensls.

371 2573 406 2639 G.
437 2580 495 2638 etc.
524 2574 672 2638 universis
701 2573 812 2639 Christi
839 2574 979 2639 fidelibus
1006 2577 1037 2638 in
1064 2580 1252 2659 perpetuum.
1285 2577 1362 2641 Cum
1401 2576 1476 2640 intra

280 2687 416 2748 sanctam
433 2682 593 2746 ecclesiam
609 2719 653 2728 -
669 2683 779 2746 audeat
800 2682 970 2748 molestare.
997 2685 1031 2749 Si
1053 2684 1121 2766 quis
1137 2704 1208 2747 vero
1232 2684 1264 2746 in
1288 2685 1473 2748 cordarium

281 2791 396 2856 iecerit.
422 2790 454 2854 8.
473 2790 551 2853 oben
569 2790 600 2853 S.
616 2789 668 2853 82.

844 2979 906 3050 57.

281 3159 468 3240 lrlrlleglum
485 3158 673 3236 eremelonla,
691 3157 791 3221 datum
808 3157 923 3222 elrltoll
935 3157 1103 3236 Viennensi,
1122 3164 1153 3221 et
1169 3156 1249 3240 qnod
1266 3160 1303 3223 de
1318 3167 1427 3225 cetero
1439 3157 1476 3226 al

485 3264 588 3330 tallias
605 3284 657 3329 sco
674 3266 818 3330 collectas
835 3267 899 3330 elus
915 3265 993 3329 eires
1010 3283 1070 3329 non
1087 3271 1229 3331 teneantur
1239 3284 1264 3329 r.

373 3428 406 3491 ln
421 3445 499 3489 nom.
517 3445 542 3488 s.
564 3429 594 3487 et
610 3425 629 3487 i.
648 3425 716 3488 trin.
735 3425 810 3487 llud.
830 3426 887 3487 div.
905 3426 965 3488 lav.
983 3425 1080 3507 gratia
1096 3426 1179 3490 Rom.
1198 3447 1251 3489 rex
1267 3446 1392 3510 semper
1403 3429 1474 3510 llug.

284 3538 421 3601 omnibus
450 3537 481 3598 in
507 3538 695 3616 perpetuum.
726 3533 889 3597 Romanum
913 3535 1068 3616 imperium
1092 3535 1130 3597 ad
1154 3535 1318 3598 tuicionem
1341 3535 1414 3600 lidei
1437 3573 1477 3584 —

285 3645 452 3710 dinoscitur
473 3644 657 3726 pepercisse.
684 3641 914 3705 Gleichlautend
936 3642 990 3704 mit
1014 3642 1068 3705 der
1082 3643 1190 3705 Forma
1211 3641 1364 3726 privilegii
1384 3645 1477 3727 impe·

284 3761 416 3821 ratorum
432 3772 468 3816 ac
484 3753 682 3815 Romanorum
698 3769 805 3832 regum
820 3756 967 3832 perpetua
984 3749 1062 3813 oben
1080 3751 1111 3814 S.
1130 3749 1183 3815 83.

852 3972 913 4043 58.

287 4157 486 4237 lrlvlleglnm,
505 4172 564 4235 ouo
580 4152 720 4236 princeps
738 4151 895 4215 eccleslom
917 4151 1018 4214 erlmlt
1037 4151 1073 4214 alo
1095 4154 1174 4215 omnl
1192 4151 1434 4218 adversariorum
1452 4157 1478 4218 el

713 4262 921 4325 ndrocmerum
937 4260 1106 4324 vexacione.

378 4425 411 4487 ln
428 4423 546 4487 nomine
564 4426 667 4486 sancte
684 4425 742 4484 cto.
760 4420 926 4502 Liupoldus
941 4420 997 4484 Dei
1013 4420 1110 4502 gratia
1127 4418 1185 4482 dur
1196 4390 1318 4482 Austris
1336 4426 1368 4484 et
1382 4421 1476 4503 Styrio
1534 4497 1535 4504 ἵ

290 4532 438 4596 uniuersis
462 4528 573 4593 Christi
600 4528 739 4592 fidelibus
763 4529 793 4592 in
817 4534 1003 4610 perpetuum.
1035 4526 1181 4610 Quoniam
1205 4526 1325 4608 quidem
1352 4547 1413 4592 non
1436 4533 1476 4590 est
1533 4507 1536 4582 l¹
