3116 5124
313 353 363 424 82

311 532 341 589 et
368 525 512 608 reliquam
528 526 627 607 passis
658 525 795 588 iniuriam
817 522 1077 607 persolvendam“.
1107 561 1151 571 —
1178 523 1211 584 ln
1238 519 1406 603 privilegiis
1431 539 1505 581 vero

313 634 589 698 ecclesiastieorum
610 634 777 717 principum
800 633 857 696 ista
885 652 961 714 pena
983 631 1145 714 prevaluit,
1175 630 1316 698 sciliceta
1346 650 1404 704 ,ne
1436 629 1506 711 quis

310 750 410 808 autem
453 743 658 814 interveniat,
706 741 761 804 sub
805 740 1002 805 anathematis
1044 740 1294 803 interminacione
1338 738 1509 802 districtius

309 851 510 914 inhibemus“.
544 889 587 900 -—
618 850 789 932 Principum
820 869 891 913 vero
925 849 1077 931 laycorum
1107 849 1264 931 privilegia
1297 847 1381 910 circa
1412 866 1508 929 penas

307 960 463 1042 ponendas
492 958 649 1023 arbitraria
677 963 746 1022 sunt
773 965 804 1022 et
831 958 869 1020 ad
895 957 1054 1039 placitum,
1083 958 1247 1020 secundum
1276 956 1357 1039 quod
1380 955 1509 1038 requirit

310 1073 407 1131 status
424 1068 543 1149 negocii
560 1073 590 1130 et
607 1066 734 1149 qualitas
757 1085 961 1148 personarum.
979 1104 1023 1114 —
1045 1066 1091 1128 De
1106 1066 1234 1130 testium
1248 1087 1325 1130 cero
1338 1067 1510 1152 posicioae

310 1178 398 1239 istam
416 1175 620 1238 differenoiam
643 1174 772 1246 notabis,
795 1174 932 1256 ponendo
951 1173 1078 1245 scilicet,
1095 1173 1173 1236 siout
1189 1193 1316 1238 necesse
1334 1179 1395 1246 est,
1411 1174 1508 1254 primo

311 1283 438 1350 clericos
461 1283 629 1346 secundum
649 1282 839 1346 differencias
856 1289 887 1346 et
908 1282 1028 1346 ordines
1045 1281 1234 1363 dignitatum,
1257 1281 1369 1350 deinde
1393 1281 1508 1364 laycos,

192 1409 300 1450 susos.
312 1395 342 1454 in
359 1393 467 1476 quibus
484 1391 662 1474 dignitatum
678 1391 868 1455 differencias
884 1410 944 1454 non
960 1389 1112 1462 obmittas,
1135 1397 1167 1453 ut
1182 1411 1237 1473 per
1252 1390 1353 1453 omnia
1371 1390 1508 1454 ordinem

234 1543 235 1546 =
312 1502 455 1568 observes
472 1502 551 1563 inter
566 1499 695 1562 clericos
712 1505 742 1562 et
756 1499 870 1582 laycos,
886 1497 1022 1562 dominos
1040 1504 1070 1562 et
1086 1498 1223 1562 vasallos.
1345 1520 1350 1527 ·

526 1725 529 1732 ·
585 1701 701 1783 lupulis
717 1700 866 1782 prlrllogll
883 1701 1048 1782 enenplun
1064 1703 1212 1783 perpetui.

804 1834 928 1880 nescisses
939 1834 1007 1881 xvir.

400 1954 564 2036 Gregorius
593 1955 771 2037 episcopus,
800 1973 905 2017 semus
932 1975 1086 2018 servorum
1113 1955 1186 2028 Dei,
1215 1956 1364 2019 universis
1394 1955 1508 2018 Christi

308 2063 445 2128 fidelibus
474 2065 504 2127 in
531 2071 716 2147 perpetuum.
750 2063 824 2126 Cum
848 2064 926 2126 intra
955 2072 1089 2128 sanctam
1117 2065 1278 2128 ecclesiam
1313 2066 1508 2148 quamplures

307 2174 397 2237 hodie
413 2194 468 2255 per
489 2174 600 2256 gradus
617 2172 791 2235 felicissime
807 2173 1011 2244 ascensionis,
1039 2173 1147 2257 quibus
1170 2174 1306 2237 ordinata
1324 2174 1455 2238 caritate
1472 2175 1509 2237 ad

307 2283 446 2346 thronum
468 2280 630 2345 eburneum
637 2281 677 2365 a)
692 2281 914 2344 reclinatorium
929 2282 992 2344 veri
1009 2282 1176 2345 Salomonis
1184 2283 1222 2368 b)
1244 2283 1434 2356 ascenditur,
1456 2303 1512 2366 per

307 2389 462 2473 religionis
479 2409 566 2452 sacre
583 2389 737 2453 introitum
753 2388 901 2469 attingere
918 2388 1075 2452 videantur
1082 2390 1131 2477 ο),
1149 2391 1210 2480 ubi,
1226 2393 1397 2475 postposito
1413 2392 1509 2456 libere

308 2499 467 2563 voluntatis
484 2496 623 2568 arbitrio,
646 2497 759 2560 servire
774 2497 901 2559 Domino
922 2499 953 2560 in
974 2498 1081 2561 timore
1098 2505 1128 2561 et
1144 2498 1297 2563 ambulare
1313 2521 1419 2564 coram
1444 2504 1507 2585 ipso

307 2610 338 2671 in
366 2607 482 2671 iusticia
505 2627 538 2668 se
562 2610 593 2667 et
616 2623 670 2668 sua
698 2604 883 2686 abnegantes
900 2607 1023 2687 eligunt,
1048 2607 1182 2671 volentes
1195 2609 1235 2695 d)
1252 2611 1358 2691 pocius
1386 2610 1509 2675 obedire

308 2717 470 2787 humiliter,
482 2733 571 2796 quam
578 2713 767 2794 negligenter
778 2714 914 2776 amittere
921 2714 986 2777 dies
1000 2717 1198 2796 paucissimos
1208 2719 1268 2780 vite
1281 2718 1390 2782 huius:
1405 2726 1507 2783 nostra

304 2827 437 2888 'interest
453 2843 487 2886 ex
504 2821 594 2885 officii
610 2820 710 2885 debito
727 2823 896 2903 pastoralis,
910 2825 1081 2905 religiosam
1097 2827 1189 2889 vitam
1203 2827 1305 2890 taliter
1320 2828 1505 2910 eligentibus

310 2953 369 2998 non
387 2934 505 3003 deesse,
522 2931 576 2993 sed
593 2936 729 3012 prestare
747 2931 787 3018 e)
803 2930 948 3005 subsidia,
965 2932 1074 3014 quibus
1090 2933 1207 2997 facilius
1224 2942 1370 3017 appetant
1393 2940 1506 3020 sempi-

309 3049 403 3106 terna.
437 3041 512 3103 Hine
536 3044 599 3110 est,
628 3038 709 3120 quod
725 3043 829 3101 sancta
845 3040 977 3103 Romana
995 3042 1139 3114 ecclesia,
1167 3045 1215 3106 cui
1237 3049 1361 3108 auctore
1378 3046 1507 3109 Domino

308 3154 379 3214 licet
394 3149 524 3213 inmeriti
535 3148 735 3230 presidemus,
753 3167 770 3210 a
785 3150 943 3212 retroactis
959 3149 1143 3231 temporibus
1159 3152 1190 3214 in
1206 3152 1351 3233 gradibus
1369 3154 1508 3219 ordinum
1553 3203 1555 3230 ,

310 3258 552 3342 Cysteroensium
565 3256 752 3336 religionem,
765 3276 833 3319 cum
845 3257 969 3339 propter
981 3258 1108 3323 celibem
1120 3262 1215 3344 ipsius
1229 3265 1509 3335 conversacionem,
1553 3239 1555 3342 s

311 3388 379 3431 cum
394 3370 518 3449 propter
533 3364 666 3427 caritatis
684 3382 790 3446 opera,
825 3383 882 3448 quc
904 3386 959 3449 per
979 3368 1190 3451 hospitalitatis
1215 3373 1349 3453 graciam
1375 3373 1509 3436 extendit
1554 3349 1555 3352 Ἴ

310 3477 348 3540 ad
375 3476 544 3559 proximos,
572 3493 640 3535 cum
667 3478 790 3555 propter
817 3474 923 3537 devote
947 3475 1141 3541 subiectionis
1164 3479 1371 3552 humilitatem,
1397 3499 1507 3563 quase

309 3586 389 3649 idem
412 3583 484 3648 ordo
512 3581 576 3645 sedi
598 3582 761 3663 apostolice
790 3583 964 3666 frequenter
990 3584 1123 3649 humiliat
1139 3584 1177 3672 f)
1194 3592 1225 3649 ot
1240 3593 1372 3670 coaptat,
1397 3591 1508 3653 ceteris

311 3692 466 3756 ordinibus
482 3691 603 3774 pretulit
619 3694 649 3752 et
665 3691 782 3753 amavit.
815 3691 879 3754 Nos
894 3693 996 3775 itaque
1013 3698 1183 3757 sanctorum
1199 3702 1318 3777 patrum
1340 3697 1507 3779 predeces-

311 3822 412 3865 sorum
440 3806 627 3870 nostrorum,
655 3800 706 3882 qni
735 3800 856 3881 copiose
884 3799 1029 3865 libertatis
1051 3803 1205 3885 privileg'o
1229 3805 1341 3868 dictum
1370 3807 1508 3871 ordinem
1551 3801 1554 3852 l

312 3912 498 3981 ditaverunt,
526 3907 662 3988 vestigiis
680 3907 870 3979 inherentes,
899 3908 1002 3972 damus
1019 3916 1049 3973 et
1066 3911 1258 3976 concedimus
1273 3914 1384 3977 ordini·
1394 3937 1509 3981 memo·
1552 3915 1553 3920 ’

311 4027 376 4083 rato
394 4036 510 4081 exnunc
527 4022 558 4079 et
581 4016 610 4077 in
627 4021 804 4097 perpetuum
821 4023 965 4080 consueta
982 4018 1063 4080 sedis
1088 4021 1251 4100 apostolice
1267 4025 1507 4112 auctoritates),
1552 4035 1553 4044 ²

313 4134 460 4212 quatenus
483 4125 521 4187 de
541 4123 630 4205 agris.
654 4122 828 4196 novalibus,
856 4143 930 4206 quos
957 4126 1086 4208 propriis
1110 4129 1218 4193 excolit
1239 4130 1393 4196 laboribus
1411 4139 1444 4196 et
1460 4155 1508 4197 ex·
1551 4127 1553 4208 f

314 4238 434 4321 pensis,
462 4234 533 4298 nulli
560 4232 711 4295 bominum
728 4229 768 4320 b)
796 4233 912 4295 omnino
935 4235 973 4297 ad
1008 4233 1121 4299 dandas
1150 4237 1282 4301 decimas
1313 4243 1507 4329 teneaturv')
1550 4292 1552 4336 y

405 4365 439 4433 a)
455 4363 598 4416 ehurreum
611 4359 640 4412 v.
659 4387 688 4398 -
699 4356 731 4426 b)
750 4357 900 4411 Salomonis
914 4359 944 4412 V.
962 4388 998 4398 -
1011 4361 1042 4427 c)
1057 4359 1178 4418 videatur
1191 4363 1220 4417 V.
1232 4365 1260 4418 Z.
1284 4395 1314 4406 -
1336 4369 1374 4437 d)
1385 4370 1506 4424 volentos

314 4457 383 4510 fehlt
391 4455 421 4510 V.
432 4482 466 4493 —
476 4453 507 4521 e)
516 4448 696 4520 temporalium
706 4448 733 4501 Z.
743 4447 816 4519 -f)
828 4448 958 4503 humilitat
967 4450 994 4502 Z.
1004 4480 1039 4490 —
1049 4439 1085 4521 y)
1096 4451 1131 4506 So
1148 4453 1166 4507 V
1181 4455 1266 4510 undZ
1279 4455 1323 4510 fur
1336 4457 1503 4514 libanum,

315 4575 347 4587 -
369 4544 404 4614 b)
422 4543 519 4598 nullum
541 4537 826 4593 hominembonum
848 4537 976 4592 hominem
996 4541 1023 4594 Z.
1035 4570 1068 4580 -
1082 4541 1109 4610 ι’)
1123 4546 1296 4602 cenenum-y
1315 4548 1371 4601 und
1387 4551 1414 4603 z¹
