3112 5118
1161 410 1236 481 179

44 583 121 663 quod
141 581 210 643 illos
227 601 351 644 manere
369 580 485 644 diucius
503 587 608 646 nature
625 581 758 644 mortalis
782 581 920 645 condicio
945 602 1002 644 non
1018 581 1172 662 permittit.
1205 583 1238 645 ln

44 685 173 752 ccclesia
207 689 357 771 siquidem
394 689 664 770 triumphanti,
703 708 761 770 que
794 709 923 770 superne
954 689 1051 770 patric
1082 689 1239 771 regionem

42 798 224 860 inconcussa
256 796 451 878 possessione
483 797 542 859 iam
574 796 707 867 obtinet,
747 797 878 858 salvator
908 800 1029 868 noster,
1061 797 1117 859 Dei
1149 795 1238 868 filius,

43 923 174 967 summus
203 908 253 966 est
279 903 429 985 pontifex,
465 904 515 984 qui
544 903 726 984 sempiterno
755 903 890 984 fungitur
917 902 1028 975 officio,
1056 923 1180 966 manens
1208 905 1240 966 in

44 1019 181 1074 eternum
199 1018 232 1075 et
247 1011 375 1074 subacto
397 1013 502 1073 mortis
524 1009 651 1093 imperio
674 1029 793 1092 semper
814 1011 918 1072 vivens
935 1049 989 1082 -,
1006 1012 1037 1072 in
1060 1012 1117 1074 hac
1140 1018 1240 1075 autem

42 1119 232 1183 militanti
258 1119 399 1189 ecclesia,
417 1137 507 1200 quam
524 1118 736 1204 exemplarium
752 1117 849 1180 instar
866 1117 1022 1180 celestium
1044 1119 1075 1180 in
1098 1139 1241 1182 consum-

45 1228 184 1290 macione
202 1231 378 1288 sanctorum
395 1245 486 1306 super
502 1229 613 1286 terram
628 1224 686 1286 Dei
703 1224 858 1306 sapiencia
874 1225 1051 1296 fabricavit,
1068 1225 1240 1306 pontifices,

44 1333 238 1400 mortalitatis
255 1332 427 1395 infirmitate
443 1331 635 1402 circumdati,
659 1351 727 1394 cum
750 1333 971 1395 constituantur
992 1351 1046 1413 pro
1068 1331 1241 1401 hominibus

43 1443 121 1526 apud
136 1444 248 1513 Deum,
266 1446 366 1503 tamen
394 1459 430 1502 ex
457 1437 628 1502 hominibus
657 1445 858 1503 assumuntur.
892 1441 967 1503 Hinc
996 1441 1141 1522 estquod
1162 1441 1240 1513 illa,

40 1548 227 1614 indeficienti
260 1548 356 1612 eterni
387 1547 491 1629 sponsi
523 1546 650 1628 gaudio,
666 1553 697 1610 et
734 1549 947 1612 inmortalitate
984 1549 1090 1621 beata,
1128 1549 1242 1614 luctum

41 1658 200 1721 viduitatis
218 1657 330 1720 dicitur
344 1657 503 1737 ignorare,
531 1653 602 1718 hec
627 1660 742 1727 autem,
771 1657 841 1719 dum
857 1657 1069 1738 peregrinatur
1083 1658 1115 1720 in
1139 1657 1241 1734 terris,

42 1785 205 1848 corporum
248 1762 423 1828 carceribus
462 1763 610 1844 obligata,
648 1765 824 1846 frequenter
855 1765 974 1844 cogitur
1004 1764 1156 1829 viduitatis
1188 1785 1243 1828 suc

45 1874 179 1936 lamenta
201 1891 360 1935 resumere
389 1891 425 1934 ac
446 1872 528 1935 tedia
552 1872 689 1954 experiri.
723 1871 776 1934 llis
805 1871 943 1934 lamentis
972 1878 1003 1935 ct
1029 1873 1136 1952 tediis,
1165 1874 1245 1936 sicut

45 1981 176 2044 Domino
194 1979 317 2062 placuit,
334 1980 385 2062 qui
408 1979 517 2045 auffert
540 1981 678 2060 spiritum
701 1979 886 2060 principum,
916 1980 1046 2042 ecclesie
1069 1999 1123 2042 sue
1146 2001 1246 2063 nuper

44 2107 194 2151 concussa
213 2093 282 2150 sunt
297 2086 417 2150 viscera
435 2087 559 2168 eiusque
575 2086 692 2149 maxille
713 2087 836 2167 perfuse
859 2105 959 2149 amaro
983 2087 1129 2168 prciluvio
1151 2088 1243 2151 lacri-

40 2217 159 2259 marum
177 2215 271 2276 super
288 2194 385 2257 felicis
401 2195 628 2256 recordacionis
652 2194 887 2256 innocencio
911 2213 998 2274 papa,
1021 2196 1241 2275 predecessore

41 2311 159 2375 nostro,
189 2305 241 2366 VH
268 2301 418 2364 Kalendas
446 2301 632 2364 Decembres
655 2300 682 2386 1)
716 2301 794 2382 apud
823 2300 989 2383 Neapolim,
1017 2321 1072 2383 per
1100 2303 1241 2366 universe

41 2414 143 2476 carnis
177 2411 257 2474 viam
287 2411 324 2472 de
352 2411 493 2493 nequicia
519 2410 608 2473 huius
639 2410 918 2473 seculi-evadente.
959 2409 1015 2491 Qui
1045 2430 1112 2474 cum
1140 2412 1240 2476 adhuc

38 2520 237 2584 necessarius
261 2525 343 2581 esset
360 2524 391 2581 et
407 2519 566 2582 admodum
581 2518 662 2580 utilis
684 2518 793 2599 populo
818 2519 997 2591 christiano,
1021 2520 1147 2583 forsitan
1168 2521 1238 2585 ideo

38 2635 170 2693 vocatus
188 2633 236 2690 est
253 2647 269 2690 a
285 2627 424 2698 Domino,
442 2632 475 2689 ut
489 2627 636 2697 mundus,
660 2626 691 2687 in
707 2625 837 2706 maligno
853 2628 981 2708 positus,
998 2629 1158 2709 presencia
1175 2630 1239 2694 eius

38 2741 224 2800 nosceretur
251 2734 409 2814 indignus,
439 2737 469 2796 et
496 2739 529 2796 ut
556 2734 622 2814 ipse
651 2732 688 2794 de
704 2732 871 2815 iniquitatis
889 2735 1005 2806 medio,
1030 2753 1089 2816 que
1113 2737 1241 2800 animam

41 2848 109 2908 cius
139 2843 192 2906 diu
220 2843 426 2914 cruciaverat,
454 2841 618 2904 tolleretur.
651 2839 708 2901 Die
726 2841 826 2922 itaque
844 2847 1008 2923 sequente,
1032 2843 1112 2906 iuxta
1128 2863 1243 2907 morem

42 2952 241 3034 exequiarum
258 2949 477 3031 sollempnitate
493 2948 641 3030 premissa
658 2949 782 3030 eiusque
804 2969 931 3030 corpore
953 2951 1116 3022 tumulato,
1140 2973 1195 3014 nos
1214 2960 1245 3016 et

39 3064 156 3124 iratres
185 3059 280 3122 nostri
308 3058 500 3123 convenimus
529 3057 567 3118 ad
591 3055 832 3120 substituendum
856 3058 1005 3138 ydoneum
1033 3079 1243 3124 successorem

41 3177 84 3240 et,
107 3169 269 3230 missarum
292 3165 464 3246 solempniis
486 3164 683 3226 inhonorem
707 3164 804 3226 sancti
828 3163 949 3246 spiritus
967 3166 1076 3229 devote
1093 3187 1129 3230 ac
1145 3170 1243 3232 humi·
1252 3192 1329 3234 1111
1341 3206 1360 3236 ι.

39 3279 114 3340 liter
131 3275 307 3344 celebratis,
323 3273 508 3355 aliquantum
525 3272 562 3333 de
579 3271 672 3334 futuri
688 3272 820 3352 pastoris
834 3272 1054 3339 substitueione
1066 3281 1243 3350 tractantes,

43 3386 139 3448 iidem
163 3384 273 3445 fratres
295 3380 333 3443 ad
355 3379 590 3442 imbecillitatem
615 3384 747 3441 nostram
776 3380 879 3442 oculos
904 3400 975 3442 suos
1000 3385 1198 3447 communiter
1214 3391 1245 3448 et

42 3489 243 3554 concorditer
260 3489 448 3558 direxerunt,
471 3505 527 3550 uos
551 3487 589 3548 ad
614 3485 877 3548 conscendendam
893 3487 933 3572 a)
951 3489 1104 3569 speculam
1120 3497 1244 3572 aposto-

40 3600 93 3663 lici
127 3597 267 3662 culminis
295 3602 325 3659 et
353 3595 539 3658 subeundam
568 3595 775 3675 gravissimam
808 3594 888 3657 orbis
917 3596 1066 3658 sarcinam
1094 3598 1243 3680 eligendo.

39 3709 158 3771 Verum
176 3723 352 3776 noscare,
380 3723 472 3784 supra
495 3701 533 3786 1)
551 3721 640 3785 quam
657 3703 715 3764 dici
731 3701 845 3772 valeat,
874 3704 1051 3784 stupefacti,
1076 3712 1106 3768 et
1128 3725 1186 3788 que
1214 3715 1246 3772 et

40 3814 145 3898 qualis
179 3818 262 3875 esset
292 3812 342 3873 illa
373 3811 613 3893 dispensacionis
645 3809 743 3871 divine
775 3809 900 3872 vocacio
928 3811 1014 3872 anxie
1047 3813 1244 3894 cogitacionis

40 3917 183 3987 examine
199 3921 388 3982 revolventes
404 3919 482 3983 intra
498 3939 553 3980 nos
569 3919 663 3999 ipsos,
677 3922 819 4000 quantum
834 3918 865 3979 in
881 3918 930 3980 illa
946 3920 1097 4000 potuimus
1110 3924 1244 3987 fraterno

40 4049 194 4114 pressura
206 4028 356 4090 instancie
368 4026 557 4109 presedimus
574 4026 624 4112 1),
639 4025 809 4087 meditando
823 4025 942 4106 negocii
954 4027 1142 4106 gravitatem,
1155 4031 1244 4094 meti-

41 4141 125 4202 endo
142 4139 237 4208 vires,
259 4135 454 4216 ponderando
472 4134 677 4216 prudenciam,
701 4133 904 4214 comparando
923 4135 1030 4197 merita
1050 4141 1080 4198 et
1097 4136 1136 4198 ad
1153 4137 1245 4219 perii-

139 4337 174 4405 a)
190 4335 408 4390 consentiendum
422 4336 452 4390 V.
467 4365 501 4377 -
515 4335 547 4404 l)
561 4299 644 4406 super
655 4335 684 4388 V.
699 4363 733 4374 —
747 4333 780 4402 c)
795 4334 939 4388 resedimus
952 4335 1034 4388 111111.

38 4491 377 4504 Μ

54 4595 88 4658 ⁴)
108 4595 210 4641 Sovolrl
229 4589 334 4646 11111111
352 4589 385 4634 als
401 4587 467 4631 llalan
485 4585 563 4633 beben
581 4588 620 4634 vu
638 4587 690 4632 ldus
707 4586 850 4632 Decembris.
900 4577 902 4584 ’

972 4663 1027 4716 12*
