3112 5118
878 478 940 550 31.

716 655 795 734 lopo
811 654 1007 722 homanorum
1023 655 1096 733 regl.
1133 659 1142 681 ⁸

625 810 704 865 1198.
720 810 771 863 llai
785 810 829 864 29.
843 810 915 881 apud
927 816 1049 864 sanctum
1065 815 1180 866 Petrum.

306 957 432 1010 Innocens
446 953 493 1008 111.
516 953 676 1008 abereeadct
700 953 759 1006 dem
778 952 880 1023 Kdoipe
899 951 1020 1008 Ricbord
1031 951 1190 1008 deenberz
1212 953 1268 1008 oder
1289 955 1407 1024 poldene
1419 954 1498 1024 Ilione

306 1045 353 1101 mit
362 1045 396 1115 je
414 1044 497 1100 darem
516 1043 656 1114 Smoroyd,
680 1039 790 1113 Sopbir,
815 1042 919 1094 &aaut
935 1041 992 1095 uod
1012 1043 1097 1113 Topos
1116 1041 1171 1097 aad
1188 1041 1291 1096 orbldrt
1302 1043 1350 1098 die
1363 1042 1498 1112 monache

674 1132 830 1201 Bedeotuop
844 1129 933 1184 dieses
948 1129 1125 1186 concoenare.

394 1273 533 1338 flechmer,
546 1275 612 1346 neg.
627 1276 681 1328 lnn.
695 1273 748 1336 lll.,
761 1289 804 1326 no.
819 1271 846 1326 θ.

393 1421 473 1483 lnter
500 1425 636 1482 terrenas
666 1438 750 1500 opes,
779 1437 853 1500 quas
883 1416 1015 1481 mortalis
1043 1418 1147 1480 oculus
1176 1419 1384 1500 concupiscit,
1414 1419 1496 1501 quasi

304 1526 419 1591 rariora
442 1525 595 1589 desiderat
616 1545 721 1588 aurum
742 1523 875 1587 obrizum
898 1528 929 1586 et
949 1523 1066 1606 lapides
1088 1525 1252 1606 preciosos.
1286 1525 1377 1587 Licet
1403 1529 1500 1588 autem

304 1634 363 1697 hiis
386 1633 503 1696 diviciis
526 1632 708 1695 excellencia
734 1630 846 1712 regalis
874 1630 1045 1703 habundet,
1072 1631 1104 1694 in
1132 1631 1250 1713 signum
1278 1631 1451 1694 dilectionis
1467 1636 1499 1696 et

302 1741 492 1824 prerogativa
521 1738 738 1822 quedammodo
765 1738 807 1823 a)
835 1738 995 1820 singularis
1012 1745 1141 1822 quatuor
1156 1740 1259 1802 anulos
1285 1760 1399 1804 aureos
1429 1759 1496 1803 cum

304 1849 432 1912 totidem
458 1846 608 1929 lapidibus
636 1847 783 1929 preciosis
806 1852 857 1910 tue
887 1847 1087 1928 magnitudini
1116 1848 1316 1921 destinamus,
1344 1849 1378 1912 in
1395 1848 1500 1932 quibus

306 1957 444 2038 profecto
461 1960 491 2017 te
507 1956 641 2018 volumus
657 1954 784 2036 mystice
802 1953 970 2035 intelligere
993 1957 1131 2027 formam,
1153 1955 1319 2027 materiam,
1342 1975 1498 2019 numerum

306 2071 336 2128 et
358 2065 484 2128 colores.
518 2061 695 2126 Rotunditas
718 2061 810 2143 igitur
832 2063 987 2125 anulorum
1010 2063 1173 2127 eorundem
1198 2063 1390 2126 eternitatem
1405 2063 1500 2145 signi·

304 2171 386 2244 ficet,
409 2191 469 2254 quc
487 2175 570 2233 earet
585 2169 732 2252 principio
757 2175 848 2252 atque
864 2169 940 2241 fine;
970 2191 1005 2232 ex
1021 2173 1118 2234 forma
1140 2175 1239 2234 autem
1255 2170 1425 2233 anullorum
1442 2190 1497 2254 que

304 2278 504 2360 corruptibilis
529 2284 576 2340 est
593 2282 623 2340 et
637 2282 739 2358 potest
755 2297 790 2338 cx
807 2277 965 2341 contrariis
990 2277 1184 2361 qualitatibus
1200 2277 1358 2347 inmutari,
1386 2279 1497 2360 regalis

306 2386 397 2450 debet
413 2387 570 2448 advertere
586 2385 768 2466 prudencia,
796 2385 876 2466 quod
900 2386 927 2446 ei
950 2385 987 2446 de
1005 2385 1132 2449 terrenis
1156 2385 1194 2447 ad
1211 2384 1337 2448 celestia
1353 2392 1386 2449 ct
1400 2391 1499 2449 traus-

306 2494 427 2556 iendum
455 2493 495 2555 sit
516 2493 554 2554 de
570 2491 782 2574 temporalibus
801 2492 837 2554 ad
862 2497 975 2555 eterna.
1010 2491 1224 2572 Quaternarius
1246 2498 1347 2555 autem
1364 2513 1502 2558 numerus

308 2606 355 2663 est
384 2599 629 2683 quadripartitam
657 2599 864 2661 constanciam
894 2601 1004 2662 mentis
1035 2600 1207 2672 insinuans,
1239 2619 1297 2682 que
1326 2620 1386 2663 nec
1415 2600 1501 2665 debet

308 2707 435 2789 deprimi
451 2707 483 2769 in
499 2706 634 2769 adversis
651 2725 708 2768 nec
725 2705 755 2768 in
770 2705 925 2787 prosperis
939 2707 1059 2769 elevari.
1078 2707 1166 2788 Quod
1181 2707 1291 2788 regalis
1309 2707 1502 2788 providencia

228 2849 259 2880 ·.
308 2821 379 2878 tunc
397 2813 563 2876 efficaciter
579 2812 763 2895 adimplebit,
782 2833 849 2876 cum
866 2819 994 2895 quatuor
1009 2813 1170 2877 virtutibus
1188 2813 1394 2876 cardinalibus
1413 2815 1499 2877 fuerit

308 2922 457 2994 ordinata,
474 2919 505 2983 id
521 2927 568 2983 est
583 2919 714 2991 iusticia,
730 2920 917 2993 fortitudine,
930 2921 1098 3002 prudencia
1115 2928 1146 2987 et
1161 2923 1388 3003 temperancia:
1405 2922 1500 3004 primo

307 3029 478 3111 intelligens
494 3027 661 3100 iusticiam,
685 3047 774 3110 quam
791 3047 933 3090 exerceas
949 3027 981 3090 in
996 3027 1133 3100 iudiciis,
1161 3029 1387 3102 fortitudinem,
1413 3049 1499 3112 quam

310 3137 451 3200 exhibeas
483 3137 514 3198 in
544 3135 697 3206 adversis,
740 3133 937 3216 prudenciam
969 3155 1058 3218 quam
1090 3136 1232 3199 observes
1260 3136 1301 3222 b)
1329 3137 1362 3199 in
1394 3136 1502 3207 dubiis,

309 3243 541 3326 temperanciam
564 3262 653 3326 quam
668 3243 699 3304 iu
714 3241 868 3323 prosperis
892 3264 953 3306 non
975 3243 1119 3306 dimittas.
1151 3244 1209 3306 Per
1229 3246 1389 3308 materiam
1404 3252 1503 3308 autem

310 3352 491 3422 anullorum,
513 3370 572 3432 que
596 3356 643 3413 est
659 3369 763 3412 aurum
786 3350 945 3431 optimum,
973 3351 1156 3433 sapienciam
1178 3352 1299 3433 accipe,
1331 3352 1403 3436 quia
1429 3354 1504 3416 sicut

309 3479 414 3525 aurum
441 3457 577 3522 omnibus
605 3457 749 3528 metallis,
782 3457 827 3520 sic
861 3455 1015 3539 'sapiencia
1049 3457 1186 3522 omnibus
1218 3459 1306 3539 bonis
1336 3445 1502 3530 antecellit,

310 3569 462 3650 nichilque
488 3585 592 3647 regem
620 3568 739 3645 oportet
766 3564 863 3645 magis
888 3583 976 3646 quam
1005 3566 1189 3647 sapienciam
1215 3567 1395 3647 possidere,
1427 3563 1505 3650 quod

312 3677 452 3740 Salomon
474 3674 585 3744 innuit,
609 3672 659 3754 qui
684 3671 776 3734 solam
799 3671 981 3753 sapienciam
998 3693 1015 3735 a
1030 3673 1095 3736 Deo
1111 3673 1291 3754 postulavit,
1315 3680 1349 3737 ut
1363 3674 1502 3756 populum

312 3784 370 3847 sibi
383 3782 573 3846 commissum
586 3799 621 3841 eo
635 3777 783 3841 salubrius
796 3779 980 3859 gubernaret
996 3778 1033 3865 1),
1047 3781 1163 3842 Deinde
1175 3781 1287 3862 regalis
1301 3779 1506 3862 intelligencia

310 3891 469 3974 mysticum
505 3905 688 3969 gemmarum
726 3885 856 3948 colorem
893 3886 1047 3949 intellecto
1085 3887 1211 3970 mystico
1245 3888 1502 3969 comprehendat:

313 3997 463 4078 smaragdi
495 3997 594 4077 itaque
625 3992 761 4056 viriditas
793 3991 882 4054 fidem
913 3992 1060 4066 insinuat,
1093 3994 1206 4077 saphiri
1238 3995 1389 4058 serenitas
1424 4012 1505 4076 spem

314 4105 472 4187 significat,
494 4100 612 4183 granati
630 4099 835 4163 rubicunditas
853 4099 1009 4164 caritatem
1025 4107 1224 4184 representat,
1253 4101 1366 4184 topazii
1384 4101 1504 4166 claritas

342 4237 344 4243 ι
404 4283 437 4351 a)
454 4279 585 4350 quomodo
599 4277 628 4331 V.
643 4307 675 4314 -
691 4277 722 4343 b)
738 4279 794 4330 obs.
810 4278 860 4332 auf
869 4278 962 4332 Rasur.

317 4413 638 4432 pff...-

347 4508 370 4563 1)
389 4503 476 4562 Regum
495 4497 531 4550 lll,
545 4494 604 4547 3‚a.
