3168 5124
276 321 324 396 lt

271 514 417 578 persone,
440 494 639 561 subinfertur:
678 496 804 585 salutern
819 501 850 560 et
865 496 904 560 ad
920 497 1037 580 frugem
1058 494 1118 559 vite
1140 513 1174 558 se
1195 498 1313 557 vertere
1330 488 1475 564 melioris,
1580 481 1581 486 ’

271 606 319 668 vel
335 606 461 671 salutem
477 612 508 670 et
522 605 646 690 laqueos
663 606 791 670 evadere
806 607 894 671 huius
910 606 1021 670 mundi.

361 716 526 803 Apostatis
547 717 717 782 scribitur:
749 715 874 798 Quando
897 720 1034 800 apostate
1058 711 1308 777 excommunicati
1332 716 1403 774 sunt
1428 709 1474 772 sio

273 825 398 888 dicitur:
426 824 496 888 Viro
512 825 667 909 peccatori
688 825 734 889 vel
752 825 934 890 damnatoris
951 826 1087 888 semitam
1101 822 1215 886 ineunti
1231 821 1330 885 redire
1357 820 1396 884 ad
1420 838 1476 883 cor

272 934 319 996 vel
335 933 373 997 de
388 932 593 1000 habitantibus
608 934 708 1000 Cedar
722 935 761 998 ad
777 935 853 1000 ovile
868 935 1021 1018 proprium
1038 932 1196 998 convolare
1208 933 1249 1016 ¹).
1476 929 1480 940 '

539 1138 613 1204 ltem
629 1138 667 1202 de
682 1143 790 1220 orama
804 1137 908 1204 tabula
923 1138 1138 1204 salntmfmn
1156 1133 1206 1222 a),

363 1298 434 1363 Viso
465 1299 505 1380 de
538 1299 634 1363 tercia
663 1298 765 1363 tabula
798 1299 1024 1373 salutationum,
1054 1319 1134 1364 nuno
1166 1295 1326 1361 ridendum
1358 1301 1406 1358 est
1437 1291 1477 1357 de

273 1413 396 1490 quarta,
417 1409 448 1471 in
471 1427 530 1492 qua
553 1406 737 1481 ostenditur,
760 1410 908 1492 quomodo
931 1429 1034 1473 omnes
1050 1409 1203 1493 principes
1221 1406 1373 1470 seculares
1391 1410 1478 1468 extra

272 1515 468 1599 imperatores
491 1539 545 1583 seu
566 1538 656 1601 reges
678 1519 894 1592 Romanorum,
923 1518 960 1582 de
983 1518 1092 1603 quibus
1109 1536 1199 1600 supra
1217 1516 1329 1579 dictum
1352 1519 1416 1586 est,
1446 1518 1478 1576 et

273 1627 422 1708 quomodo
439 1646 541 1691 omnes
558 1628 674 1692 nobiles
692 1628 805 1692 eisdem
821 1627 1018 1712 principibus,
1034 1628 1191 1692 inferiores
1209 1646 1305 1710 usque
1323 1623 1360 1687 ad
1377 1642 1477 1705 popu-

271 1736 350 1798 lares
366 1741 468 1801 mutuo
486 1759 519 1801 se
536 1739 674 1803 salutant.
694 1737 834 1803 Secundo
851 1737 1033 1810 ostenditur,
1050 1736 1198 1822 quomodo
1214 1735 1304 1798 iidem
1320 1733 1476 1815 principes

273 1851 304 1909 et
320 1844 434 1909 nobiles
450 1848 579 1912 maiores
595 1849 626 1911 in
642 1848 722 1911 clero
740 1852 822 1912 extra
838 1867 946 1931 papam
963 1849 1102 1912 salutent.
1134 1846 1237 1910 Tertio
1255 1843 1406 1928 quomodo
1428 1843 1479 1904 in-

273 1955 400 2018 feriores
430 1955 534 2038 laycos
571 1957 710 2021 salutent.
760 1955 872 2039 Quarto
911 1956 1039 2040 qualiter
1075 1955 1113 2019 ab
1150 1953 1343 2019 inferioribus
1380 1952 1478 2035 laycis

274 2065 449 2129 salutentur.
479 2065 588 2148 Quinto
610 2073 641 2131 et
661 2067 763 2131 ultimo
787 2065 874 2130 modo
898 2066 1026 2150 quedam
1048 2071 1198 2149 ponuntur
1219 2063 1362 2129 notabilia
1389 2062 1479 2127 valde

273 2173 363 2238 bona.
1338 2193 1340 2198 ·

367 2283 526 2364 Quomodo
547 2307 639 2374 repes
660 2307 697 2350 se
722 2285 871 2352 salutent.
903 2285 965 2349 Rex
986 2285 1053 2368 regi
1075 2283 1195 2349 scribit:
1220 2284 1323 2348 lnolito
1346 2279 1480 2366 principi

274 2398 305 2458 et
319 2393 426 2458 illustri
442 2393 560 2458 domino
578 2393 613 2458 0.
632 2394 696 2476 regi
712 2395 855 2458 Bohemie
871 2396 903 2458 R.
923 2395 1028 2457 eadem
1052 2395 1149 2477 gratia
1172 2414 1224 2457 rex
1238 2393 1372 2476 Ungarie
1389 2389 1486 2454 dilec-

272 2503 384 2566 tionem
412 2502 609 2569 omnimodam
633 2524 702 2568 cum
731 2505 836 2568 salute.
880 2504 913 2568 si
934 2511 1034 2568 autem
1056 2525 1108 2568 rex
1130 2504 1248 2568 subdito
1271 2503 1338 2584 regi
1366 2499 1485 2572 scribit,

272 2617 373 2694 potest
389 2632 422 2675 se
438 2632 606 2696 preponere
623 2618 653 2676 et
669 2611 802 2676 scribere
824 2613 882 2676 sibi
907 2614 1019 2677 favoris
1043 2613 1257 2697 plenitudinem
1281 2633 1350 2675 oum
1375 2613 1484 2675 salute.

367 2721 526 2802 Quomodo
541 2721 680 2787 minores
696 2722 817 2788 mobiles
832 2722 975 2789 scribunt
991 2723 1054 2789 sibi
1068 2729 1185 2789 mutuo.
1205 2723 1336 2785 Minores
1354 2720 1485 2791 nobiles,

274 2836 307 2895 ut
323 2830 460 2902 comites,
476 2829 605 2893 barones
620 2830 707 2893 liberi
724 2830 859 2894 scribunt
876 2830 943 2904 sibi,
960 2851 1089 2914 persona
1102 2833 1267 2915 recipiente
1283 2831 1433 2913 premissa
1451 2830 1482 2892 in

274 2939 464 3013 salutatione,
481 2944 512 3002 et
527 2939 703 3021 appellando
716 2941 795 3002 uiros
809 2939 934 3012 nobiles,
951 2942 1131 3024 spectabiles
1148 2949 1179 3007 et
1196 2943 1326 3006 famosos
1351 2939 1489 3003 inferunt

276 3048 428 3114 fidelitatis
445 3049 622 3133 obsequium
638 3049 823 3114 indefessum
840 3070 908 3113 oum
925 3052 1029 3115 salute.

369 3158 528 3240 Quomodo
543 3158 636 3224 mileo
651 3159 756 3225 militi.
780 3161 864 3223 Miles
881 3156 1002 3224 militem
1018 3162 1148 3244 appellat
1164 3167 1319 3225 strenuum
1335 3159 1434 3222 virum
1451 3163 1482 3221 et

274 3272 435 3334 honestum
450 3268 517 3332 talis
533 3268 605 3341 loci,
622 3273 652 3331 et
669 3267 772 3333 dicunt
789 3271 915 3334 salutem
932 3262 1010 3334 cum
1022 3269 1256 3354 promptitudine
1279 3268 1484 3352 obsequendi.

277 3380 420 3443 Militares
442 3397 514 3442 vero
536 3378 687 3460 appellant
708 3399 741 3441 se
762 3379 843 3442 viros
867 3380 993 3444 dilectos
1016 3387 1047 3445 et
1067 3381 1210 3444 honestos
1227 3385 1258 3443 et
1273 3379 1379 3444 dicunt
1397 3379 1485 3462 quic-

278 3489 350 3573 quid
365 3493 493 3572 possunt
509 3507 577 3550 eum
594 3488 690 3551 salute
707 3488 844 3572 obsequii
860 3495 890 3553 et
902 3490 1034 3554 honoris.

367 3598 440 3662 ltem
453 3597 634 3680 generaliter
645 3603 726 3670 nota,
738 3603 799 3662 tam
811 3599 842 3675 in
855 3619 984 3681 persona
999 3600 1175 3683 recipiente,
1188 3619 1278 3684 quam
1291 3600 1441 3671 mittente,
1459 3599 1486 3661 si

278 3713 348 3774 sunt
375 3705 481 3771 aflines
509 3711 540 3768 et
568 3707 796 3788 consanguinei,
825 3708 863 3772 de
890 3709 949 3772 hoc
978 3709 1088 3773 debent
1114 3710 1145 3773 in
1175 3709 1356 3774 salutatione
1379 3708 1485 3771 facere

277 3817 468 3883 mentionem.
500 3817 573 3879 ltem
589 3821 670 3887 nota,
687 3816 767 3899 quod
784 3837 904 3900 semper
918 3838 1048 3900 persona
1063 3819 1183 3882 mittens
1199 3825 1261 3882 tarn
1276 3838 1331 3900 pro
1346 3838 1379 3881 se
1395 3837 1487 3902 quam

278 3929 317 3992 ad
332 3925 715 4011 personam'recipientem,
731 3927 829 4009 posito
852 3927 946 4010 primo
970 3929 1090 4011 proprio
1113 3929 1231 3993 nomine
1253 3929 1430 4011 utriusque,
1462 3926 1488 3988 si

278 4044 395 4104 tantum
421 4037 533 4108 scitur,
560 4041 591 4099 et
618 4035 767 4101 adiunctis
795 4037 826 4100 in
858 4037 1036 4102 salutatione
1064 4038 1172 4102 debitis
1200 4037 1358 4103 adiectivis
1383 4041 1488 4121 potest

279 4148 437 4232 utriusque
454 4166 622 4232 cognomen
639 4145 817 4222 subinferri,
835 4147 860 4211 si
876 4147 972 4213 scitur
986 4169 1041 4233 pro
1058 4154 1152 4214 certo.

370 4298 405 4369 a)
424 4290 569 4348 Distinctio
582 4291 622 4356 Vl,
636 4310 676 4347 arn
689 4293 782 4351 Raude
798 4295 840 4352 lv.

310 4569 333 4634 ¹)
347 4571 424 4619 Psalna
441 4567 498 4621 119,
515 4565 538 4612 b.
644 4575 647 4580 '
