3100 5116
1213 309 1292 380 349

89 491 117 542 et
135 488 270 552 bloravia,
291 487 388 544 castris
405 489 457 542 ete.
474 515 504 524 —
520 485 553 558 a)
570 489 654 542 Porro
669 487 693 540 ei
706 487 751 557 qui
766 487 944 558 dignabuntur
956 486 1004 540 Dei
1019 485 1145 554 obsequio
1160 487 1187 538 et
1200 487 1292 538 nostro

85 581 233 634 succursui
245 598 308 634 sese
323 581 430 640 offerre,
443 579 476 632 de
490 597 538 633 suo
552 597 600 634 nos
614 579 761 635 certificent
774 579 935 639 adveniunt
945 579 970 631 iu
983 575 1102 631 confiniis
1116 573 1193 646 regni
1208 575 1290 629 nostri

87 689 140 727 eos
154 671 309 726 honorifice
322 671 404 741 recipi
422 671 559 725 iaciamus.
585 670 719 742 Quidquid
744 687 805 723 vero
827 671 898 723 lator
911 669 1082 740 presencium
1098 666 1122 722 in
1138 667 1221 721 nostri
1235 667 1292 720 vice

83 763 177 818 lsunrii
193 764 305 824 dixerit,
319 762 396 818 fidem
410 766 437 817 et
450 763 617 817 credenciam
631 763 654 816 el
668 762 809 832 dignemini
824 762 960 815 adhihere.
974 761 1078 814 Datum.

669 970 704 1040 3.

343 1111 475 1194 legistrl
490 1114 629 1177 lirlderlcl
647 1114 765 1176 sbbstls
782 1112 984 1177 bersturensls
1005 1109 1043 1195 ¹).

568 1235 639 1290 1276
659 1237 727 1292 oder
747 1235 825 1290 1277.

80 1349 141 1403 Der
162 1347 215 1402 Ast
237 1342 382 1400 Friedrich
404 1362 452 1400 oon
477 1345 591 1398 Garates
614 1345 697 1400 tadelt
717 1346 763 1400 die
779 1345 929 1412 Miserias,
950 1346 1015 1399 doce
1033 1345 1073 1400 eie
1090 1343 1148 1400 cicli
1168 1344 1196 1398 in
1210 1345 1291 1412 Eune,

81 1455 173 1510 yepen
193 1438 247 1491 den
266 1435 493 1490 cuodrdclrlz'clren
519 1436 615 1490 Willrn
638 1438 687 1491 dee
704 1437 827 1491 Decanec
852 1438 902 1490 der
919 1435 1039 1506 dortr‘pen
1059 1434 1164 1498 Kircbe,
1186 1435 1293 1489 nieder·

81 1531 214 1602 pelcceea
223 1529 290 1589 und,
312 1536 390 1582 anter
403 1525 657 1598 Bencclrtheilipunp
674 1528 724 1581 der
743 1528 804 1581 dort
828 1527 924 1582 bereite
942 1544 1135 1597 capececccnen
1151 1525 1293 1582 Geistlicb·

372 1618 436 1682 lecit,
457 1616 504 1671 die
516 1618 658 1690 Seelaorpe
669 1636 704 1672 an
716 1616 775 1672 cicli
786 1619 909 1690 pers'eeen
921 1616 1013 1672 baben.

187 1763 421 1829 Honorabilibus
438 1762 470 1827 in
487 1763 607 1827 Christo
623 1764 768 1829 fratribus
786 1765 953 1828 Minoribus
975 1765 1056 1848 apud
1071 1766 1203 1828 dnesum
1220 1783 1294 1827 con-

90 1877 209 1942 stitutis
238 1876 273 1938 E.
292 1875 345 1961 a),
373 1869 576 1938 miseracione
604 1873 704 1937 divina
733 1875 907 1938 Gerstensis
940 1873 1071 1937 ecclesie
1104 1875 1216 1947 abbas,
1249 1873 1293 1937 sic

88 1985 363 2072 predicacionibus
387 1990 417 2049 et
445 1984 688 2048 confessionibus
712 1983 900 2057 habundare,
922 1984 1002 2070 quod
1018 1983 1099 2048 salus
1116 2005 1176 2048 non
1190 1988 1295 2067 pereat

89 2098 278 2160 animarum!

183 2207 337 2290 Eloquens
370 2204 504 2268 sciencia
535 2225 596 2290 qua
627 2205 755 2289 vigetis,
791 2204 952 2289 aliquando
980 2224 1095 2288 ponens
1126 2224 1180 2268 vos
1212 2208 1296 2267 extra

89 2316 242 2382 terminos
272 2313 423 2385 karitatis,
451 2318 567 2378 tantum
596 2315 648 2378 dat
669 2314 789 2398 spiritui
810 2319 912 2387 vestro
934 2318 1058 2387 motum,
1080 2313 1164 2377 utin
1186 2313 1296 2377 vestris

90 2423 364 2513 predicacionibus
388 2423 550 2506 dignitates
580 2424 805 2508 antiquissimas
836 2425 1020 2507 prelatorum
1054 2429 1085 2487 et
1117 2423 1298 2488 clericorum

93 2539 225 2603 aliorum
255 2531 354 2596 officia
382 2533 568 2606 deformetis‚
595 2533 682 2617 quasi
710 2533 798 2596 nullis
828 2532 895 2595 aliis
917 2534 1064 2596 hactenus
1088 2534 1127 2597 sit
1150 2553 1298 2598 concessa

92 2647 227 2712 facultas
240 2643 394 2729 loquendi,
410 2643 539 2716 sciendi,
557 2642 736 2707 consulendi
754 2663 789 2705 ac
807 2643 934 2727 regendi
951 2643 1070 2726 plebem
1083 2643 1225 2717 fidelium,
1238 2642 1297 2706 nisi

94 2757 195 2822 vobis.
230 2755 269 2818 Et
284 2755 344 2817 boc
360 2774 466 2838 parum
484 2754 604 2817 omnino
621 2754 708 2817 nobis
726 2759 756 2818 et
772 2753 871 2818 multis
890 2754 956 2816 aliis
974 2752 1137 2825 videretur,
1157 2755 1183 2816 si
1199 2755 1297 2817 latens

97 2867 261 2939 detractio,
284 2871 428 2950 tanquam
451 2866 567 2948 augwis
590 2887 648 2928 non
672 2871 808 2949 serperet
831 2866 862 2927 in
885 2863 1007 2928 auribus
1024 2865 1188 2947 laycorum.
1223 2866 1297 2938 Sed,

96 2986 132 3042 ut
161 2978 199 3040 dc
231 2974 290 3038 hiis
319 2979 349 3036 et
377 2973 525 3038 similibus
552 2973 708 3037 sileneium
735 2973 911 3045 babeamus,
935 2973 972 3036 ad
995 2995 1121 3057 presens
1144 2995 1235 3038 unum
1252 2980 1299 3038 est

93 3091 179 3154 inter
203 3089 307 3148 cetera
335 3084 519 3168 principale,
553 3083 632 3166 quod
649 3083 686 3146 de
703 3083 838 3147 sciencia
867 3103 968 3147 coram
998 3083 1078 3147 omni
1105 3085 1215 3168 populo
1243 3105 1298 3147 vos

94 3195 241 3262 extollitis
259 3199 364 3257 contra
381 3192 586 3256 modicitatem
603 3193 757 3257 literarum
774 3199 944 3257 nostrarum
962 3197 992 3256 et
1009 3191 1140 3256 omnium
1162 3194 1298 3266 aliomm,

94 3326 183 3380 cum,
206 3303 233 3367 si
248 3301 362 3366 baritas
386 3303 508 3366 adesset
530 3302 634 3374 vobis,
657 3303 846 3366 inflacionem
875 3301 1046 3366 huiusmodi
1068 3307 1169 3366 vestra
1191 3323 1301 3386 magna

95 3415 235 3482 sciencia
251 3434 310 3476 nou
326 3412 454 3476 baberet
472 3411 512 3499 ²).
530 3412 586 3475 Est
608 3414 688 3476 enim
710 3413 846 3476 sciencia
867 3411 933 3476 sine
957 3413 1085 3476 karitate
1107 3411 1220 3482 favilla,
1242 3431 1299 3473 nee

96 3525 222 3591 edificat
235 3529 282 3588 set
295 3524 333 3606 b)
351 3522 489 3596 destruit,
506 3542 565 3585 non
583 3522 674 3606 erigit
691 3521 842 3586 edificium
859 3527 906 3586 set
923 3521 1081 3586 consumit.

190 3637 260 3700 Non
281 3635 407 3698 miretur
430 3640 532 3698 vestra
553 3653 647 3716 sagax
669 3633 837 3717 prudencia
859 3635 906 3696 vel
923 3632 1054 3716 prudeus
1072 3634 1225 3716 sagacitas
1242 3633 1300 3696 ullo

96 3737 201 3818 modo,
219 3745 301 3830 quod
317 3743 405 3807 nobis
423 3743 564 3827 displicet
580 3748 682 3806 uestra
699 3744 832 3806 intencio
857 3742 894 3805 de
917 3747 1079 3813 structura,
1097 3762 1186 3826 quam
1200 3741 1302 3805 facitis

97 3861 211 3922 contra
234 3855 419 3918 voluntatem
441 3852 499 3916 viri
521 3851 719 3922 honorabilis,
743 3852 862 3916 scilicet
885 3852 993 3916 decani
1016 3851 1144 3915 rectoris
1171 3851 1302 3914 ecclesie

195 3983 229 4052 c)
244 3983 273 4036 ll.
287 3999 321 4035 su
333 3982 407 4035 lesen
422 3977 620 4051 (Fridericus).
639 4009 675 4019 —
687 3977 718 4046 b)
731 3979 785 4033 sic!

98 4120 432 4136 -——-—-——

130 4211 154 4272 ¹)
168 4214 255 4260 Dieser
267 4211 336 4258 Briel
345 4211 378 4255 ist
390 4211 434 4256 der
446 4208 541 4268 einnige
554 4220 653 4254 unserer
666 4207 809 4266 Sammluug‚
823 4209 867 4252 der
878 4207 902 4252 in
916 4207 934 4250 Z
948 4205 1015 4251 fehlt.

129 4302 255 4362 ²)lliet1'rr
280 4304 347 4362 giebt
365 4303 486 4348 blnthacus
498 4301 563 4346 Paris
582 4301 622 4346 ed.
633 4300 732 4344 London
753 4297 815 4344 solo
832 4299 861 4342 ad
881 4312 902 4343 a.
922 4295 984 4342 lale
1003 4312 1026 4354 p.
1045 4296 1093 4342 sel
1111 4296 1182 4340 einen
1195 4295 1301 4342 interes-

144 4445 147 4448 ,
176 4398 262 4442 senten
278 4395 364 4454 Belcg:
389 4392 625 4438 ...Predicatores
643 4403 737 4435 ...se
755 4391 894 4450 ingerentes
914 4388 984 4435 nimis
1002 4388 1150 4444 impudenter
1163 4387 1301 4446 rogitabant

176 4488 288 4550 singulos
302 4486 373 4532 etism
385 4498 443 4544 sepe
455 4485 521 4528 viros
534 4481 677 4542 religiosos:
691 4495 748 4528 esne
762 4481 902 4528 confessus?
916 4479 1004 4537 Quibus
1018 4478 1038 4524 si
1052 4490 1190 4536 responsum
1203 4478 1301 4524 fuisset:

179 4581 259 4626 etiam.
271 4578 335 4621 -Α
347 4576 412 4634 quo?
425 4598 458 4606 ·-
473 4575 491 4618 Α
504 4573 629 4618 sacerdote
642 4585 702 4617 meo.
715 4597 746 4606 —
759 4573 789 4617 bt
801 4573 853 4630 quis
866 4571 908 4615 ille
921 4569 1012 4614 idiota?
1025 4581 1143 4626 nunquam
1155 4570 1302 4629 theologiam

1301 1134 1347 1175 rol.
1356 1135 1382 1177 52
1390 1133 1411 1178 b.
