3112 5118
1191 349 1268 420 247

62 525 231 608 perfectius
249 526 406 590 informari
423 525 616 607 contingerit,
633 525 704 608 quid
722 543 801 587 nunc
818 524 896 587 ultra
921 523 1030 587 devota
1054 522 1184 586 ecclesie
1207 521 1267 602 lilio

65 633 105 696 sit
121 631 286 715 agendum.

154 757 269 821 Stobbc,
287 775 329 812 no.
349 755 404 810 276
421 757 469 810 mit
491 757 539 810 der
560 743 743 810 libersehriftt
766 755 932 812 Reverendis
954 755 980 809 in
1003 754 1112 810 Christo
1134 755 1266 825 patribus,

63 848 198 904 universis
226 851 401 902 sacrosancte
425 845 499 901 Rom.
526 844 643 901 ecclesie
672 845 869 910 enrdinalibus,
900 845 957 900 suis
987 845 1144 918 predileetis
1175 844 1268 900 amicis

62 938 130 993 aad.
143 942 195 997 etc,

644 1104 708 1177 34.

428 1281 623 1345 nummorum
639 1297 692 1344 rex
710 1279 740 1346 t.
758 1282 911 1364 episeopo.

261 1441 291 1494 K
288 1438 351 1510 daiq
362 1437 468 1510 Budolf
475 1437 563 1494 mecbt
575 1437 626 1494 dae
637 1437 720 1493 Recbt
732 1441 782 1493 der
794 1449 882 1494 cretea
894 1439 964 1494 Ba'tte
972 1441 1086 1512 pellenti.

157 1583 240 1638 Gerb.
256 1583 281 1644 1,
294 1582 339 1638 lt.
354 1614 385 1625 -
401 1581 503 1636 Stobbe
516 1599 542 1636 n.
554 1582 582 1645 7,
595 1583 648 1636 und
662 1583 817 1646 Firuhabor‚
832 1582 885 1638 119
899 1583 1081 1639 abueicbend.

156 1726 238 1789 Dum
254 1725 286 1788 in
301 1730 403 1789 nostre
419 1725 610 1789 sublimitatis
627 1724 748 1789 exordio
766 1723 900 1808 quelibet
916 1724 1058 1799 ecclesia,
1082 1728 1112 1790 in
1129 1727 1262 1791 Romano

62 1835 193 1917 imperio
211 1834 389 1906 constituta,
406 1852 497 1915 super
511 1833 684 1915 provisione
707 1833 794 1896 unius
815 1852 944 1914 persone
967 1835 1119 1916 primicias
1143 1856 1268 1918 precum

62 1947 238 2006 nostrarum
255 1963 293 2005 ex
308 1941 429 2024 antiqua
446 1948 477 2005 et
492 1941 660 2024 approbata
676 1941 893 2006 consuetudine
918 1941 997 2004 sacri
1019 1943 1137 2024 imperii
1159 1943 1267 2006 admit-

62 2057 131 2114 tere
158 2055 317 2122 teneatur,
344 2049 504 2132 primarias
530 2050 587 2113 tibi
611 2049 764 2113 offerimus
785 2069 894 2130 preces
911 2055 1049 2123 nostras,
1071 2051 1268 2114 devocionem
1352 2049 1357 2064 ‘

62 2164 147 2222 tuam
178 2157 331 2221 atteueius
363 2164 522 2222 exorantes
560 2178 596 2221 ac
627 2157 713 2238 regia
750 2155 807 2220 tibi
843 2156 1054 2221 nichilominus
1086 2158 1266 2222 auctoritate

63 2265 257 2337 mandantes,
274 2270 422 2349 quatenus
438 2265 532 2330 latori
541 2265 734 2348 presencium
749 2265 800 2337 N.,
813 2265 852 2328 ad
866 2265 952 2328 cuius
967 2267 1098 2330 honores
1111 2264 1267 2349 augendos

65 2379 96 2440 et
123 2375 252 2438 comoda
278 2374 473 2457 provehenda
499 2394 559 2438 non
588 2375 683 2438 solum
705 2395 759 2438 sue
780 2374 941 2456 probitatis
962 2375 1069 2438 merita
1091 2375 1146 2438 sed
1169 2375 1267 2438 eciam

66 2489 196 2565 accepta
211 2487 339 2565 paterne
356 2502 413 2545 nec
435 2503 496 2546 non
517 2481 596 2546 avite
620 2481 827 2546 strennuitatis
852 2481 998 2566 obsequia
1020 2503 1075 2546 nos
1100 2479 1267 2547 efficaciter

64 2595 285 2675 provocarunt,
318 2590 405 2653 uobis
438 2590 535 2653 eciam
566 2591 603 2654 de
632 2590 795 2655 sufficienti
822 2591 956 2654 sciencia
985 2591 1210 2664 commendato,
1228 2591 1266 2654 de

64 2697 278 2764 ecclesiastico
295 2696 444 2762 beneficio
462 2698 500 2762 ad
516 2702 598 2761 tuam
615 2699 810 2762 collacionem
828 2703 1003 2781 spectante,
1028 2700 1054 2762 si
1078 2699 1158 2783 quod
1178 2704 1268 2763 vacat

62 2809 103 2872 ad
129 2826 260 2890 presens
288 2805 336 2868 vel
364 2825 454 2888 quam
480 2806 608 2889 primum
634 2807 675 2870 ad
708 2806 739 2869 id
773 2807 901 2871 facultas
930 2827 963 2870 se
997 2807 1149 2879 obtulerit,
1178 2827 1266 2870 cures

60 2915 231 2979 liberaliter
241 2913 403 2995 providere
415 2914 454 2977 ob
466 2921 601 2979 nostram
614 2916 645 2978 et
656 2915 737 2978 sacri
750 2915 867 2997 imperii
874 2916 1080 2978 reverenciam
1092 2914 1266 2996 specialem,

58 3023 102 3088 ita
121 3021 204 3107 quod
224 3028 257 3084 te
279 3021 386 3084 exinde
409 3028 439 3086 et
460 3027 543 3086 tuam
566 3023 728 3086 ecclesiam
750 3022 910 3106 condignis
926 3029 1084 3086 teneamur
1098 3020 1265 3088 honoribus

62 3130 225 3213 ampliare.

154 3257 245 3328 Vergl.
260 3258 303 3312 oin
316 3256 455 3311 abalienes
469 3256 618 3312 Schreiben
633 3257 758 3313 liudolfo
775 3258 818 3312 bei
833 3257 947 3313 Goldasl
960 3255 1053 3313 Cenat.
1067 3257 1172 3328 lmparii
1185 3257 1262 3312 Toln.

60 3357 87 3406 3.
102 3369 130 3422 p.
145 3349 210 3404 aad.

643 3517 705 3590 35·
790 3587 792 3591 .

429 3659 490 3722 lter
514 3659 709 3722 Romanorum
733 3660 902 3722 conventui.

59 3784 151 3855 Koniq
162 3783 270 3855 liudolf
283 3783 438 3838 wiederbole
457 3781 504 3836 mit
517 3789 667 3855 ydoneam
681 3780 846 3838 Nacbdruolc
859 3781 934 3838 aeine
947 3781 1101 3837 unmechtet
1115 3781 1265 3854 yebliedeae

586 3882 658 3926 eraae
671 3871 751 3926 aute.

156 3980 239 4035 Gerb.
255 3979 281 4042 l,
294 3981 338 4034 lb.
352 3981 455 4035 Stobbe
469 3997 493 4035 n.
509 3980 552 4035 ld.

151 4087 241 4152 Licet
257 4087 331 4152 alias
343 4107 399 4170 pro
411 4088 463 4151 tali
476 4088 562 4151 vobis
578 4087 775 4152 direxerimus
791 4088 949 4170 primarias
961 4108 1070 4170 preces
1083 4093 1213 4159 nostras,
1230 4093 1263 4150 ut

56 4197 115 4278 ipsi
145 4196 313 4260 seeundum
340 4196 493 4279 antiquam
521 4201 551 4259 et
577 4195 776 4279 approbatam
803 4195 921 4278 imperii
950 4194 1198 4258 consuetudinem
1223 4193 1261 4257 de

57 4307 273 4371 ecclesiastico
286 4305 446 4377 beneficio,
455 4307 492 4368 ad
505 4312 637 4370 vestram
649 4306 847 4369 collacionem
860 4310 1028 4388 spectante,
1042 4304 1206 4369 studeretis
1220 4303 1262 4389 a)

56 4416 226 4480 liberaliter
253 4415 431 4497 providere:
456 4436 521 4487 vos,
549 4413 720 4478 huiusmodi
749 4414 860 4478 nocuis
888 4412 1037 4477 mandatis
1060 4418 1090 4476 et
1117 4411 1262 4494 precibus

152 4541 187 4609 a)
203 4539 344 4595 studeriiis
358 4542 387 4594 Z.
