3100 5116
817 694 880 769 59.

241 875 335 937 Miner
350 876 537 953 regreeiutur
552 875 656 937 meteri
673 892 763 956 super
785 892 820 938 cr
838 873 917 955 qued
936 875 993 937 sibi
1011 874 1150 952 dignatus
1167 878 1214 936 est
1230 877 1344 935 stetrnr
1361 889 1451 934 suu

242 984 382 1061 seribere,
413 984 541 1047 offerens
573 1001 605 1045 se
629 990 659 1047 et
683 1001 739 1045 sus
763 984 867 1045 sibiet
890 982 1070 1052 excusando,
1095 983 1173 1064 qued
1197 983 1255 1044 sibi
1279 983 1449 1045 rescribere

745 1093 944 1175 ettcnptrvit.

338 1232 475 1287 Rodmann
490 1251 516 1304 p.
530 1233 573 1287 ta.
588 1233 691 1288 Stobbc
703 1249 744 1286 no.
761 1233 821 1287 113.

334 1363 430 1425 Tante
449 1361 673 1443 preeminencie
688 1361 824 1424 scrihere
837 1381 930 1445 super
947 1361 991 1448 u)
1004 1381 1052 1424 me
1072 1362 1137 1424 iore
1156 1380 1361 1443 cognoscens,
1384 1369 1450 1426 tre·

245 1490 328 1534 mens
352 1471 451 1533 sactus
471 1490 537 1532 sum
551 1491 608 1553 ego
626 1477 656 1534 et
673 1471 783 1541 timeo,
801 1470 869 1533 dum
887 1471 1061 1535 devocionis
1077 1491 1144 1535 mee
1161 1471 1249 1554 signa
1271 1469 1450 1554 permodica

245 1579 381 1643 modicus
414 1599 554 1661 presumo
587 1586 688 1644 vestre
721 1579 920 1661 magnitudini
957 1587 1146 1664 presentare.
1194 1581 1313 1646 Vereor
1344 1586 1446 1643 autem

245 1695 350 1752 contra
367 1709 414 1751 me
432 1710 512 1762 esse,
529 1688 555 1751 si
572 1695 677 1752 tacens
695 1689 812 1752 silencii
829 1689 877 1752 iila
902 1711 961 1752 non
985 1710 1157 1771 rumperem
1173 1690 1215 1777 b)
1232 1696 1264 1753 et
1279 1689 1337 1754 suh
1357 1689 1450 1752 dissi-

246 1797 414 1862 mulacione
430 1797 610 1881 preteriens,
627 1817 749 1880 possem
767 1797 907 1862 notabilis
924 1797 989 1862 iieri
1013 1799 1050 1862 de
1067 1803 1251 1882 contemptu.
1285 1799 1312 1862 0
1330 1800 1450 1863 humilis

245 1907 369 1971 altitudo
387 1913 418 1970 et
433 1906 493 1970 alta
509 1926 579 1970 vere
602 1905 770 1977 humilitas,
800 1927 859 1990 que
883 1927 943 1970 non
966 1907 1130 1990 dedignata
1152 1914 1199 1971 est
1222 1907 1315 1971 michi
1339 1907 1449 1991 pusillo

247 2015 524 2100 congratulacionis
541 2015 658 2078 viscera
672 2015 826 2086 exhibere,
839 2016 944 2087 ubera,
957 2017 1123 2101 liquoribus
1137 2017 1176 2102 c)
1188 2018 1295 2081 lacteis
1309 2018 1451 2086 irrorata,

246 2129 414 2210 porrigere,
431 2127 500 2190 vino
518 2125 638 2210 quidem
655 2126 779 2189 meliora
797 2133 828 2189 et
843 2127 931 2190 melle
948 2127 1082 2211 quolibet
1098 2128 1245 2200 dulciora,
1269 2127 1451 2191 benivolen-

246 2239 294 2300 cie
312 2236 484 2300 redolenoia
501 2236 673 2317 singularis.
700 2234 726 2298 0
743 2236 818 2299 mira
835 2238 939 2318 gracie
950 2239 1143 2320 magnitudo,
1160 2257 1220 2323 que
1237 2240 1281 2302 sic
1300 2238 1449 2301 allectivis

247 2345 384 2429 apicibus
410 2344 502 2408 lilium
525 2350 555 2407 et
576 2343 743 2408 subiectum
774 2345 866 2428 elegit
888 2347 1069 2428 scriptorum
1092 2331 1252 2410 dulcedine
1275 2349 1446 2428 prevenire.

249 2457 322 2538 Quis
340 2455 419 2518 enim
434 2461 496 2517 tam
511 2453 683 2517 inconditus
707 2460 738 2517 et
759 2474 866 2538 asper,
889 2462 950 2519 tam
977 2477 1086 2541 expers
1114 2457 1211 2519 omnis
1238 2457 1449 2538 intelligenoie

248 2567 380 2637 animus,
410 2565 461 2649 qui
485 2562 523 2625 de
546 2563 688 2627 dulcifluo
706 2570 806 2628 vestre
824 2566 1019 2630 salutacionis
1043 2565 1199 2636 affamine,
1228 2567 1266 2629 de
1289 2568 1448 2650 regracia·

240 2679 336 2760 ,eione
352 2681 413 2737 tam
429 2673 544 2743 humili,
566 2679 627 2737 tam
643 2673 787 2756 benigna,
805 2673 843 2737 de
859 2675 1082 2756 pollicitacionc
1098 2682 1161 2739 tam
1177 2676 1372 2758 acceptabili,
1388 2683 1448 2740 tam
1548 2689 1549 2716 ³

249 2805 357 2850 serena
386 2805 445 2846 non
473 2781 559 2846 lieret
586 2781 787 2846 letabundus?
822 2784 930 2856 Porro,
961 2784 987 2846 si
1016 2804 1107 2867 super
1134 2785 1182 2849 his
1210 2783 1249 2847 ad
1276 2785 1448 2866 graciarum

250 2893 435 2959 solucionem
452 2896 566 2973 tempto
582 2910 790 2974 prorumpere,
806 2891 1039 2956 insufficientem
1062 2914 1110 2956 me
1131 2913 1257 2976 prorsus
1274 2893 1407 2965 invenio,
1424 2895 1448 2956 si

251 3005 289 3067 ad
316 3001 414 3066 laudis
442 3007 473 3064 et
500 3001 596 3083 glorie
624 3007 725 3065 vestre
754 3002 929 3083 preconium
952 3001 1032 3064 labia
1055 3004 1172 3066 solvere
1194 3004 1314 3085 cogito,
1338 3004 1448 3087 imper-

250 3115 362 3176 fectum
375 3130 422 3173 me
434 3110 555 3193 penitus
567 3128 767 3193 recognosco,
780 3112 850 3174 dum
864 3132 959 3174 conor
970 3111 1129 3194 syderibus
1147 3110 1260 3174 addere
1277 3111 1448 3196 syderad),
1547 3185 1548 3190 ἵ

252 3221 322 3285 dum
335 3220 435 3284 divine
447 3220 524 3283 lucis
537 3220 689 3293 nuncium,
701 3221 848 3283 luminoso
861 3220 966 3284 iubare
979 3219 1019 3305 e)
1033 3227 1270 3294 corruscantem,
1283 3240 1341 3304 per
1354 3221 1449 3285 extin-
1547 3207 1548 3210 ¹

252 3331 393 3416 guihiiem
411 3331 541 3394 iaouiam
556 3329 632 3393 velle
649 3329 754 3392 videor
769 3329 920 3392 adiuvare.
949 3330 994 3392 Ex
1009 3329 1166 3412 premissis
1183 3330 1287 3411 igitur,
1304 3331 1447 3394 matutino

252 3441 377 3506 lucifero
394 3441 567 3523 vespertine
583 3439 684 3502 leticie
701 3438 854 3503 tribuente
871 3437 1029 3511 fiduciam,
1053 3440 1083 3501 in
1099 3439 1158 3503 lroo
1175 3439 1371 3502 immobiliter
1391 3438 1448 3502 voti
1546 3429 1547 3432 ¹

251 3554 310 3615 mei
326 3550 423 3614 finalis
439 3549 571 3613 intencio
588 3548 729 3619 vertitur,
758 3548 790 3610 in
811 3547 870 3610 hoc
895 3547 1042 3633 propositi
1058 3567 1173 3612 summa
1189 3555 1346 3620 versatur,
1372 3547 1449 3632 quod

253 3663 343 3732 scire,
359 3660 434 3722 velle
451 3679 487 3722 ac
503 3678 606 3742 posse,
623 3658 649 3720 si
662 3658 734 3742 quid
748 3658 780 3744 in
796 3678 844 3719 me
862 3664 919 3730 est,
936 3658 1008 3721 totis
1020 3657 1134 3721 viribus
1152 3664 1182 3720 et
1197 3657 1339 3722 iocundis
1357 3657 1450 3722 affec-

253 3768 335 3834 tibus
352 3769 485 3833 servidus
503 3767 650 3832 exercebo
668 3768 705 3830 ad
723 3768 822 3830 omnia
839 3773 870 3829 et
886 3767 1015 3850 singula,
1032 3786 1090 3850 que
1108 3767 1202 3830 decus
1215 3768 1308 3832 vestri
1323 3770 1449 3831 nominis
1545 3835 1546 3838 Ἴ

253 3882 372 3963 sapiant
387 3887 418 3944 et
433 3878 565 3942 honoris.

345 4045 436 4100 Bodm.
448 4047 468 4098 i.
482 4063 505 4098 c.
520 4045 566 4097 mit
579 4043 627 4098 der
640 4041 842 4098 Uebersclrritt:
862 4043 966 4099 Littera
985 4044 1109 4097 Andreae
1128 4043 1162 4098 de
1180 4043 1256 4097 iiode
1274 4043 1377 4115 regalis
1391 4047 1448 4099 aule

254 4139 349 4193 notarii
363 4137 396 4192 nd
406 4137 542 4192 Nicolaum
554 4153 598 4205 ep.
608 4133 828 4190 cameracensem
843 4137 968 4206 beginnt:
984 4135 1063 4201 ,lien
1073 4137 1099 4189 in
1110 4133 1172 4189 Chr.
1185 4135 1255 4205 patri
1268 4141 1296 4188 et
1308 4136 1380 4190 dom.
1393 4154 1449 4193 suo.

254 4235 315 4288 doru
328 4272 336 4286 .
350 4269 358 4285 .
373 4231 426 4285 div.
446 4247 521 4300 prov.
541 4227 573 4281 N.
593 4245 645 4298 ep,
663 4243 728 4282 suus
748 4226 889 4298 Aregelia
909 4228 985 4282 aulae
1002 4228 1137 4288 notarius,
1160 4244 1267 4282 suorum
1289 4227 1448 4283 humillimus

255 4323 421 4383 clericorum,
433 4322 461 4376 id
473 4319 684 4388 modicumquod
697 4323 748 4380 cst,
762 4321 787 4372 in
802 4320 920 4373 omnibus
934 4324 1019 4388 etper
1032 4321 1117 4372 omnia
1131 4317 1260 4389 quidquid
1274 4322 1385 4388 potest⁴⁶
1398 4319 1447 4372 und
1543 4367 1544 4374 ,

257 4414 396 4468 schliesst:
424 4418 469 4478 ,et
484 4411 594 4467 lionoris
615 4411 700 4464 almae
720 4411 812 4465 matris
832 4411 966 4466 ecciesiae
985 4411 1008 4462 N
1027 4409 1173 4481 respiciant
1191 4410 1391 4466 incrementum.
1423 4412 1448 4464 ln

347 4577 381 4644 a)
395 4591 476 4643 supra
489 4575 516 4626 Z.
531 4604 565 4613 -
578 4575 609 4644 d)
625 4591 747 4644 ruperam
761 4577 789 4627 i'.
803 4603 838 4612 -
851 4576 882 4645 c)
897 4575 1009 4646 liquoris
1022 4576 1049 4627 Z.
1066 4607 1096 4616 -
1112 4575 1146 4644 d)
1163 4575 1347 4644 imperfectum
1361 4605 1396 4614 —
1410 4577 1447 4629 bis

259 4665 359 4720 addere
371 4666 466 4737 sydera
481 4684 522 4719 am
535 4666 626 4721 liaudc
640 4666 669 4720 i'.
685 4695 717 4704 —
730 4667 760 4733 e)
774 4666 870 4720 luruiue
883 4667 911 4719 Z.
