3100 5116
253 314 331 388 386

252 489 361 555 claruit
390 490 596 560 documentis,
626 490 697 552 dum
714 490 836 553 inclitos
859 489 895 552 N.
921 506 1024 569 regem
1046 492 1076 548 et
1098 487 1135 549 N.
1160 486 1270 551 ducem
1293 489 1385 550 talem
1402 488 1454 573 a),

255 599 332 662 filios
362 604 480 662 nostros
498 599 692 669 karissimos,
721 604 803 663 sorte
825 597 998 680 fragilitatis
1019 597 1149 659 humane
1170 598 1308 679 paternis
1332 596 1453 660 orbatos

254 706 387 777 solaciis,
411 726 486 789 quos
503 705 544 784 d)
561 714 595 771 ut
616 726 739 770 carnem
761 728 797 769 ex
819 727 911 770 carne
931 711 1033 768 nostra
1050 710 1081 768 et
1097 723 1131 765 os
1149 724 1184 767 ex
1201 704 1324 767 ossibus
1341 707 1451 768 noshis

252 817 389 899 amplexu
427 817 555 899 sinuque
586 820 711 897 paterno
752 815 899 879 fovendos
936 813 1153 895 assumpsimus
1174 812 1219 900 ¹),
1259 813 1357 894 gratis
1398 836 1455 880 nou

254 926 384 990 cessatis
400 924 559 1006 prevenire
575 921 731 986 beneficiis
748 930 779 986 et
795 923 910 986 eisdem
926 923 959 985 in
974 921 1037 984 suis
1061 926 1092 983 et
1107 920 1193 1002 regni
1216 921 1346 1003 agendis
1362 921 1456 986 affee-

252 1025 349 1098 tuosis
379 1038 410 1097 et
438 1030 680 1096 indesinentibus
709 1054 768 1095 non
793 1031 931 1095 desinitis
960 1029 1147 1112 amplexibus
1169 1029 1321 1094 inherere.
1357 1031 1457 1114 Super

257 1140 366 1227 quibus
388 1140 491 1224 utique
513 1139 714 1204 laudabilibus
737 1140 855 1204 actibus
872 1139 1001 1210 vestris,
1019 1139 1049 1202 in
1066 1138 1174 1222 quibus
1201 1139 1342 1202 nimirum
1358 1139 1456 1211 nobis,

254 1250 343 1315 velud
360 1249 390 1312 in
408 1249 587 1333 quibusdam
604 1248 834 1313 delectabilibus
847 1248 1023 1312 refectionis
1035 1247 1249 1318 condimentis,
1263 1249 1459 1330 complacuit,

257 1358 493 1423 redibicionibus
510 1358 681 1440 graciarum
698 1357 891 1441 amplissimis
908 1357 1007 1420 studia
1023 1361 1126 1420 vestra
1137 1358 1183 1444 c)
1196 1357 1414 1439 prosequimur
1432 1362 1461 1420 et

257 1466 521 1532 commendacione
538 1466 680 1530 laudabili
696 1465 950 1530 commendamus.
968 1504 1011 1513 -
1028 1465 1173 1530 Volentes
1190 1464 1288 1547 igitur
1313 1487 1390 1549 erga
1407 1488 1461 1530 vos

256 1580 380 1660 propter
395 1576 454 1638 hoc
471 1575 593 1638 realiter
608 1575 714 1657 pocius
732 1594 822 1658 quam
837 1572 983 1638 vocaliter
999 1573 1179 1637 affluencius
1195 1573 1389 1646 habundare,
1407 1595 1460 1659 pro

255 1705 378 1748 munere
395 1685 524 1766 petimus
541 1683 677 1768 speciali,
699 1688 867 1767 quatenus,
890 1682 916 1746 si
933 1701 992 1765 qua
1008 1683 1053 1767 cl)
1070 1682 1100 1744 in
1121 1702 1216 1764 regne
1233 1683 1387 1755 Romano,
1413 1686 1460 1747 vel

254 1794 333 1878 apud
363 1814 435 1864 nos,
463 1792 632 1856 huiusmodi
659 1791 852 1874 prerogativa
875 1792 915 1875 e)
930 1792 1121 1875 prefulgeant
1140 1792 1196 1877 f),
1226 1792 1307 1875 quod
1336 1794 1370 1855 in
1399 1793 1459 1856 hiis

256 1908 359 1968 vester
375 1903 490 1966 animus
508 1897 687 1972 oblectetur,
704 1921 722 1963 a
740 1900 826 1966 nobis
849 1921 885 1964 ea
898 1900 944 1989 p)
960 1921 1029 1964 eum
1052 1900 1206 1964 obtinendi
1229 1899 1342 1964 fiducia
1357 1901 1462 1986 requi·

257 2013 341 2077 ratis.
376 2010 429 2076 Sic
445 2008 489 2096 h)
513 2009 591 2072 enim
613 2009 719 2091 procul
738 2008 829 2073 dubio
845 2009 974 2093 predicti
997 2009 1053 2074 viri
1068 2009 1165 2072 incliti
1181 2009 1269 2072 nobis
1287 2015 1360 2072 sunt
1375 2011 1461 2074 cordi

257 2128 288 2187 et
304 2142 388 2191 cure,
405 2118 486 2204 quod
502 2119 580 2182 nulla
596 2138 720 2200 prorsus
743 2138 941 2200 personarum
963 2124 1015 2183 aut
1038 2138 1139 2182 rerum
1163 2118 1324 2202 dispendia
1343 2121 1460 2184 evitare

257 2230 466 2314 proponimus,
504 2225 576 2310 quin
613 2226 651 2288 ad
688 2226 885 2291 edomandam
925 2227 1126 2310 quorumlibet
1164 2228 1298 2292 hostium
1337 2251 1463 2295 suorum

256 2341 422 2404 fastuosam
447 2336 665 2400 contumaciam
689 2336 745 2400 sub
767 2335 946 2401 victricibus
968 2336 1094 2420 aquilis,
1119 2336 1196 2400 duce
1218 2339 1348 2403 Domino
1372 2361 1462 2403 exer-

258 2450 380 2519 cituum,
395 2446 595 2512 hitendamus.

834 2599 896 2668 38.

265 2764 432 2844 luperetor
448 2760 596 2840 slgullleat
610 2761 674 2841 regl
691 2760 812 2854 frenels
830 2761 909 2840 quod
925 2760 1034 2840 gaudet
1057 2761 1093 2823 de
1116 2760 1266 2824 alhaltate
1290 2779 1356 2824 ema
1373 2761 1463 2823 deno

739 2886 796 2930 sua
812 2872 976 2932 eontracta

802 3007 874 3062 ¹280
887 3027 911 3062 e.

262 3139 348 3210 Ko'ne'p
361 3137 466 3208 liudolf
479 3138 556 3209 frent
573 3135 632 3192 eieb
641 3139 701 3190 -der
713 3136 759 3190 mit
772 3137 830 3190 dem
841 3136 1048 3208 fronzoeieebea
1062 3137 1250 3210 Konipebauee
1263 3140 1463 3213 engebrvdpftea

298 3227 617 3299 sewandteebaftlieben
630 3225 818 3298 Beze'ebunpen
831 3228 887 3282 und
898 3227 1050 3299 ocrepre'ebt
1061 3230 1211 3284 demeelben
1223 3231 1299 3285 aeine
1311 3233 1432 3287 Diruere.

350 3357 430 3420 lnter
446 3361 549 3418 cetera
565 3357 766 3438 augustalium
784 3357 937 3420 titulorum
954 3359 1096 3441 insignia,
1115 3358 1202 3421 nobis
1219 3359 1366 3424 attributa
1382 3361 1461 3424 divi·

266 3467 363 3538 nitus,
392 3468 471 3529 inter
494 3466 585 3528 multa
602 3464 701 3528 votive
718 3464 870 3529 felicitatis
894 3467 1047 3549 auspicia,
1072 3467 1181 3550 quibus
1199 3466 1324 3533 dextera
1342 3470 1462 3532 Domini

350 3613 385 3681 a)
403 3610 561 3673 Ladielaum,
580 3627 668 3681 regem
682 3612 815 3680 Hungarie
829 3616 856 3665 et
868 3612 1008 3668 Andream
1021 3612 1115 3667 ducem
1127 3613 1267 3668 Sleveniae
1281 3615 1406 3668 Gerbert.
1423 3647 1458 3656 -

260 3703 292 3770 b)
303 3707 375 3772 'qum
385 3702 453 3756 fehlt
470 3698 497 3756 V.
512 3733 540 3740 -
555 3703 586 3771 e)
603 3705 692 3755 nostra
705 3701 733 3755 Z.
745 3733 778 3740 -
789 3702 824 3773 d)
837 3720 889 3773 que
901 3702 982 3756 Gerb.
995 3735 1026 3742 —
1038 3704 1070 3770 e)
1086 3704 1276 3772 prerogativae
1288 3705 1415 3761 Gerbert.
1427 3737 1461 3748 —

257 3792 290 3865 f)
309 3793 459 3862 refulgeant
479 3792 604 3846 Gerbert.
631 3822 664 3830 —
689 3792 724 3864 p)
744 3810 789 3846 eas
809 3793 934 3847 Gerbert.
956 3825 990 3832 —
1009 3792 1044 3861 b)
1064 3795 1117 3846 Der
1137 3795 1293 3848 Schlueeata
1313 3798 1400 3850 lautet
1420 3799 1461 3851 hei

262 3885 391 3939 Gerberte
410 3883 457 3936 Sic
471 3883 537 3936 enim
550 3884 643 3954 procul
658 3883 738 3938 dubie
759 3883 834 3936 nobie
853 3885 894 3937 est
913 3883 987 3938 cordi
1011 3887 1038 3938 et
1063 3899 1143 3937 curae
1163 3884 1228 3938 illud
1247 3885 1416 3957 magnifieum
1434 3895 1460 3943 et

260 3975 390 4029 famosum
409 3974 557 4045 llungariae
574 3990 695 4045 regnum,
707 3975 733 4027 in
747 3974 871 4045 antiquae
885 3975 985 4043 gloriae
999 3974 1115 4028 fascibus
1136 3974 1253 4029 rediviva
1264 3976 1460 4032 referinaeione

261 4065 378 4136 dirigere
409 4065 510 4137 sieque,
531 4067 590 4135 ipso
600 4064 703 4127 illaeso,
719 4065 900 4135 persecutoris
919 4065 990 4120 illius
1010 4065 1113 4118 illidere
1133 4063 1278 4128 feritatem,
1298 4068 1373 4135 qnod
1392 4071 1461 4124 nulle

260 4177 374 4233 prorsus
394 4176 568 4232 personarum
587 4162 639 4212 etc.
658 4156 831 4220 intendamus,
851 4161 881 4211 ut
899 4157 986 4212 diseat
1005 4156 1108 4218 amodo,
1127 4156 1217 4228 posito
1236 4157 1393 4224 supercilio,
1414 4177 1464 4232 per

261 4268 291 4308 se
311 4251 412 4323 ipsum,
432 4266 510 4321 quam
529 4250 563 4303 eit
582 4249 687 4312 durum,
708 4264 838 4318 quamque
852 4245 969 4310 difficile,
990 4251 1083 4303 eontra
1101 4247 1234 4302 stimulum
1255 4248 1407 4306 calcitrare.

288 4437 312 4498 ¹)
332 4442 426 4499 Herzog
451 4440 554 4485 Andreae
578 4452 627 4484 war
652 4439 695 4484 der
721 4437 832 4484 Verlobte
859 4437 902 4482 der
927 4437 1033 4484 Tochter
1058 4436 1136 4496 Konig
1162 4433 1282 4492 fluuolre,
1322 4439 1462 4487 clementie.

335 4529 415 4590 Vergl.
428 4528 489 4575 oben
503 4529 526 4574 S.
538 4527 584 4574 308
598 4528 621 4574 d.
636 4527 682 4573 und
695 4527 726 4574 im
739 4527 876 4587 Folgeadeu
890 4527 912 4572 S.
927 4525 982 4572 loll.
