3168 5124
250 267 300 338 20

248 443 414 524 regraeiari
432 464 491 506 non
509 440 675 504 sufficimus
690 439 770 522 quod
782 438 882 501 multis
898 435 1113 499 beneficiorum
1129 434 1273 516 impensis
1290 430 1453 495 effectibus

245 553 394 616 hactenus
410 571 458 614 me
475 551 629 632 respicere
646 547 793 620 voluistis,
812 547 890 609 unde
908 545 988 629 quod
1004 565 1059 628 per
1074 545 1154 606 vires
1176 563 1259 607 meas
1276 563 1337 607 non
1353 542 1452 614 valeo,

249 661 386 742 suppleat
403 659 453 742 qui
470 665 517 722 est
531 658 679 722 bonorum
696 655 827 719 omnium
843 655 1014 718 retributor.
1032 691 1077 704 -
1093 653 1263 718 Notandum
1278 671 1352 715 uero
1370 653 1453 734 quod

249 770 308 832 hec
336 768 483 850 particula
512 767 602 830 dehet
631 785 698 828 esse
727 784 853 828 consors
882 783 950 827 eum
972 762 1168 846 sequentibus
1192 763 1223 825 in
1244 761 1388 832 materia,
1411 761 1454 825 ita

250 877 330 962 quod
361 876 438 939 hene
471 876 630 940 conveniat
659 877 784 940 materie
816 879 847 937 et
876 873 1021 936 mittentis
1049 871 1189 936 allectum
1217 870 1256 956 a)
1285 870 1453 952 exprimere

250 987 397 1058 videatur,
415 985 547 1068 alioquin
563 986 660 1066 magis
674 985 732 1049 erit
745 983 886 1047 dedecori
903 1002 992 1066 quam
1005 981 1175 1046 honori-
1187 982 1261 1044 ltem
1277 979 1453 1050 notandum,

252 1094 333 1179 quod
355 1094 564 1174 captaeionem
579 1093 786 1156 benivolencie
805 1114 864 1156 non
881 1097 929 1155 est
945 1111 1073 1153 neeesse
1091 1110 1210 1172 semper
1231 1109 1358 1172 ponere,
1383 1087 1454 1170 quia

252 1202 433 1287 quandoque
456 1199 491 1284 b)
514 1206 634 1266 tacetur
656 1201 787 1274 omnino,
805 1201 986 1285 quandoque
1003 1199 1166 1264 artificiose
1182 1198 1325 1262 inseritur
1347 1216 1453 1261 narra-

259 1312 340 1377 eicni
356 1311 403 1374 vel
418 1310 572 1394 peticioni.

707 1494 749 1559 lle
766 1497 943 1560 narracione
962 1493 1007 1579 ο).

348 1656 492 1740 Sequitur
505 1656 542 1720 de
555 1655 743 1728 narracione,
760 1655 792 1718 id
808 1661 855 1721 est
870 1657 965 1720 tercia
981 1661 1065 1738 parte
1077 1655 1234 1738 principali
1247 1647 1384 1737 epistole.
1402 1651 1458 1717 cst

256 1774 355 1833 autem
368 1766 505 1830 narraeio
519 1784 618 1829 rerum
632 1770 845 1846 congestarum
856 1766 973 1848 posicio
992 1765 1049 1851 d);
1067 1767 1203 1830 narracio
1217 1772 1264 1829 est
1275 1763 1458 1835 intensionis
1491 1798 1493 1804 ·

233 1898 235 1902 ⁴
254 1879 318 1941 eius
337 1875 387 1960 qui
405 1874 512 1939 scribit
528 1875 702 1956 explicaeic.
727 1875 900 1938 Notandum
917 1875 1012 1938 eciam
1030 1875 1055 1937 si
1072 1875 1189 1938 scribas
1205 1873 1311 1938 maiori
1327 1894 1458 1956 persone

254 1988 332 2051 inter
352 1984 447 2048 laicos
470 1984 515 2046 sic
538 1984 620 2046 dicas
642 1983 673 2046 in
689 1983 836 2065 principio
853 1984 1056 2047 narracionis:
1078 1984 1267 2046 Excellencie
1284 1984 1331 2048 vel
1347 1983 1458 2047 nobili-

256 2096 311 2160 tati
330 2093 367 2178 e)
384 2099 485 2156 vestre
509 2090 657 2174 significo.
691 2092 765 2155 ltem
788 2092 950 2154 notandum
966 2091 1017 2178 f),
1036 2093 1061 2155 si
1085 2093 1190 2156 maiori
1212 2093 1244 2157 in
1261 2095 1341 2156 clero
1365 2093 1463 2175 scrip-

257 2203 343 2274 seris,
360 2201 445 2264 dieas
460 2202 516 2287 ej:
533 2201 716 2264 Reverencie
730 2201 776 2262 vel
790 2201 953 2271 sanctitati,
966 2202 1143 2282 prudencie,
1162 2203 1343 2265 discrecioni
1360 2209 1462 2267 vestre

258 2309 406 2394 significo.
419 2310 591 2374 Notandum
608 2309 714 2380 eciam,
732 2309 813 2392 quod
828 2309 964 2372 narracio
982 2310 1040 2374 alia
1057 2317 1104 2373 est
1119 2312 1254 2393 simplex,
1271 2312 1327 2375 alia
1346 2313 1465 2396 duplex,

258 2423 317 2485 alia
333 2419 484 2500 multiplex
499 2415 556 2503 l):
574 2418 698 2500 simplex
710 2423 758 2480 est
770 2417 889 2499 quando
902 2423 1017 2481 tantum
1034 2439 1124 2482 unum
1141 2427 1279 2485 narratur
1291 2423 1465 2503 negocium,

260 2529 368 2611 duplex
397 2532 443 2590 est
472 2525 589 2609 quando
614 2526 672 2590 duo
700 2531 861 2589 narrantur
888 2527 1033 2607 negocia,
1061 2529 1215 2610 multiplex
1238 2531 1357 2612 quando
1380 2532 1466 2614 plura

262 2641 420 2701 narrantur
446 2634 583 2716 negocia.
609 2633 671 2698 Sed
699 2634 825 2697 maxima
852 2635 957 2699 caueio
986 2643 1033 2699 est
1063 2637 1233 2701 adhibenda
1265 2640 1296 2702 in
1328 2641 1468 2723 negociis

262 2744 416 2830 pluribus:

355 2853 401 2916 Ne
417 2855 545 2936 primum
561 2851 670 2923 medio,
687 2851 817 2915 medinm
834 2874 871 2915 ne
888 2853 1040 2936 discrepet
1056 2855 1114 2918 imo
1136 2855 1174 2942 1).

355 2963 400 3026 Ad
416 2963 495 3026 hane
512 2962 660 3026 cautelam
677 2965 806 3047 quedam
823 2972 893 3029 sunt
908 2967 1026 3031 vincula
1043 2966 1228 3042 adhibenda,
1250 2972 1307 3034 hec
1333 2973 1469 3036 scilieet:

267 3073 398 3144 interea,
426 3072 564 3153 insuper,
593 3078 725 3136 ceterum
755 3079 786 3136 et
813 3074 920 3138 similia
942 3075 1066 3138 materie
1084 3079 1309 3152 conveniencia,
1328 3083 1469 3164 quoniam

268 3180 348 3263 quod
376 3180 450 3243 facit
477 3180 526 3261 pix
554 3180 585 3242 in
606 3181 692 3252 navi,
714 3181 773 3245 hoc
796 3183 911 3246 iaciunt
933 3184 1173 3259 coniunctiones,
1194 3189 1425 3271 preposiciones
1442 3199 1471 3256 et

270 3288 411 3354 adverbia
426 3289 457 3352 in
473 3288 577 3352 literis.

740 3476 781 3539 lle
797 3473 1002 3559 pellexerat).

365 3615 509 3700 Sequitur
529 3617 567 3680 de
583 3619 750 3699 peticione,
765 3637 831 3700 ,que
854 3626 901 3684 est
924 3626 1028 3702 quarta
1050 3643 1119 3704 pers
1142 3624 1316 3706 principalis
1333 3627 1471 3708 epistole.

273 3723 329 3788 cst
344 3731 443 3788 antem
459 3726 582 3807 peticio,
598 3745 658 3810 qua
674 3727 706 3789 in
722 3727 849 3809 epistola
870 3748 934 3790 rem
953 3729 1085 3812 aliquam
1108 3732 1307 3797 desideratam
1329 3735 1470 3816 petimus.

273 3834 312 3898 ut
328 3834 499 3908 notandum,
523 3836 603 3918 quod
631 3841 745 3918 septem
773 3841 842 3901 sunt
863 3838 944 3901 modi
965 3839 1018 3922 qui
1040 3839 1150 3904 eadunt
1170 3841 1237 3906 loeo
1259 3844 1421 3926 peticionis
1445 3847 1474 3909 in

365 3964 399 4029 a)
413 3961 593 4016 intencionem
612 3961 639 4016 Z.
654 3991 688 4001 —
702 3962 734 4034 b)
754 3963 969 4034 quandoquidem
987 3965 1014 4017 Z.
1033 3995 1065 4005 -
1079 3967 1110 4034 e)
1123 3966 1191 4020 Dist.
1211 3968 1254 4022 lX.
1278 3993 1307 4008 ·-
1328 3970 1364 4039 d)
1386 3988 1473 4028 rernm

277 4054 413 4119 gestarum
427 4052 499 4104 velut
510 4056 643 4121 gestarum
657 4050 776 4124 posicio;
790 4054 872 4108 alius:
884 4055 1039 4110 narracioZ.
1048 4086 1076 4094 -
1086 4059 1117 4126 e)
1133 4057 1172 4110 vel
1186 4060 1386 4128 magnificencie
1400 4066 1429 4119 Ζ.
1440 4098 1473 4108 -

274 4141 378 4299 Ῐέῐέεηι
392 4141 521 4283 εοίὲΐεὴὴ
534 4144 560 4195 Ζ.
578 4173 606 4182 -
620 4145 655 4215 p)
664 4149 728 4198 tunc
738 4144 812 4198 dicas
827 4145 854 4198 Z.
868 4175 899 4184 -
909 4144 943 4214 d)
957 4145 1007 4200 alia
1022 4151 1063 4200 ost
1073 4149 1179 4220 duplex,
1191 4153 1241 4206 alic
1252 4154 1367 4228 simplex
1376 4164 1430 4217 etc.
1444 4164 1474 4218 V.

278 4231 291 4286 i
344 4231 385 4285 iot.
402 4233 424 4284 X
451 4233 507 4286 ehlt
522 4233 550 4285 V.

279 4365 604 4381 -ιῇ--ι-ι-

304 4465 328 4526 ¹)
341 4469 398 4512 llos.
411 4481 448 4512 arx
460 4467 524 4526 poet.
544 4466 598 4514 ¹52.
616 4469 694 4516 Primo
712 4484 741 4519 ne
759 4472 867 4525 medinm,
885 4472 961 4518 medio
979 4487 1007 4518 ne
1025 4474 1146 4536 discrepet
1162 4480 1239 4525 imum.
