3100 5116
1217 301 1295 374 365

101 498 245 574 nepotem
262 492 347 574 regis
363 492 458 574 ipsius
482 492 559 574 grati
583 497 613 556 et
635 490 713 554 sacri
729 491 908 555 matrimonii
929 492 1033 555 federa
1049 491 1297 574 gratulabundius

104 601 243 666 dommus
266 601 469 684 acceptanda,
498 600 536 664 ob
559 600 617 664 hec
640 606 671 664 et
694 601 750 664 alia
767 597 978 663 inenarrabilia
995 600 1076 664 eirca
1093 620 1147 664 nos
1171 601 1297 685 inpensa

100 715 205 774 vestre
222 709 346 792 pietatis
361 708 473 772 indicia
489 708 535 772 sic
551 729 656 772 revera
672 729 727 772 nos
743 708 853 772 vestris
878 713 909 772 et
925 712 1029 772 sancte
1045 710 1150 773 matris
1167 711 1297 775 ecclesie

99 818 223 882 nutibus
247 821 444 900 exponentes,
466 818 545 900 quod
562 817 683 900 proprio
702 817 798 880 eciam
820 815 891 887 lilio,
915 818 951 888 si,
975 817 1054 900 quod
1071 817 1161 889 absit,
1183 819 1298 884 eumin

67 952 69 958 ·
97 930 202 990 vestra
215 926 407 1008 contingeret
417 926 565 991 intentare
573 925 741 1009 dispendia,
751 925 987 992 nostradevocio
995 929 1295 1008 parcererecusa'ret.

204 1087 299 1142 Dieser
316 1080 392 1142 lirini
412 1086 475 1142 wird
499 1087 660 1159 vollstttndig
683 1087 813 1141 orlaotert
832 1086 915 1140 durch
937 1086 980 1140 dic
1003 1087 1297 1160 impensatione-Bulla

104 1178 241 1234 Nicolaus'
259 1178 303 1232 lll.
316 1195 375 1232 vom
393 1179 419 1232 o.
438 1179 492 1232 doli
514 1173 585 1231 1280
603 1179 645 1232 bei
667 1179 781 1233 Gerbert
802 1177 866 1232 eod.
888 1195 930 1250 cp.
950 1195 976 1247 p.
996 1179 1256 1252 2¹³.vergl.1lopp
1273 1181 1298 1243 l,

100 1269 156 1324 aod
180 1269 206 1325 ff.
233 1258 304 1326 door
327 1269 371 1324 die
390 1273 499 1326 trabere
518 1270 670 1342 Verlobung
690 1269 854 1326 Clementiae
874 1272 920 1323 mit
941 1269 1061 1325 Andreas
1084 1287 1136 1325 von
1159 1272 1300 1327 Slavooieo
1384 1285 1388 1294 '

101 1362 186 1432 vergl.
199 1361 271 1416 noch
285 1364 367 1416 onten
380 1376 421 1415 no.
435 1360 479 1415 58.
1256 1367 1258 1372 '

668 1567 729 1638 16.

342 1746 538 1810 hunnorum
554 1764 606 1810 rex
621 1745 766 1827 prlnelplp
792 1745 977 1809 commendet
993 1764 1069 1811 enm.

102 1899 155 1954 Eia
183 1898 271 1971 Konip
298 1898 422 1971 (liudolf
426 1899 459 1969 t)
485 1898 621 1970 abertrdpe
650 1896 734 1951 einem
766 1897 856 1953 aeiner
883 1899 1013 1954 Getreuen
1043 1899 1088 1954 die
1117 1895 1302 1971 Bcecbtttaanp

598 1987 811 2044 eineoKlontero.

202 2135 326 2196 Gerbcrt,
337 2133 363 2197 3,
376 2133 421 2188 23.

199 2281 395 2364 imperatorie
412 2279 567 2361 dignitatis
586 2280 612 2367 1)
627 2280 803 2364 dyademate
817 2302 852 2345 ac
866 2283 988 2345 dextera
1001 2281 1184 2345 fortitudinis
1196 2300 1301 2344 manus

104 2389 298 2472 sceptrigera
314 2387 453 2471 insigniis
469 2389 646 2460 renitentes,
663 2389 733 2452 dum
749 2391 892 2453 rimamur
914 2390 1023 2453 mentis
1047 2395 1150 2452 nostre
1168 2395 1302 2453 secreta-

100 2499 191 2571 rinm,
207 2500 415 2567 revolventes,
443 2497 516 2581 quid
543 2499 664 2571 unctio,
694 2498 766 2582 quid
788 2506 958 2582 sceptrum,
987 2498 1059 2582 quid
1083 2518 1193 2563 corona
1217 2498 1303 2580 regia

104 2607 261 2690 significet
283 2607 425 2671 divinitus
448 2606 534 2670 nobis
557 2606 642 2670 data:
667 2607 696 2670 in
720 2627 807 2670 sacre
831 2607 1029 2671 delibucionis
1053 2608 1130 2678 oleo,
1153 2627 1211 2691 quo
1228 2607 1303 2670 armi

101 2717 182 2799 regii
191 2723 263 2779 sunt
274 2716 423 2799 peruncti,
437 2716 630 2778 clemenciam
644 2716 943 2779 seumisericordiam
957 2716 986 2780 in
1000 2715 1128 2780 afflictos
1143 2721 1173 2778 et
1185 2717 1303 2779 attritos

109 2826 322 2895 exercendam,
334 2825 365 2887 in
377 2843 489 2888 corona
500 2823 746 2904 preminenciam,
760 2824 790 2887 in
809 2831 931 2907 sceptro
946 2824 1127 2888 defendendi
1141 2843 1302 2905 oppressos

106 2953 162 3016 per
193 2932 377 2996 tortitudinis
407 2932 558 2995 dexteram
586 2931 797 3013 intelligimus,
832 2933 1003 3014 colligimus
1033 2938 1063 2996 et
1090 2931 1303 3013 perpendimus

106 3043 273 3106 evidenter.
308 3040 498 3122 Quapropter
514 3039 598 3102 cordi
616 3039 702 3102 nobis
720 3046 778 3110 est,
802 3059 903 3102 omnes
926 3041 1060 3103 Romano
1083 3042 1209 3122 imperio
1231 3039 1304 3103 sub-

102 3151 194 3224 ditos,
213 3149 375 3232 presertim
391 3155 491 3212 autem
508 3148 656 3210 ecclesias
675 3152 704 3210 et
720 3167 867 3230 personas
892 3149 1130 3220 ecclesiasticas,
1153 3146 1191 3212 ab
1208 3149 1304 3211 insul-

101 3259 183 3323 tibus
201 3257 405 3320 maleficorum
421 3254 624 3339 quorumlibet
639 3263 800 3338 protegere
823 3262 854 3319 et
876 3256 913 3318 ad
936 3256 1155 3338 reprimendam
1178 3277 1303 3339 perver-

45 3361 50 3367 ’
101 3387 203 3432 sorum
233 3367 380 3429 astuciam
409 3385 594 3447 consurgere
617 3371 680 3428 toto
702 3385 803 3446 posse.
838 3366 919 3428 Sane
941 3364 1127 3428 honorabilis
1145 3365 1191 3427 vir
1206 3365 1301 3427 abbas

102 3477 169 3539 talis
187 3474 227 3538 ad
243 3481 376 3539 nostram
392 3475 474 3539 venit
487 3474 676 3557 presenciam
705 3473 791 3536 nobis
819 3475 1050 3537 lamentabiliter
1076 3474 1420 3556 conquereremini.

17 3659 18 3662 Ἴ
103 3585 330 3669 quodquidam,
351 3585 473 3667 maligni
490 3585 613 3667 spiritus
631 3585 749 3648 seducti
766 3585 956 3667 impulsibus,
973 3585 1068 3647 Deum
1086 3606 1144 3648 non
1161 3585 1300 3648 timentes

18 3733 20 3789 p
106 3715 162 3757 nec
178 3693 318 3756 homines
337 3699 522 3765 reverentes,
541 3694 606 3756 eius
623 3693 839 3756 monasterium
860 3693 890 3756 in
914 3693 977 3755 suis
994 3692 1165 3756 bominibus
1184 3699 1214 3755 et
1230 3713 1303 3775 pos-

19 3809 21 3884 l
102 3801 294 3866 sessionibus
318 3819 373 3884 per
395 3801 516 3884 rapinas
543 3806 573 3863 et
595 3800 691 3883 spolia
712 3801 812 3863 multis
835 3802 950 3865 iniuriis
969 3801 1144 3865 allecerunt.
1179 3802 1302 3866 Timens

100 3974 433 3986 .-—,....-..—-——--

133 4080 156 4142 ¹)
174 4084 260 4130 Dieeer
278 4085 400 4130 Ansdrnck
418 4085 451 4129 iet
468 4083 601 4134 antlallend,
620 4096 688 4128 wenn
710 4083 754 4128 vvir
772 4097 798 4128 ee
815 4084 868 4128 bier
885 4083 928 4128 mit
941 4083 1016 4129 ninam
1031 4083 1109 4129 Brinta
1123 4084 1229 4129 lindoll'n
1244 4087 1259 4130 l.
1273 4099 1303 4131 zu

176 4177 235 4220 tbnn
255 4159 340 4228 haben,
359 4175 402 4220 der
419 4188 461 4219 rex
478 4175 526 4220 nod
544 4174 611 4220 nicht
628 4175 759 4232 imperator
771 4187 828 4219 war.
853 4176 878 4220 ln
891 4175 933 4220 der
945 4175 1006 4220 'ibat
1017 4175 1049 4219 ist
1061 4175 1092 4219 ivn
1106 4175 1244 4235 Folgenden
1259 4189 1304 4219 nur

174 4281 222 4313 von
242 4266 311 4312 einer
327 4278 415 4312 corona
434 4265 515 4325 regia,
534 4265 592 4310 armi
610 4264 672 4324 regii
690 4280 713 4310 n.
731 4278 751 4309 s.
770 4279 802 4310 vv.
820 4265 858 4310 die
876 4265 940 4310 liade
961 4266 1009 4310 und
1028 4267 1128 4311 Gerbert
1146 4266 1228 4319 meint,
1247 4268 1301 4312 daos

178 4357 276 4408 liudolf,
289 4357 336 4401 den
348 4356 554 4416 zeitgendsnisobe
566 4356 714 4402 italieninehe
727 4356 869 4401 chroninten
889 4356 1019 4414 imperator
1037 4369 1140 4410 nennen,
1158 4357 1210 4402 sicli
1228 4358 1304 4402 selbot

178 4461 243 4494 avvar
255 4447 295 4494 nie
308 4447 351 4491 mit
363 4447 452 4493 diesem
464 4447 554 4494 Nomen
571 4447 726 4500 bezeichnen,
745 4447 808 4492 vvobl
827 4447 883 4491 aber
901 4447 967 4492 seina
981 4447 1068 4491 Wlirde
1082 4448 1137 4494 eine
1150 4448 1303 4505 imperatoria

185 4551 280 4584 nennen
292 4533 391 4583 konnte.
