3112 5118
617 709 682 789 le.

454 895 533 974 l'apa
549 890 745 958 Romanorum
761 894 832 972 regi.

608 1051 687 1106 1201.

44 1209 163 1264 Innocens
176 1211 226 1264 111.
240 1212 357 1267 schreibt
368 1213 425 1266 dem
433 1213 534 1284 junqen
554 1214 639 1284 Koniq
656 1213 797 1268 Friedrich
810 1231 859 1269 oon
873 1213 998 1278 Sicilien,
1012 1233 1041 1268 cr
1053 1213 1123 1269 balle
1137 1215 1183 1270 die
1199 1233 1234 1270 on

45 1295 85 1348 din
95 1299 271 1370 periebteten,
285 1303 335 1356 der
349 1302 448 1356 Kircbe
461 1303 681 1374 unzutrdplicbar
696 1303 892 1374 Zumutlvooqen
904 1305 994 1359 oeiner
1005 1306 1112 1374 Juqend
1122 1324 1153 1362 au
1164 1315 1238 1376 gete,

264 1392 321 1446 und
333 1391 580 1447 amalacitarum
596 1391 740 1446 Geboraam
751 1411 835 1464 peperi
849 1394 894 1448 die
907 1392 1014 1449 Kircbe.

128 1551 264 1615 Litteras
293 1551 473 1616 excellencie
497 1560 546 1618 tue
570 1573 606 1616 ea
628 1574 686 1637 qua
710 1555 811 1619 decuit
833 1555 1020 1637 benignitate
1038 1557 1238 1637 suscepimus,
1292 1613 1295 1622 ,

49 1659 149 1741 quibus
165 1661 301 1726 libenter
315 1663 442 1735 auditis,
471 1683 557 1734 eum,
585 1663 616 1726 in
634 1665 717 1748 cuins
735 1684 823 1727 manu
840 1665 933 1728 corda
950 1671 1020 1728 sunt
1034 1685 1157 1747 regum,
1185 1666 1234 1746 pio

46 1767 190 1833 desiderio
224 1772 397 1852 rogavimus
425 1776 515 1854 atque
538 1777 625 1843 voto,
653 1778 685 1835 ut
707 1773 884 1836 felicitatem
911 1773 1073 1838 iuventutis
1097 1779 1147 1836 tue
1169 1773 1238 1836 letis

46 1893 157 1958 semper
188 1879 387 1942 successibus
409 1879 589 1961 ampliando,
619 1884 701 1941 tuam
732 1898 786 1961 pro
819 1899 873 1941 suo
906 1879 1017 1961 dirigat
1048 1880 1238 1962 beneplacito

45 1983 222 2049 voluntatem
254 1985 365 2068 detque
393 1985 448 2048 tibi
477 1985 660 2067 sapienciam
690 1991 721 2048 et
748 1986 849 2049 cordis
877 1987 1081 2059 latitudinem,
1110 1993 1142 2050 ut
1160 1989 1239 2051 scias

49 2099 76 2155 et
100 2094 274 2174 intelligas,
307 2093 378 2176 quid
410 2093 450 2156 sit
480 2093 702 2175 beneplacitum
734 2114 836 2157 coram
864 2095 929 2157 Deo
958 2099 989 2156 et
1020 2095 1151 2156 ecclesie
1184 2117 1238 2158 sue

47 2206 145 2262 sancte
162 2200 217 2287 a),
237 2206 439 2284 quantamque
457 2199 570 2263 debeas
589 2201 617 2262 ei
634 2202 808 2264 reverencie
824 2201 1040 2283 plenitudinem
1057 2208 1087 2264 et
1102 2203 1236 2266 honoris.

45 2304 119 2368 Sane
147 2307 179 2368 in
208 2305 288 2376 hiis,
320 2325 378 2388 que
407 2326 425 2368 a
454 2305 541 2368 nobis
568 2311 620 2368 tua
643 2305 808 2369 sublimitas
836 2305 1010 2389 requisivit,
1044 2327 1111 2369 eum
1134 2308 1238 2388 gravia

44 2413 110 2474 satis
128 2418 158 2477 et
175 2412 312 2476 ecclesie
336 2412 488 2476 contraria
510 2413 685 2483 videantur,
713 2419 793 2476 tuam
816 2413 956 2476 continuo
980 2420 1116 2477 nontam
1132 2417 1238 2479 volun·

44 2524 130 2583 tatem
139 2519 400 2584 consideravimus
415 2541 501 2604 quam
515 2527 636 2592 etatem,
645 2521 1238 2604 tranquillaconsideracionepensantes‚

47 2629 121 2709 quod
152 2649 224 2691 cum
258 2628 300 2690 sis
331 2627 362 2690 in
393 2628 479 2708 annis
507 2628 621 2692 teneris
651 2629 830 2692 constitutus
861 2634 892 2691 et
917 2630 1046 2692 necdum
1073 2630 1103 2694 in
1130 2632 1239 2695 talibus

45 2737 235 2818 experiencie
260 2736 443 2816 longevitate
472 2737 511 2822 b)
539 2737 683 2807 edoctus,
717 2737 795 2800 sicut
823 2735 860 2800 ab
894 2736 960 2798 aliis
992 2737 1162 2819 inpelleris,
1195 2741 1239 2804 sic

44 2845 189 2914 moveris,
220 2844 319 2906 donec
347 2843 692 2926 superni'providencia
722 2844 885 2907 conditoris
915 2865 1008 2907 annos
1032 2852 1099 2910 tuos
1121 2853 1236 2911 matura

43 2951 169 3016 stabiliat
192 2951 344 3034 gravitate
362 2958 392 3015 et
409 2952 494 3015 cordi
510 2958 560 3015 tuo
578 2954 653 3014 altas
676 2952 898 3035 profundasque
921 2952 1041 3015 radices
1063 2953 1168 3035 infigat
1184 2975 1237 3016 sue

44 3059 231 3140 cognicionis
260 3059 374 3141 pariter
401 3065 432 3122 et
458 3060 604 3123 infundat.
637 3060 759 3122 Interim
782 3080 853 3122 vero
877 3079 948 3131 nos,
978 3079 1052 3142 quos
1078 3061 1184 3124 honori
1208 3067 1239 3125 et

42 3168 228 3246 profectibus
246 3168 306 3230 tuis
324 3166 456 3230 debitum
472 3168 592 3250 pariter·
603 3173 633 3230 et
649 3167 775 3231 allectus
792 3173 917 3248 paterne
939 3166 1076 3231 karitatis
1094 3169 1239 3240 annectit,
1275 3206 1278 3211 ‹

43 3273 241 3338 detuasalute
249 3273 426 3360 c)solliciti,
440 3295 593 3338 monemus
604 3281 634 3337 et
641 3275 795 3338 hortamur
808 3280 934 3344 attente,
951 3281 1096 3358 quatenus
1113 3283 1239 3341 matrem

43 3385 137 3452 tuam,
166 3389 397 3447 sacrosanctam
419 3383 561 3447 videlicet
585 3382 763 3453 ecclesiam,
792 3382 899 3464 diligas
917 3382 1028 3464 iugiter
1045 3388 1076 3445 et
1091 3383 1233 3446 honores

42 3487 99 3551 Nos
112 3494 194 3553 enim
208 3491 241 3554 in
257 3511 408 3554 cosumus
424 3491 579 3572 proposito
595 3490 761 3560 constituti,
777 3494 810 3553 ut
825 3495 867 3560 te,
884 3491 910 3551 si
923 3489 1075 3552 curaveris
1093 3490 1238 3553 honorem

42 3599 167 3660 ecclesie
198 3618 381 3662 conservare
410 3604 441 3661 et
468 3597 573 3667 nobis,
607 3602 748 3680 tanquam
774 3597 925 3678 patrituo
949 3596 1113 3677 spirituali,
1140 3597 1237 3660 filialis

4 3753 6 3760 ,
41 3704 217 3770 obediencie
246 3706 363 3769 vinculo
394 3707 558 3775 coherere,
585 3705 711 3767 sinceris
741 3710 847 3767 extunc
876 3702 1034 3768 aflectibus
1058 3704 1088 3768 in
1110 3706 1237 3770 Domino

42 3813 198 3894 diligamus
217 3821 250 3876 et
264 3813 473 3896 provideamus
491 3813 653 3882 attencius,
675 3812 823 3895 quomodo
841 3815 951 3874 statum
968 3817 1050 3874 tuum
1067 3812 1236 3876 salubribus

42 3921 224 3985 instruamus
241 3922 362 3984 monitis
380 3928 410 3984 ct
426 3922 590 3985 bonoribus
608 3940 793 4008 augeamus..

125 4082 219 4150 Vergl.
239 4081 313 4134 einen
331 4081 469 4134 ahnliehen
488 4079 565 4135 Brief
579 4079 718 4133 luuo'eenz’
736 4078 777 4132 lll.
798 4095 855 4130 vom
878 4078 903 4131 3.
922 4079 976 4133 Juli
997 4077 1076 4131 1201.
1094 4078 1235 4141 Boebmer,

41 4169 100 4239 Rag.
114 4171 170 4226 lun.
185 4187 230 4223 no.
245 4170 289 4224 76.
303 4170 356 4223 und
370 4171 493 4233 Raumer,
511 4168 717 4230 Hebenstaufen,
732 4168 757 4220 3.
770 4167 842 4222 nun.
856 4167 884 4231 2,
897 4166 959 4221 406.
983 4167 1010 4219 ln
1031 4166 1154 4220 dasselbe
1168 4167 1236 4222 Jahr

46 4259 129 4314 durfte
143 4263 214 4314 auch
228 4279 309 4316 unser
321 4262 398 4315 Brief
409 4263 535 4332 gehdren.

127 4423 163 4491 a)
184 4432 278 4476 sancte
302 4441 341 4476 am
363 4423 454 4476 Raude
474 4423 504 4476 V.
525 4454 556 4462 -
578 4421 609 4484 b)
626 4419 765 4490 lopevilate
780 4437 835 4473 zum
849 4419 924 4472 Tbeil
939 4417 1121 4471 aoiRasurV.
1148 4445 1178 4455 -
1201 4419 1233 4490 c)

42 4511 122 4565 saltim
136 4513 165 4566 V.

98 4613 195 4659 rentes.
209 4613 277 4657 notu.
289 4613 316 4656 n.
329 4613 369 4656 aa.
381 4613 447 4657 xxv.
714 4672 721 4681 Ι
985 4595 1019 4648 13
