3112 5118
1180 305 1255 377 189

64 458 174 521 favoris
192 463 394 540 assumptum,
409 460 545 521 humanis
563 479 621 521 non
639 459 749 524 debeat
763 465 911 540 versuciis
928 470 1093 542 retardari,
1115 474 1259 540 fraterni-

61 567 111 629 tati
146 573 198 630 tue
229 567 415 649 precipimus
449 575 480 631 et
512 573 626 631 attente
654 587 813 649 rogamus,
846 580 993 653 quatenus
1021 578 1117 642 Deum
1149 583 1261 649 bomini
1292 650 1293 654 ,

65 674 222 756 preferens
241 681 274 738 ct
291 673 514 737 difficultatibus
539 673 675 737 omnibus
698 675 876 740 obediencie
898 682 1036 747 meritum
1058 692 1261 771 anteponam.

64 781 139 844 infra
159 780 331 863 proximum
352 781 583 846 resurrectionis
600 782 758 846 Dominice
781 783 860 846 diem
882 787 921 849 ad
945 791 1048 854 sedem
1065 797 1261 876 apostolicam

66 887 213 952 accedere
244 889 446 970 personaliter
477 910 535 952 non
568 889 726 962 obmittas,
759 897 790 955 ut
820 899 917 956 mater
947 896 1074 962 liliorum
1105 906 1259 971 consolata

64 996 223 1079 presencia
243 1002 275 1060 et
290 998 387 1060 bostis
403 997 591 1060 adversantis
617 997 773 1061 obstaculo
795 1001 989 1081 providencia
1013 1006 1112 1072 divina
1129 1011 1257 1088 sublato,

62 1104 109 1187 pie
124 1103 312 1168 intencionis
330 1105 451 1168 exordia
468 1105 549 1167 felici
567 1105 842 1170 communicacionc
859 1110 1040 1174 conclaudas
1056 1120 1086 1178 ct
1098 1136 1153 1179 nos
1167 1137 1258 1201 super

65 1213 214 1282 amnibus,
232 1231 292 1294 que
310 1212 349 1275 ad
364 1218 479 1276 tantum
496 1212 656 1294 negocium
674 1214 837 1295 expediunt
859 1219 1075 1300 exequendum,
1094 1224 1263 1291 curabimus
1306 1259 1310 1264 ·

68 1341 149 1403 opem
168 1329 200 1384 et
217 1340 342 1402 operam
358 1319 512 1383 adbibere.
975 1309 977 1314 ’

148 1481 271 1550 Raynnld
285 1479 366 1544 lato,
380 1497 422 1534 oo.
433 1480 468 1534 58
481 1499 513 1534 an
528 1481 579 1534 den
589 1482 665 1536 Erzb.
679 1499 730 1536 von
745 1483 822 1537 Sans.
831 1486 890 1540 Dat.
904 1487 1027 1540 Laterani
1037 1488 1126 1542 ldibus
1136 1489 1261 1544 Octobris

69 1589 132 1626 aruo
145 1572 211 1626 XIV.
226 1571 326 1625 bliebcr
340 1572 437 1638 gabart
449 1571 499 1624 der
511 1571 645 1624 undatirtc
659 1571 734 1624 Brict
745 1572 872 1645 Gregor's
887 1593 917 1629 an
932 1576 975 1630 die
995 1571 1154 1633 Mailandcr:
1176 1596 1261 1649 nuper

63 1661 261 1716 considerantes
280 1689 316 1701 ·-
328 1662 420 1730 populi
437 1662 571 1717 christiani
586 1659 628 1715 bei
641 1661 723 1726 Haho,
736 1663 801 1718 coll.
815 1665 882 1719 Mon.
898 1669 994 1721 veterr.
1005 1667 1025 1728 Ι,
1039 1665 1098 1720 ibt.

636 1935 699 2034 aa.

355 2122 432 2204 iope
448 2123 581 2185 omnibns
599 2123 775 2187 civitatibus
792 2124 954 2188 blemenlc.

455 2262 534 2315 aaut.
554 2243 657 2329 rugoso
675 2261 719 2314 aa.
741 2261 868 2330 Anagnia.

64 2387 221 2443 Alexander
235 2391 252 2444 1
256 2391 282 2442 V.
297 2349 383 2442 warne
394 2388 439 2443 die
452 2388 595 2443 deutschen
608 2390 721 2443 Fdrotco
738 2389 795 2442 und
808 2390 900 2442 Saddte
916 2407 963 2444 eor
980 2389 1030 2443 der
1042 2390 1172 2446 rveooaat
1184 2391 1259 2450 cinca

65 2478 169 2550 Kdnipa,
183 2497 214 2534 ac
227 2480 307 2550 lange
318 2478 405 2548 Kdoip
424 2479 544 2534 Wilbclm
556 2479 627 2542 tebe;
651 2497 680 2532 er
692 2480 782 2532 werde
796 2479 853 2532 eine
867 2478 956 2533 colcha
976 2478 1053 2532 Wabl
1064 2481 1109 2534 nie
1122 2482 1255 2536 anerlccn-

336 2585 397 2633 ncn,
411 2566 537 2621 ciclmcbr
557 2565 677 2620 Wilbelm
690 2585 747 2620 cum
761 2567 858 2620 Kaisar
870 2567 978 2622 lcrdnen.

157 2695 324 2777 Quosdam,
347 2695 426 2758 sicut
441 2693 625 2776 accepimus,
648 2693 724 2756 adeo
741 2694 930 2776 inpaoicncie
948 2714 1001 2757 suc
1018 2702 1107 2777 urget
1123 2697 1258 2760 stimulus

67 2821 116 2864 ocu
128 2803 264 2875 aculeus,
278 2809 321 2875 ut,
335 2823 394 2864 non
408 2801 482 2864 satis
496 2800 708 2882 preteritorum
721 2800 836 2862 dicrum
849 2800 967 2865 malicia
981 2806 1012 2864 et
1023 2793 1257 2883 precedencium

57 2915 272 2992 tempestatum
288 2909 428 2974 ductibus
444 2909 579 2989 fatigati,
607 2908 761 2970 videamus
778 2947 822 2956 -
839 2908 876 2970 ad
900 2906 1108 2972 tnrbacionem
1130 2909 1256 2972 Romani

67 3013 188 3098 imperii,
206 3018 238 3079 in
255 3016 341 3078 cuius
359 3015 579 3078 reformacionc
595 3013 741 3076 hactenus
759 3020 805 3076 est
822 3013 1014 3103 studiossime
1030 3014 1207 3088 laboratum,
1225 3023 1256 3080 et

66 3124 101 3184 ad
112 3124 240 3188 humane
254 3124 339 3206 pacis
353 3122 500 3186 excidium
513 3163 557 3174 —
570 3122 655 3185 novis
668 3121 945 3186 machinacionibus
962 3123 1095 3203 aspirare
1109 3125 1255 3206 quosdam

67 3233 292 3314 suscepcionem
329 3230 423 3314 ipsius
461 3230 596 3312 imperii,
639 3229 799 3293 karissimo
838 3230 868 3292 in
897 3230 1017 3294 Christo
1051 3229 1110 3294 filio
1150 3239 1253 3295 nostro

67 3337 100 3400 N.
116 3340 317 3404 Romanorum
332 3358 406 3419 rege
423 3339 522 3402 adhuc
546 3338 725 3421 superstite,
752 3336 887 3400 invidere
905 3337 955 3423 a).
996 3338 1059 3402 Sed
1088 3338 1255 3426 mirandum

68 3447 147 3510 nimis
175 3451 258 3512 toret
293 3453 324 3510 ct
356 3445 447 3510 divini
481 3446 602 3528 plenum
641 3444 901 3507 animadversione
942 3444 1062 3517 iudicii,
1103 3445 1129 3506 si
1166 3465 1254 3532 quem

66 3557 161 3621 forsan
178 3579 214 3621 ex
230 3556 317 3620 vobis
335 3556 434 3639 aliqua
450 3561 511 3619 tam
527 3574 670 3636 perversa
688 3553 845 3635 suggestio
862 3553 941 3616 intus
959 3553 989 3616 in
1006 3553 1103 3617 animo
1121 3574 1255 3618 commo·

67 3672 160 3739 veret,
197 3672 230 3730 ut
269 3684 447 3749 quocunque
484 3668 623 3745 pretextu
661 3667 802 3725 censeret
839 3660 969 3732 licitum,
1008 3661 1171 3743 expediens
1203 3669 1254 3728 aut

68 3775 235 3849 honestum,
267 3796 370 3839 eorum
393 3776 496 3836 favere
514 3772 658 3842 consiliis,
682 3771 732 3853 qui
756 3791 791 3834 co
809 3770 922 3834 ambitu
939 3770 1106 3852 cuiuspiam
1123 3757 1254 3837 mentem

69 3891 218 3969 temptant,
237 3906 296 3970 quo
312 3886 380 3949 loca
397 3883 575 3954 vivencium,
593 3901 668 3966 quos
686 3879 817 3942 divinum
829 3879 877 3942 vel
888 3878 1049 3943 humanum
1065 3901 1124 3943 non
1141 3879 1254 3946 obiecit

68 3991 212 4068 iudicium,
232 3991 463 4075 dampnabiliter
474 3995 662 4073 appetantur.
681 3969 776 4069 Quam
793 3985 914 4070 quidem
930 3985 1102 4070 cupiditatis
1119 3986 1253 4067 speciem

68 4104 178 4182 gentilis
211 4105 371 4184 dampnat,
403 4100 500 4165 fidelis
528 4098 688 4184 abhorret,
717 4117 790 4159 sana
818 4097 985 4160 detestatur
1012 4097 1094 4158 racio
1120 4102 1151 4159 et
1172 4096 1251 4161 iusta

69 4210 171 4276 iudicia
198 4216 409 4297 persecuntur.
441 4209 551 4272 Videat
580 4206 749 4291 quicunque
777 4225 836 4268 non
862 4203 989 4286 desipit,
1012 4203 1037 4265 si
1054 4203 1113 4286 piis
1129 4205 1251 4269 auribus

149 4379 182 4445 o)
196 4377 249 4430 Der
263 4374 334 4428 Text
347 4375 383 4427 ist
394 4339 531 4441 irgendvvc
546 4366 719 4438 corrumpirt.
742 4366 825 4420 llinon
839 4367 903 4420 Sion
920 4363 1006 4418 erbalt
1019 4363 1067 4416 der
1082 4362 1154 4427 Satn,
1173 4381 1250 4418 wcnn

70 4482 96 4520 cr
107 4468 148 4518 mit
161 4464 310 4536 superstite
325 4463 463 4520 scblicsst‚
476 4461 591 4514 invidere
605 4458 661 4512 also
676 4456 801 4526 vegiallt.
