<?xml version="1.0" encoding="UTF-8"?>
<!DOCTYPE html PUBLIC "-//W3C//DTD XHTML 1.0 Transitional//EN"
    "http://www.w3.org/TR/xhtml1/DTD/xhtml1-transitional.dtd">
<html xmlns="http://www.w3.org/1999/xhtml" xml:lang="en" lang="en">
 <head>
  <title>
</title>
<meta http-equiv="Content-Type" content="text/html;charset=utf-8" />
  <meta name='ocr-system' content='tesseract 3.04.00' />
  <meta name='ocr-capabilities' content='ocr_page ocr_carea ocr_par ocr_line ocrx_word'/>
</head>
<body>
  <div class='ocr_page' id='page_1' title='image "./fontesrerumaust01kommgoog_0041.png"; bbox 0 0 3168 5124; ppageno 0'>
   <div class='ocr_carea' id='block_1_1' title="bbox 292 321 340 398">
    <p class='ocr_par' dir='ltr' id='par_1_1' title="bbox 292 321 340 398">
     <span class='ocr_line' id='line_1_1' title="bbox 292 321 340 398; baseline 0.042 -2"><span class='ocrx_word' id='word_1_1' title='bbox 292 321 340 398; x_wconf 75' lang='lat'>12</span> 
     </span>
    </p>
   </div>
   <div class='ocr_carea' id='block_1_2' title="bbox 286 477 1489 1675">
    <p class='ocr_par' dir='ltr' id='par_1_2' title="bbox 288 477 1489 804">
     <span class='ocr_line' id='line_1_2' title="bbox 379 477 1489 585; baseline -0.007 -19"><span class='ocrx_word' id='word_1_2' title='bbox 379 499 452 566; x_wconf 83' lang='lat' dir='ltr'>Viso</span> <span class='ocrx_word' id='word_1_3' title='bbox 462 487 617 583; x_wconf 77' lang='lat' dir='ltr'>&#39;quomodo</span> <span class='ocrx_word' id='word_1_4' title='bbox 635 499 733 580; x_wconf 79' lang='lat' dir='ltr'>omnis</span> <span class='ocrx_word' id='word_1_5' title='bbox 750 501 849 566; x_wconf 86' lang='lat' dir='ltr'>clerus</span> <span class='ocrx_word' id='word_1_6' title='bbox 866 506 948 566; x_wconf 82' lang='lat' dir='ltr'>extra</span> <span class='ocrx_word' id='word_1_7' title='bbox 963 517 1073 585; x_wconf 88' lang='lat' dir='ltr'>papam</span> <span class='ocrx_word' id='word_1_8' title='bbox 1087 507 1241 566; x_wconf 89' lang='lat' dir='ltr'>mutuose</span> <span class='ocrx_word' id='word_1_9' title='bbox 1258 477 1384 571; x_wconf 79' lang='lat' dir='ltr'>salutat,</span> <span class='ocrx_word' id='word_1_10' title='bbox 1407 513 1489 560; x_wconf 91' lang='lat' dir='ltr'>nunc</span> 
     </span>
     <span class='ocr_line' id='line_1_3' title="bbox 288 607 1489 700; baseline -0.003 -26"><span class='ocrx_word' id='word_1_11' title='bbox 288 609 447 675; x_wconf 85' lang='lat' dir='ltr'>videndum</span> <span class='ocrx_word' id='word_1_12' title='bbox 463 615 521 683; x_wconf 88' lang='lat' dir='ltr'>est,</span> <span class='ocrx_word' id='word_1_13' title='bbox 538 610 687 693; x_wconf 90' lang='lat' dir='ltr'>quomodo</span> <span class='ocrx_word' id='word_1_14' title='bbox 703 610 783 674; x_wconf 92' lang='lat' dir='ltr'>idem</span> <span class='ocrx_word' id='word_1_15' title='bbox 799 611 839 700; x_wconf 79' lang='lat' dir='ltr'>a)</span> <span class='ocrx_word' id='word_1_16' title='bbox 856 611 955 676; x_wconf 86' lang='lat' dir='ltr'>clerus</span> <span class='ocrx_word' id='word_1_17' title='bbox 979 611 1132 695; x_wconf 80' lang='lat' dir='ltr'>principes</span> <span class='ocrx_word' id='word_1_18' title='bbox 1153 610 1307 674; x_wconf 88' lang='lat' dir='ltr'>seculares</span> <span class='ocrx_word' id='word_1_19' title='bbox 1330 613 1414 673; x_wconf 82' lang='lat' dir='ltr'>extra</span> <span class='ocrx_word' id='word_1_20' title='bbox 1430 607 1489 670; x_wconf 86' lang='lat' dir='ltr'>im-</span> 
     </span>
     <span class='ocr_line' id='line_1_4' title="bbox 288 719 894 804; baseline -0.002 -19"><span class='ocrx_word' id='word_1_21' title='bbox 288 726 469 804; x_wconf 86' lang='lat' dir='ltr'>peratorem,</span> <span class='ocrx_word' id='word_1_22' title='bbox 486 719 524 782; x_wconf 90' lang='lat' dir='ltr'>dc</span> <span class='ocrx_word' id='word_1_23' title='bbox 541 739 599 804; x_wconf 87' lang='lat' dir='ltr'>quo</span> <span class='ocrx_word' id='word_1_24' title='bbox 616 719 691 784; x_wconf 87' lang='lat' dir='ltr'>satis</span> <span class='ocrx_word' id='word_1_25' title='bbox 708 719 823 784; x_wconf 90' lang='lat' dir='ltr'>dictum</span> <span class='ocrx_word' id='word_1_26' title='bbox 839 726 894 784; x_wconf 91' lang='lat' dir='ltr'>est.</span> 
     </span>
    </p>

    <p class='ocr_par' dir='ltr' id='par_1_3' title="bbox 286 824 1489 1351">
     <span class='ocr_line' id='line_1_5' title="bbox 377 824 1488 918; baseline -0.005 -22"><span class='ocrx_word' id='word_1_27' title='bbox 377 830 520 896; x_wconf 77' lang='lat' dir='ltr'><strong><em>Minores</em></strong></span> <span class='ocrx_word' id='word_1_28' title='bbox 547 830 581 894; x_wconf 86' lang='lat' dir='ltr'>io</span> <span class='ocrx_word' id='word_1_29' title='bbox 608 831 693 896; x_wconf 87' lang='lat' dir='ltr'>clero</span> <span class='ocrx_word' id='word_1_30' title='bbox 715 833 877 896; x_wconf 83' lang='lat' dir='ltr'>seculares</span> <span class='ocrx_word' id='word_1_31' title='bbox 894 830 1065 918; x_wconf 77' lang='lat' dir='ltr'>principos</span> <span class='ocrx_word' id='word_1_32' title='bbox 1087 829 1131 892; x_wconf 92' lang='lat' dir='ltr'>sic</span> <span class='ocrx_word' id='word_1_33' title='bbox 1154 829 1300 893; x_wconf 82' lang='lat' dir='ltr'>salutant:</span> <span class='ocrx_word' id='word_1_34' title='bbox 1324 824 1488 910; x_wconf 81' lang='lat' dir='ltr'>Magnifico</span> 
     </span>
     <span class='ocr_line' id='line_1_6' title="bbox 287 935 1489 1022; baseline -0.005 -18"><span class='ocrx_word' id='word_1_35' title='bbox 287 938 417 1022; x_wconf 76' lang='lat' dir='ltr'>principi</span> <span class='ocrx_word' id='word_1_36' title='bbox 433 942 463 1002; x_wconf 88' lang='lat' dir='ltr'>et</span> <span class='ocrx_word' id='word_1_37' title='bbox 478 937 586 1002; x_wconf 82' lang='lat' dir='ltr'>illustri</span> <span class='ocrx_word' id='word_1_38' title='bbox 603 937 639 1004; x_wconf 89' lang='lat'>0.</span> <span class='ocrx_word' id='word_1_39' title='bbox 656 938 722 1020; x_wconf 84' lang='lat' dir='ltr'>regi</span> <span class='ocrx_word' id='word_1_40' title='bbox 744 939 904 1012; x_wconf 78' lang='lat' dir='ltr'>bohemie,</span> <span class='ocrx_word' id='word_1_41' title='bbox 931 940 977 1002; x_wconf 87' lang='lat' dir='ltr'>vel</span> <span class='ocrx_word' id='word_1_42' title='bbox 1004 938 1107 1002; x_wconf 89' lang='lat' dir='ltr'>inclito</span> <span class='ocrx_word' id='word_1_43' title='bbox 1129 937 1200 1002; x_wconf 90' lang='lat' dir='ltr'>duci</span> <span class='ocrx_word' id='word_1_44' title='bbox 1221 935 1353 1010; x_wconf 78' lang='lat' dir='ltr'>bustric,</span> <span class='ocrx_word' id='word_1_45' title='bbox 1368 936 1416 1000; x_wconf 84' lang='lat' dir='ltr'>vel</span> <span class='ocrx_word' id='word_1_46' title='bbox 1433 935 1489 1000; x_wconf 88' lang='lat' dir='ltr'>tali</span> 
     </span>
     <span class='ocr_line' id='line_1_7' title="bbox 286 1045 1487 1131; baseline -0.002 -20"><span class='ocrx_word' id='word_1_47' title='bbox 286 1047 452 1113; x_wconf 90' lang='lat' dir='ltr'>marchioni</span> <span class='ocrx_word' id='word_1_48' title='bbox 468 1046 647 1129; x_wconf 39' lang='lat' dir='ltr'>,Gregorius</span> <span class='ocrx_word' id='word_1_49' title='bbox 679 1067 784 1113; x_wconf 80' lang='lat' dir='ltr'>servus</span> <span class='ocrx_word' id='word_1_50' title='bbox 814 1049 890 1112; x_wconf 89' lang='lat' dir='ltr'>lesu</span> <span class='ocrx_word' id='word_1_51' title='bbox 921 1047 1034 1112; x_wconf 80' lang='lat' dir='ltr'>Christi</span> <span class='ocrx_word' id='word_1_52' title='bbox 1065 1066 1120 1131; x_wconf 89' lang='lat' dir='ltr'>per</span> <span class='ocrx_word' id='word_1_53' title='bbox 1150 1046 1208 1110; x_wconf 89' lang='lat' dir='ltr'>Dei</span> <span class='ocrx_word' id='word_1_54' title='bbox 1246 1046 1375 1128; x_wconf 80' lang='lat' dir='ltr'>gratiam</span> <span class='ocrx_word' id='word_1_55' title='bbox 1416 1045 1487 1108; x_wconf 90' lang='lat' dir='ltr'>talis</span> 
     </span>
     <span class='ocr_line' id='line_1_8' title="bbox 286 1155 1487 1241; baseline -0.002 -19"><span class='ocrx_word' id='word_1_56' title='bbox 286 1157 459 1241; x_wconf 81' lang='lat' dir='ltr'>patriarcha</span> <span class='ocrx_word' id='word_1_57' title='bbox 474 1156 520 1220; x_wconf 87' lang='lat' dir='ltr'>vel</span> <span class='ocrx_word' id='word_1_58' title='bbox 536 1157 605 1222; x_wconf 85' lang='lat' dir='ltr'>talis</span> <span class='ocrx_word' id='word_1_59' title='bbox 622 1157 782 1222; x_wconf 88' lang='lat' dir='ltr'>cardinalis</span> <span class='ocrx_word' id='word_1_60' title='bbox 798 1158 925 1222; x_wconf 90' lang='lat' dir='ltr'>salutem</span> <span class='ocrx_word' id='word_1_61' title='bbox 947 1164 978 1221; x_wconf 88' lang='lat' dir='ltr'>et</span> <span class='ocrx_word' id='word_1_62' title='bbox 1000 1175 1068 1220; x_wconf 91' lang='lat' dir='ltr'>cum</span> <span class='ocrx_word' id='word_1_63' title='bbox 1091 1155 1277 1220; x_wconf 89' lang='lat' dir='ltr'>orationibus</span> <span class='ocrx_word' id='word_1_64' title='bbox 1293 1162 1431 1240; x_wconf 84' lang='lat' dir='ltr'>paratam</span> <span class='ocrx_word' id='word_1_65' title='bbox 1448 1156 1487 1219; x_wconf 88' lang='lat' dir='ltr'>ad</span> 
     </span>
     <span class='ocr_line' id='line_1_9' title="bbox 286 1265 817 1351; baseline -0.004 -19"><span class='ocrx_word' id='word_1_66' title='bbox 286 1287 406 1351; x_wconf 79' lang='lat' dir='ltr'>queque</span> <span class='ocrx_word' id='word_1_67' title='bbox 418 1265 609 1349; x_wconf 87' lang='lat' dir='ltr'>beneplacita</span> <span class='ocrx_word' id='word_1_68' title='bbox 625 1267 817 1332; x_wconf 89' lang='lat' dir='ltr'>voluntatem.</span> 
     </span>
    </p>

    <p class='ocr_par' dir='ltr' id='par_1_4' title="bbox 286 1375 1487 1552">
     <span class='ocr_line' id='line_1_10' title="bbox 376 1375 1487 1459; baseline -0.003 -18"><span class='ocrx_word' id='word_1_69' title='bbox 376 1378 437 1442; x_wconf 87' lang='lat' dir='ltr'>lsta</span> <span class='ocrx_word' id='word_1_70' title='bbox 459 1377 516 1441; x_wconf 89' lang='lat' dir='ltr'>erit</span> <span class='ocrx_word' id='word_1_71' title='bbox 538 1377 677 1441; x_wconf 90' lang='lat' dir='ltr'>salutatio</span> <span class='ocrx_word' id='word_1_72' title='bbox 699 1377 844 1442; x_wconf 88' lang='lat' dir='ltr'>maiorum</span> <span class='ocrx_word' id='word_1_73' title='bbox 865 1375 897 1440; x_wconf 91' lang='lat' dir='ltr'>in</span> <span class='ocrx_word' id='word_1_74' title='bbox 919 1377 999 1438; x_wconf 88' lang='lat' dir='ltr'>clero</span> <span class='ocrx_word' id='word_1_75' title='bbox 1022 1381 1104 1439; x_wconf 88' lang='lat' dir='ltr'>extra</span> <span class='ocrx_word' id='word_1_76' title='bbox 1126 1394 1235 1459; x_wconf 89' lang='lat' dir='ltr'>papam</span> <span class='ocrx_word' id='word_1_77' title='bbox 1262 1375 1301 1440; x_wconf 90' lang='lat' dir='ltr'>ad</span> <span class='ocrx_word' id='word_1_78' title='bbox 1327 1375 1487 1458; x_wconf 77' lang='lat' dir='ltr'>principes</span> 
     </span>
     <span class='ocr_line' id='line_1_11' title="bbox 286 1486 449 1552; baseline 0 -2"><span class='ocrx_word' id='word_1_79' title='bbox 286 1486 449 1552; x_wconf 86' lang='lat' dir='ltr'>seculares.</span> 
     </span>
    </p>

    <p class='ocr_par' dir='ltr' id='par_1_5' title="bbox 378 1595 1486 1675">
     <span class='ocr_line' id='line_1_12' title="bbox 378 1595 1486 1675; baseline -0.001 -14"><span class='ocrx_word' id='word_1_80' title='bbox 378 1596 539 1675; x_wconf 79' lang='lat' dir='ltr'><em>Quomodo</em></span> <span class='ocrx_word' id='word_1_81' title='bbox 554 1595 695 1662; x_wconf 84' lang='lat' dir='ltr'>maiores</span> <span class='ocrx_word' id='word_1_82' title='bbox 707 1597 741 1661; x_wconf 83' lang='lat' dir='ltr'>io</span> <span class='ocrx_word' id='word_1_83' title='bbox 758 1599 843 1662; x_wconf 83' lang='lat' dir='ltr'>clero</span> <span class='ocrx_word' id='word_1_84' title='bbox 857 1595 1016 1659; x_wconf 81' lang='lat' dir='ltr'>interiores</span> <span class='ocrx_word' id='word_1_85' title='bbox 1029 1595 1145 1658; x_wconf 90' lang='lat' dir='ltr'>nobiles</span> <span class='ocrx_word' id='word_1_86' title='bbox 1158 1595 1304 1660; x_wconf 89' lang='lat' dir='ltr'>salutant:</span> <span class='ocrx_word' id='word_1_87' title='bbox 1321 1595 1486 1660; x_wconf 89' lang='lat' dir='ltr'>Inferiores</span> 
     </span>
    </p>
   </div>
   <div class='ocr_carea' id='block_1_3' title="bbox 177 1705 1487 1790">
    <p class='ocr_par' dir='ltr' id='par_1_6' title="bbox 177 1705 1487 1790">
     <span class='ocr_line' id='line_1_13' title="bbox 177 1705 1487 1790; baseline -0.002 -20"><span class='ocrx_word' id='word_1_88' title='bbox 177 1773 180 1777; x_wconf 72' lang='grc'><strong>,</strong></span> <span class='ocrx_word' id='word_1_89' title='bbox 284 1705 449 1790; x_wconf 88' lang='lat' dir='ltr'>principes,</span> <span class='ocrx_word' id='word_1_90' title='bbox 473 1713 505 1770; x_wconf 94' lang='lat' dir='ltr'>ut</span> <span class='ocrx_word' id='word_1_91' title='bbox 521 1711 592 1769; x_wconf 92' lang='lat' dir='ltr'>sunt</span> <span class='ocrx_word' id='word_1_92' title='bbox 613 1707 754 1778; x_wconf 77' lang='lat' dir='ltr'>comites,</span> <span class='ocrx_word' id='word_1_93' title='bbox 781 1705 868 1770; x_wconf 92' lang='lat' dir='ltr'>liberi</span> <span class='ocrx_word' id='word_1_94' title='bbox 888 1705 1034 1778; x_wconf 90' lang='lat' dir='ltr'>barones,</span> <span class='ocrx_word' id='word_1_95' title='bbox 1050 1705 1180 1769; x_wconf 90' lang='lat' dir='ltr'>maiores</span> <span class='ocrx_word' id='word_1_96' title='bbox 1201 1705 1233 1768; x_wconf 94' lang='lat' dir='ltr'>in</span> <span class='ocrx_word' id='word_1_97' title='bbox 1255 1705 1336 1768; x_wconf 89' lang='lat' dir='ltr'>clero</span> <span class='ocrx_word' id='word_1_98' title='bbox 1352 1705 1487 1769; x_wconf 86' lang='lat' dir='ltr'>salutant</span> 
     </span>
    </p>
   </div>
   <div class='ocr_carea' id='block_1_4' title="bbox 273 1814 1495 4523">
    <p class='ocr_par' dir='ltr' id='par_1_7' title="bbox 273 1814 1489 2773">
     <span class='ocr_line' id='line_1_14' title="bbox 283 1814 1485 1899; baseline -0.002 -21"><span class='ocrx_word' id='word_1_99' title='bbox 283 1815 476 1899; x_wconf 88' lang='lat' dir='ltr'>preponendo</span> <span class='ocrx_word' id='word_1_100' title='bbox 521 1833 574 1877; x_wconf 89' lang='lat' dir='ltr'>eos</span> <span class='ocrx_word' id='word_1_101' title='bbox 613 1815 643 1877; x_wconf 93' lang='lat' dir='ltr'>in</span> <span class='ocrx_word' id='word_1_102' title='bbox 683 1815 912 1879; x_wconf 78' lang='lat' dir='ltr'>salutationibus</span> <span class='ocrx_word' id='word_1_103' title='bbox 952 1820 983 1878; x_wconf 89' lang='lat' dir='ltr'>et</span> <span class='ocrx_word' id='word_1_104' title='bbox 1020 1814 1124 1878; x_wconf 91' lang='lat' dir='ltr'>dicunt</span> <span class='ocrx_word' id='word_1_105' title='bbox 1162 1815 1207 1877; x_wconf 90' lang='lat' dir='ltr'>eis</span> <span class='ocrx_word' id='word_1_106' title='bbox 1246 1814 1375 1880; x_wconf 89' lang='lat' dir='ltr'>salutem</span> <span class='ocrx_word' id='word_1_107' title='bbox 1414 1833 1485 1878; x_wconf 92' lang='lat' dir='ltr'>cum</span> 
     </span>
     <span class='ocr_line' id='line_1_15' title="bbox 281 1922 1488 2007; baseline 0.001 -20"><span class='ocrx_word' id='word_1_108' title='bbox 281 1923 467 2007; x_wconf 90' lang='lat' dir='ltr'>plenitudine</span> <span class='ocrx_word' id='word_1_109' title='bbox 495 1925 590 1986; x_wconf 89' lang='lat' dir='ltr'>omnis</span> <span class='ocrx_word' id='word_1_110' title='bbox 623 1923 694 1986; x_wconf 94' lang='lat' dir='ltr'>boni</span> <span class='ocrx_word' id='word_1_111' title='bbox 728 1930 758 1988; x_wconf 91' lang='lat' dir='ltr'>et</span> <span class='ocrx_word' id='word_1_112' title='bbox 784 1924 842 1988; x_wconf 93' lang='lat' dir='ltr'>hoc</span> <span class='ocrx_word' id='word_1_113' title='bbox 870 1944 943 1987; x_wconf 87' lang='lat' dir='ltr'>sane</span> <span class='ocrx_word' id='word_1_114' title='bbox 971 1923 996 1986; x_wconf 91' lang='lat' dir='ltr'>si</span> <span class='ocrx_word' id='word_1_115' title='bbox 1024 1943 1083 1986; x_wconf 94' lang='lat' dir='ltr'>non</span> <span class='ocrx_word' id='word_1_116' title='bbox 1104 1923 1232 1986; x_wconf 88' lang='lat' dir='ltr'>subsunt</span> <span class='ocrx_word' id='word_1_117' title='bbox 1253 1922 1346 1987; x_wconf 90' lang='lat' dir='ltr'>iidem</span> <span class='ocrx_word' id='word_1_118' title='bbox 1367 1923 1488 1988; x_wconf 90' lang='lat' dir='ltr'>nobiles</span> 
     </span>
     <span class='ocr_line' id='line_1_16' title="bbox 282 2032 1487 2116; baseline 0 -20"><span class='ocrx_word' id='word_1_119' title='bbox 282 2033 380 2098; x_wconf 87' lang='lat' dir='ltr'>cidem</span> <span class='ocrx_word' id='word_1_120' title='bbox 402 2033 548 2106; x_wconf 66' lang='lat' dir='ltr'>inolere,</span> <span class='ocrx_word' id='word_1_121' title='bbox 569 2033 596 2096; x_wconf 89' lang='lat' dir='ltr'>si</span> <span class='ocrx_word' id='word_1_122' title='bbox 617 2039 718 2098; x_wconf 88' lang='lat' dir='ltr'>autem</span> <span class='ocrx_word' id='word_1_123' title='bbox 740 2032 869 2098; x_wconf 86' lang='lat' dir='ltr'>subsunt</span> <span class='ocrx_word' id='word_1_124' title='bbox 890 2034 928 2105; x_wconf 89' lang='lat' dir='ltr'>ei,</span> <span class='ocrx_word' id='word_1_125' title='bbox 945 2038 1017 2096; x_wconf 92' lang='lat' dir='ltr'>tunc</span> <span class='ocrx_word' id='word_1_126' title='bbox 1034 2033 1114 2096; x_wconf 86' lang='lat' dir='ltr'>idem</span> <span class='ocrx_word' id='word_1_127' title='bbox 1131 2033 1229 2096; x_wconf 88' lang='lat' dir='ltr'>clerus</span> <span class='ocrx_word' id='word_1_128' title='bbox 1247 2052 1281 2096; x_wconf 90' lang='lat' dir='ltr'>se</span> <span class='ocrx_word' id='word_1_129' title='bbox 1297 2033 1440 2116; x_wconf 79' lang='lat' dir='ltr'>proponit</span> <span class='ocrx_word' id='word_1_130' title='bbox 1454 2034 1487 2096; x_wconf 92' lang='lat' dir='ltr'>in</span> 
     </span>
     <span class='ocr_line' id='line_1_17' title="bbox 280 2141 1487 2224; baseline 0 -18"><span class='ocrx_word' id='word_1_131' title='bbox 280 2143 476 2214; x_wconf 81' lang='lat' dir='ltr'>salutatione,</span> <span class='ocrx_word' id='word_1_132' title='bbox 499 2143 604 2210; x_wconf 86' lang='lat' dir='ltr'>dicens</span> <span class='ocrx_word' id='word_1_133' title='bbox 626 2162 679 2205; x_wconf 90' lang='lat' dir='ltr'>eos</span> <span class='ocrx_word' id='word_1_134' title='bbox 701 2141 806 2206; x_wconf 88' lang='lat' dir='ltr'>fideles</span> <span class='ocrx_word' id='word_1_135' title='bbox 829 2141 955 2206; x_wconf 86' lang='lat' dir='ltr'>dilectos</span> <span class='ocrx_word' id='word_1_136' title='bbox 979 2163 1050 2206; x_wconf 92' lang='lat' dir='ltr'>suos</span> <span class='ocrx_word' id='word_1_137' title='bbox 1073 2141 1200 2224; x_wconf 79' lang='lat' dir='ltr'>gratiam</span> <span class='ocrx_word' id='word_1_138' title='bbox 1223 2163 1309 2208; x_wconf 88' lang='lat' dir='ltr'>suam</span> <span class='ocrx_word' id='word_1_139' title='bbox 1337 2148 1369 2207; x_wconf 91' lang='lat' dir='ltr'>et</span> <span class='ocrx_word' id='word_1_140' title='bbox 1397 2162 1487 2207; x_wconf 88' lang='lat' dir='ltr'>omne</span> 
     </span>
     <span class='ocr_line' id='line_1_18' title="bbox 280 2251 1489 2336; baseline 0 -20"><span class='ocrx_word' id='word_1_141' title='bbox 280 2251 403 2325; x_wconf 87' lang='lat' dir='ltr'>bonum,</span> <span class='ocrx_word' id='word_1_142' title='bbox 420 2253 554 2335; x_wconf 83' lang='lat' dir='ltr'>exceptis</span> <span class='ocrx_word' id='word_1_143' title='bbox 570 2251 762 2335; x_wconf 88' lang='lat' dir='ltr'>patriarchis,</span> <span class='ocrx_word' id='word_1_144' title='bbox 780 2251 992 2323; x_wconf 86' lang='lat' dir='ltr'>cardinalibus,</span> <span class='ocrx_word' id='word_1_145' title='bbox 1009 2253 1174 2334; x_wconf 89' lang='lat' dir='ltr'>apostolice</span> <span class='ocrx_word' id='word_1_146' title='bbox 1191 2252 1273 2315; x_wconf 88' lang='lat' dir='ltr'>sedis</span> <span class='ocrx_word' id='word_1_147' title='bbox 1295 2253 1418 2334; x_wconf 83' lang='lat' dir='ltr'>legatis,</span> <span class='ocrx_word' id='word_1_148' title='bbox 1435 2253 1489 2336; x_wconf 89' lang='lat' dir='ltr'>qui</span> 
     </span>
     <span class='ocr_line' id='line_1_19' title="bbox 273 2359 1489 2447; baseline 0 -21"><span class='ocrx_word' id='word_1_149' title='bbox 273 2382 403 2447; x_wconf 70' lang='lat' dir='ltr'>semper</span> <span class='ocrx_word' id='word_1_150' title='bbox 428 2366 600 2445; x_wconf 83' lang='lat' dir='ltr'>proponunt</span> <span class='ocrx_word' id='word_1_151' title='bbox 628 2381 661 2424; x_wconf 92' lang='lat' dir='ltr'>se</span> <span class='ocrx_word' id='word_1_152' title='bbox 689 2360 834 2444; x_wconf 88' lang='lat' dir='ltr'>predictis</span> <span class='ocrx_word' id='word_1_153' title='bbox 863 2359 1012 2424; x_wconf 92' lang='lat' dir='ltr'>nobilibus</span> <span class='ocrx_word' id='word_1_154' title='bbox 1041 2366 1072 2425; x_wconf 89' lang='lat' dir='ltr'>et</span> <span class='ocrx_word' id='word_1_155' title='bbox 1100 2361 1205 2426; x_wconf 89' lang='lat' dir='ltr'>dicunt</span> <span class='ocrx_word' id='word_1_156' title='bbox 1232 2363 1277 2425; x_wconf 89' lang='lat' dir='ltr'>eis</span> <span class='ocrx_word' id='word_1_157' title='bbox 1305 2363 1435 2426; x_wconf 86' lang='lat' dir='ltr'>salutem</span> <span class='ocrx_word' id='word_1_158' title='bbox 1455 2363 1489 2426; x_wconf 92' lang='lat' dir='ltr'>in</span> 
     </span>
     <span class='ocr_line' id='line_1_20' title="bbox 284 2470 1489 2552; baseline 0 -16"><span class='ocrx_word' id='word_1_159' title='bbox 284 2471 404 2552; x_wconf 85' lang='lat' dir='ltr'>domino</span> <span class='ocrx_word' id='word_1_160' title='bbox 420 2471 495 2535; x_wconf 83' lang='lat' dir='ltr'>lesu</span> <span class='ocrx_word' id='word_1_161' title='bbox 512 2470 631 2534; x_wconf 85' lang='lat' dir='ltr'>Christo</span> <span class='ocrx_word' id='word_1_162' title='bbox 647 2471 694 2534; x_wconf 79' lang='lat' dir='ltr'>vel</span> <span class='ocrx_word' id='word_1_163' title='bbox 712 2470 839 2534; x_wconf 87' lang='lat' dir='ltr'>salutem</span> <span class='ocrx_word' id='word_1_164' title='bbox 861 2471 892 2533; x_wconf 94' lang='lat' dir='ltr'>in</span> <span class='ocrx_word' id='word_1_165' title='bbox 914 2471 993 2534; x_wconf 91' lang='lat' dir='ltr'>omni</span> <span class='ocrx_word' id='word_1_166' title='bbox 1009 2471 1142 2535; x_wconf 86' lang='lat' dir='ltr'>salutari.</span> <span class='ocrx_word' id='word_1_167' title='bbox 1176 2471 1219 2534; x_wconf 88' lang='lat' dir='ltr'>lta</span> <span class='ocrx_word' id='word_1_168' title='bbox 1235 2471 1262 2533; x_wconf 91' lang='lat' dir='ltr'>si</span> <span class='ocrx_word' id='word_1_169' title='bbox 1279 2491 1339 2534; x_wconf 90' lang='lat' dir='ltr'>non</span> <span class='ocrx_word' id='word_1_170' title='bbox 1355 2470 1489 2536; x_wconf 86' lang='lat' dir='ltr'>subsunt</span> 
     </span>
     <span class='ocr_line' id='line_1_21' title="bbox 281 2578 1487 2664; baseline -0.001 -19"><span class='ocrx_word' id='word_1_171' title='bbox 281 2582 336 2646; x_wconf 90' lang='lat' dir='ltr'>eis.</span> <span class='ocrx_word' id='word_1_172' title='bbox 353 2620 398 2631; x_wconf 93' lang='lat'>-</span> <span class='ocrx_word' id='word_1_173' title='bbox 414 2581 448 2645; x_wconf 88' lang='lat' dir='ltr'>si</span> <span class='ocrx_word' id='word_1_174' title='bbox 465 2585 566 2646; x_wconf 88' lang='lat' dir='ltr'>autern</span> <span class='ocrx_word' id='word_1_175' title='bbox 588 2580 718 2644; x_wconf 90' lang='lat' dir='ltr'>subsunt</span> <span class='ocrx_word' id='word_1_176' title='bbox 739 2578 844 2644; x_wconf 90' lang='lat' dir='ltr'>ditioni</span> <span class='ocrx_word' id='word_1_177' title='bbox 866 2600 986 2653; x_wconf 90' lang='lat' dir='ltr'>eorum,</span> <span class='ocrx_word' id='word_1_178' title='bbox 1015 2579 1152 2644; x_wconf 90' lang='lat' dir='ltr'>scribunt</span> <span class='ocrx_word' id='word_1_179' title='bbox 1173 2581 1234 2654; x_wconf 90' lang='lat' dir='ltr'>eis,</span> <span class='ocrx_word' id='word_1_180' title='bbox 1265 2587 1299 2644; x_wconf 92' lang='lat' dir='ltr'>ut</span> <span class='ocrx_word' id='word_1_181' title='bbox 1313 2580 1487 2664; x_wconf 90' lang='lat' dir='ltr'>predictum</span> 
     </span>
     <span class='ocr_line' id='line_1_22' title="bbox 282 2689 1408 2773; baseline -0.002 -19"><span class='ocrx_word' id='word_1_182' title='bbox 282 2697 340 2764; x_wconf 87' lang='lat' dir='ltr'>est,</span> <span class='ocrx_word' id='word_1_183' title='bbox 356 2691 484 2773; x_wconf 76' lang='lat' dir='ltr'>gratiam</span> <span class='ocrx_word' id='word_1_184' title='bbox 501 2709 586 2754; x_wconf 86' lang='lat' dir='ltr'>suam</span> <span class='ocrx_word' id='word_1_185' title='bbox 603 2698 634 2753; x_wconf 90' lang='lat' dir='ltr'>et</span> <span class='ocrx_word' id='word_1_186' title='bbox 649 2710 735 2753; x_wconf 88' lang='lat' dir='ltr'>omne</span> <span class='ocrx_word' id='word_1_187' title='bbox 751 2689 874 2760; x_wconf 88' lang='lat' dir='ltr'>bonum,</span> <span class='ocrx_word' id='word_1_188' title='bbox 890 2690 937 2752; x_wconf 88' lang='lat' dir='ltr'>vel</span> <span class='ocrx_word' id='word_1_189' title='bbox 953 2689 1106 2753; x_wconf 88' lang='lat' dir='ltr'>obtentum</span> <span class='ocrx_word' id='word_1_190' title='bbox 1123 2690 1221 2772; x_wconf 84' lang='lat' dir='ltr'>gratie</span> <span class='ocrx_word' id='word_1_191' title='bbox 1239 2696 1270 2754; x_wconf 91' lang='lat' dir='ltr'>et</span> <span class='ocrx_word' id='word_1_192' title='bbox 1284 2691 1408 2754; x_wconf 83' lang='lat' dir='ltr'>favoris.</span> 
     </span>
    </p>

    <p class='ocr_par' dir='ltr' id='par_1_8' title="bbox 279 2799 1487 3324">
     <span class='ocr_line' id='line_1_23' title="bbox 372 2799 1480 2886; baseline -0.004 -18"><span class='ocrx_word' id='word_1_193' title='bbox 372 2802 529 2881; x_wconf 79' lang='lat' dir='ltr'>Quomodo</span> <span class='ocrx_word' id='word_1_194' title='bbox 559 2801 677 2864; x_wconf 79' lang='lat' dir='ltr'>milites</span> <span class='ocrx_word' id='word_1_195' title='bbox 705 2800 866 2886; x_wconf 78' lang='lat' dir='ltr'>simplices</span> <span class='ocrx_word' id='word_1_196' title='bbox 896 2807 928 2864; x_wconf 83' lang='lat' dir='ltr'>ct</span> <span class='ocrx_word' id='word_1_197' title='bbox 954 2801 1087 2865; x_wconf 84' lang='lat' dir='ltr'>clientes</span> <span class='ocrx_word' id='word_1_198' title='bbox 1113 2802 1265 2874; x_wconf 77' lang='lat' dir='ltr'>salutem,</span> <span class='ocrx_word' id='word_1_199' title='bbox 1305 2799 1419 2863; x_wconf 89' lang='lat' dir='ltr'>Milites</span> <span class='ocrx_word' id='word_1_200' title='bbox 1448 2807 1480 2864; x_wconf 91' lang='lat' dir='ltr'>et</span> 
     </span>
     <span class='ocr_line' id='line_1_24' title="bbox 281 2907 1487 2992; baseline 0 -18"><span class='ocrx_word' id='word_1_201' title='bbox 281 2911 406 2975; x_wconf 89' lang='lat' dir='ltr'>clientes</span> <span class='ocrx_word' id='word_1_202' title='bbox 435 2915 466 2974; x_wconf 90' lang='lat' dir='ltr'>et</span> <span class='ocrx_word' id='word_1_203' title='bbox 492 2909 567 2972; x_wconf 89' lang='lat' dir='ltr'>alios</span> <span class='ocrx_word' id='word_1_204' title='bbox 593 2908 696 2991; x_wconf 82' lang='lat' dir='ltr'>laycos</span> <span class='ocrx_word' id='word_1_205' title='bbox 720 2914 751 2972; x_wconf 90' lang='lat' dir='ltr'>et</span> <span class='ocrx_word' id='word_1_206' title='bbox 766 2907 934 2990; x_wconf 85' lang='lat' dir='ltr'>burgenses</span> <span class='ocrx_word' id='word_1_207' title='bbox 957 2909 1112 2992; x_wconf 89' lang='lat' dir='ltr'>usquead</span> <span class='ocrx_word' id='word_1_208' title='bbox 1135 2930 1239 2972; x_wconf 82' lang='lat' dir='ltr'>servos</span> <span class='ocrx_word' id='word_1_209' title='bbox 1261 2908 1350 2990; x_wconf 87' lang='lat' dir='ltr'>glebe</span> <span class='ocrx_word' id='word_1_210' title='bbox 1372 2910 1487 2975; x_wconf 84' lang='lat' dir='ltr'>salutat</span> 
     </span>
     <span class='ocr_line' id='line_1_25' title="bbox 280 3016 1486 3104; baseline -0.003 -20"><span class='ocrx_word' id='word_1_211' title='bbox 280 3019 436 3104; x_wconf 86' lang='lat' dir='ltr'>predictus</span> <span class='ocrx_word' id='word_1_212' title='bbox 468 3019 568 3082; x_wconf 91' lang='lat' dir='ltr'>clerus</span> <span class='ocrx_word' id='word_1_213' title='bbox 600 3016 760 3081; x_wconf 89' lang='lat' dir='ltr'>scribendo</span> <span class='ocrx_word' id='word_1_214' title='bbox 792 3019 836 3080; x_wconf 91' lang='lat' dir='ltr'>eis</span> <span class='ocrx_word' id='word_1_215' title='bbox 867 3017 1044 3100; x_wconf 87' lang='lat' dir='ltr'>simpliciter</span> <span class='ocrx_word' id='word_1_216' title='bbox 1074 3020 1202 3098; x_wconf 81' lang='lat' dir='ltr'>gratiam</span> <span class='ocrx_word' id='word_1_217' title='bbox 1230 3025 1369 3082; x_wconf 89' lang='lat' dir='ltr'>suamet</span> <span class='ocrx_word' id='word_1_218' title='bbox 1397 3039 1486 3081; x_wconf 87' lang='lat' dir='ltr'>omne</span> 
     </span>
     <span class='ocr_line' id='line_1_26' title="bbox 279 3126 1487 3211; baseline -0.002 -17"><span class='ocrx_word' id='word_1_219' title='bbox 279 3128 391 3194; x_wconf 90' lang='lat' dir='ltr'>bouum</span> <span class='ocrx_word' id='word_1_220' title='bbox 418 3135 450 3193; x_wconf 91' lang='lat' dir='ltr'>et</span> <span class='ocrx_word' id='word_1_221' title='bbox 477 3127 633 3192; x_wconf 87' lang='lat' dir='ltr'>salutando</span> <span class='ocrx_word' id='word_1_222' title='bbox 662 3126 825 3210; x_wconf 87' lang='lat' dir='ltr'>quemlibet</span> <span class='ocrx_word' id='word_1_223' title='bbox 839 3127 1007 3190; x_wconf 89' lang='lat' dir='ltr'>secundum</span> <span class='ocrx_word' id='word_1_224' title='bbox 1034 3127 1237 3192; x_wconf 89' lang='lat' dir='ltr'>conditionem</span> <span class='ocrx_word' id='word_1_225' title='bbox 1265 3148 1367 3200; x_wconf 87' lang='lat' dir='ltr'>suam,</span> <span class='ocrx_word' id='word_1_226' title='bbox 1395 3134 1487 3211; x_wconf 92' lang='lat' dir='ltr'>prout</span> 
     </span>
     <span class='ocr_line' id='line_1_27' title="bbox 283 3237 897 3324; baseline -0.007 -20"><span class='ocrx_word' id='word_1_227' title='bbox 283 3239 389 3324; x_wconf 77' lang='lat' dir='ltr'>sagaci</span> <span class='ocrx_word' id='word_1_228' title='bbox 403 3238 545 3304; x_wconf 83' lang='lat' dir='ltr'>dictatori</span> <span class='ocrx_word' id='word_1_229' title='bbox 562 3237 651 3300; x_wconf 81' lang='lat' dir='ltr'>facile</span> <span class='ocrx_word' id='word_1_230' title='bbox 666 3244 772 3320; x_wconf 87' lang='lat' dir='ltr'>patere</span> <span class='ocrx_word' id='word_1_231' title='bbox 786 3242 897 3320; x_wconf 89' lang='lat' dir='ltr'>potest.</span> 
     </span>
    </p>

    <p class='ocr_par' dir='ltr' id='par_1_9' title="bbox 282 3345 1495 3762">
     <span class='ocr_line' id='line_1_28' title="bbox 373 3345 1491 3431; baseline -0.001 -20"><span class='ocrx_word' id='word_1_232' title='bbox 373 3348 445 3412; x_wconf 91' lang='lat' dir='ltr'>Viso</span> <span class='ocrx_word' id='word_1_233' title='bbox 472 3346 621 3431; x_wconf 86' lang='lat' dir='ltr'>quomodo</span> <span class='ocrx_word' id='word_1_234' title='bbox 649 3348 777 3410; x_wconf 89' lang='lat' dir='ltr'>maiores</span> <span class='ocrx_word' id='word_1_235' title='bbox 804 3348 835 3409; x_wconf 91' lang='lat' dir='ltr'>in</span> <span class='ocrx_word' id='word_1_236' title='bbox 863 3346 943 3409; x_wconf 90' lang='lat' dir='ltr'>clero</span> <span class='ocrx_word' id='word_1_237' title='bbox 971 3345 1126 3430; x_wconf 89' lang='lat' dir='ltr'>principes</span> <span class='ocrx_word' id='word_1_238' title='bbox 1149 3347 1303 3410; x_wconf 88' lang='lat' dir='ltr'>seculares</span> <span class='ocrx_word' id='word_1_239' title='bbox 1332 3354 1363 3411; x_wconf 89' lang='lat' dir='ltr'>et</span> <span class='ocrx_word' id='word_1_240' title='bbox 1384 3367 1491 3412; x_wconf 90' lang='lat' dir='ltr'>omnes</span> 
     </span>
     <span class='ocr_line' id='line_1_29' title="bbox 283 3456 1492 3540; baseline -0.001 -18"><span class='ocrx_word' id='word_1_241' title='bbox 283 3458 400 3522; x_wconf 90' lang='lat' dir='ltr'>nobiles</span> <span class='ocrx_word' id='word_1_242' title='bbox 416 3475 513 3540; x_wconf 77' lang='lat' dir='ltr'>usquc</span> <span class='ocrx_word' id='word_1_243' title='bbox 530 3457 569 3520; x_wconf 90' lang='lat' dir='ltr'>ad</span> <span class='ocrx_word' id='word_1_244' title='bbox 585 3457 711 3520; x_wconf 89' lang='lat' dir='ltr'>clientes</span> <span class='ocrx_word' id='word_1_245' title='bbox 728 3462 759 3519; x_wconf 91' lang='lat' dir='ltr'>ct</span> <span class='ocrx_word' id='word_1_246' title='bbox 773 3456 851 3520; x_wconf 87' lang='lat' dir='ltr'>infra</span> <span class='ocrx_word' id='word_1_247' title='bbox 867 3456 1014 3526; x_wconf 86' lang='lat' dir='ltr'>salutant,</span> <span class='ocrx_word' id='word_1_248' title='bbox 1043 3473 1122 3518; x_wconf 90' lang='lat' dir='ltr'>nunc</span> <span class='ocrx_word' id='word_1_249' title='bbox 1138 3456 1301 3521; x_wconf 85' lang='lat' dir='ltr'>uidendum</span> <span class='ocrx_word' id='word_1_250' title='bbox 1324 3462 1389 3530; x_wconf 90' lang='lat' dir='ltr'>cst,</span> <span class='ocrx_word' id='word_1_251' title='bbox 1414 3477 1492 3540; x_wconf 91' lang='lat' dir='ltr'>quo·</span> 
     </span>
     <span class='ocr_line' id='line_1_30' title="bbox 282 3567 1495 3650; baseline -0.001 -17"><span class='ocrx_word' id='word_1_252' title='bbox 282 3568 371 3634; x_wconf 89' lang='lat' dir='ltr'>modo</span> <span class='ocrx_word' id='word_1_253' title='bbox 392 3567 522 3650; x_wconf 87' lang='lat' dir='ltr'>predicti</span> <span class='ocrx_word' id='word_1_254' title='bbox 550 3567 679 3630; x_wconf 87' lang='lat' dir='ltr'>maiores</span> <span class='ocrx_word' id='word_1_255' title='bbox 706 3567 737 3629; x_wconf 93' lang='lat' dir='ltr'>in</span> <span class='ocrx_word' id='word_1_256' title='bbox 766 3567 848 3629; x_wconf 91' lang='lat' dir='ltr'>clero</span> <span class='ocrx_word' id='word_1_257' title='bbox 861 3579 948 3630; x_wconf 90' lang='lat' dir='ltr'>&#39;suos</span> <span class='ocrx_word' id='word_1_258' title='bbox 977 3569 1108 3634; x_wconf 83' lang='lat' dir='ltr'>satutant</span> <span class='ocrx_word' id='word_1_259' title='bbox 1129 3567 1258 3630; x_wconf 88' lang='lat' dir='ltr'>clericos</span> <span class='ocrx_word' id='word_1_260' title='bbox 1273 3567 1437 3632; x_wconf 87' lang='lat' dir='ltr'>inferiores</span> <span class='ocrx_word' id='word_1_261' title='bbox 1463 3572 1495 3632; x_wconf 88' lang='lat' dir='ltr'>et</span> 
     </span>
     <span class='ocr_line' id='line_1_31' title="bbox 283 3676 1391 3762; baseline -0.003 -20"><span class='ocrx_word' id='word_1_262' title='bbox 283 3677 432 3762; x_wconf 89' lang='lat' dir='ltr'>quomodo</span> <span class='ocrx_word' id='word_1_263' title='bbox 449 3700 466 3740; x_wconf 89' lang='lat' dir='ltr'>e</span> <span class='ocrx_word' id='word_1_264' title='bbox 482 3683 586 3740; x_wconf 86' lang='lat' dir='ltr'>contra</span> <span class='ocrx_word' id='word_1_265' title='bbox 602 3697 619 3738; x_wconf 88' lang='lat' dir='ltr'>a</span> <span class='ocrx_word' id='word_1_266' title='bbox 636 3677 699 3739; x_wconf 90' lang='lat' dir='ltr'>suis</span> <span class='ocrx_word' id='word_1_267' title='bbox 715 3676 908 3742; x_wconf 82' lang='lat' dir='ltr'>interioribus</span> <span class='ocrx_word' id='word_1_268' title='bbox 924 3677 1043 3740; x_wconf 91' lang='lat' dir='ltr'>clericis</span> <span class='ocrx_word' id='word_1_269' title='bbox 1059 3684 1091 3740; x_wconf 90' lang='lat' dir='ltr'>et</span> <span class='ocrx_word' id='word_1_270' title='bbox 1104 3678 1198 3760; x_wconf 77' lang='lat' dir='ltr'>laycis</span> <span class='ocrx_word' id='word_1_271' title='bbox 1213 3678 1391 3741; x_wconf 88' lang='lat' dir='ltr'>salutentur.</span> 
     </span>
    </p>

    <p class='ocr_par' dir='ltr' id='par_1_10' title="bbox 283 3786 1493 4186">
     <span class='ocr_line' id='line_1_32' title="bbox 371 3786 1493 3856; baseline -0.004 -4"><span class='ocrx_word' id='word_1_272' title='bbox 371 3787 575 3856; x_wconf 81' lang='lat' dir='ltr'>Potriorcbo,</span> <span class='ocrx_word' id='word_1_273' title='bbox 582 3787 766 3850; x_wconf 79' lang='lat' dir='ltr'>cardinales</span> <span class='ocrx_word' id='word_1_274' title='bbox 774 3790 805 3849; x_wconf 89' lang='lat' dir='ltr'>et</span> <span class='ocrx_word' id='word_1_275' title='bbox 816 3788 919 3852; x_wconf 84' lang='lat' dir='ltr'>ceteri</span> <span class='ocrx_word' id='word_1_276' title='bbox 926 3788 1065 3852; x_wconf 85' lang='lat' dir='ltr'>maiores</span> <span class='ocrx_word' id='word_1_277' title='bbox 1076 3789 1111 3852; x_wconf 82' lang='lat' dir='ltr'>in</span> <span class='ocrx_word' id='word_1_278' title='bbox 1123 3791 1208 3852; x_wconf 83' lang='lat' dir='ltr'>clero</span> <span class='ocrx_word' id='word_1_279' title='bbox 1221 3786 1360 3852; x_wconf 91' lang='lat' dir='ltr'>scribunt</span> <span class='ocrx_word' id='word_1_280' title='bbox 1372 3787 1437 3850; x_wconf 91' lang='lat' dir='ltr'>suis</span> <span class='ocrx_word' id='word_1_281' title='bbox 1444 3787 1493 3850; x_wconf 92' lang='lat' dir='ltr'>in-</span> 
     </span>
     <span class='ocr_line' id='line_1_33' title="bbox 284 3894 1491 3976; baseline 0 -16"><span class='ocrx_word' id='word_1_282' title='bbox 284 3895 457 3967; x_wconf 87' lang='lat' dir='ltr'>lericribus,</span> <span class='ocrx_word' id='word_1_283' title='bbox 472 3894 609 3958; x_wconf 81' lang='lat' dir='ltr'>vocando</span> <span class='ocrx_word' id='word_1_284' title='bbox 632 3913 685 3956; x_wconf 90' lang='lat' dir='ltr'>eos</span> <span class='ocrx_word' id='word_1_285' title='bbox 702 3895 864 3976; x_wconf 89' lang='lat' dir='ltr'>episcopos</span> <span class='ocrx_word' id='word_1_286' title='bbox 886 3895 932 3957; x_wconf 79' lang='lat' dir='ltr'>vel</span> <span class='ocrx_word' id='word_1_287' title='bbox 954 3895 1081 3958; x_wconf 83' lang='lat' dir='ltr'>abbates</span> <span class='ocrx_word' id='word_1_288' title='bbox 1102 3897 1240 3976; x_wconf 85' lang='lat' dir='ltr'>regales,</span> <span class='ocrx_word' id='word_1_289' title='bbox 1268 3897 1333 3960; x_wconf 84' lang='lat' dir='ltr'>sive</span> <span class='ocrx_word' id='word_1_290' title='bbox 1357 3895 1491 3960; x_wconf 89' lang='lat' dir='ltr'>subsunt</span> 
     </span>
     <span class='ocr_line' id='line_1_34' title="bbox 283 4003 1492 4076; baseline 0.002 -8"><span class='ocrx_word' id='word_1_291' title='bbox 283 4007 347 4069; x_wconf 85' lang='lat' dir='ltr'>sive</span> <span class='ocrx_word' id='word_1_292' title='bbox 364 4025 434 4076; x_wconf 90' lang='lat' dir='ltr'>uon,</span> <span class='ocrx_word' id='word_1_293' title='bbox 450 4003 578 4068; x_wconf 90' lang='lat' dir='ltr'>dilectos</span> <span class='ocrx_word' id='word_1_294' title='bbox 593 4003 625 4065; x_wconf 92' lang='lat' dir='ltr'>iu</span> <span class='ocrx_word' id='word_1_295' title='bbox 642 4003 760 4066; x_wconf 87' lang='lat' dir='ltr'>Christo</span> <span class='ocrx_word' id='word_1_296' title='bbox 778 4005 886 4067; x_wconf 85' lang='lat' dir='ltr'>iratres</span> <span class='ocrx_word' id='word_1_297' title='bbox 912 4004 1037 4067; x_wconf 89' lang='lat' dir='ltr'>salutem</span> <span class='ocrx_word' id='word_1_298' title='bbox 1055 4012 1086 4068; x_wconf 90' lang='lat' dir='ltr'>et</span> <span class='ocrx_word' id='word_1_299' title='bbox 1100 4004 1212 4070; x_wconf 92' lang='lat' dir='ltr'>bonum</span> <span class='ocrx_word' id='word_1_300' title='bbox 1225 4007 1257 4068; x_wconf 96' lang='lat' dir='ltr'>in</span> <span class='ocrx_word' id='word_1_301' title='bbox 1273 4005 1397 4068; x_wconf 88' lang='lat' dir='ltr'>domino</span> <span class='ocrx_word' id='word_1_302' title='bbox 1414 4006 1492 4070; x_wconf 86' lang='lat' dir='ltr'>lesu</span> 
     </span>
     <span class='ocr_line' id='line_1_35' title="bbox 285 4113 1302 4186; baseline -0.001 -8"><span class='ocrx_word' id='word_1_303' title='bbox 285 4114 423 4186; x_wconf 72' lang='lat' dir='ltr'>Christo,</span> <span class='ocrx_word' id='word_1_304' title='bbox 450 4114 497 4176; x_wconf 77' lang='lat' dir='ltr'>rel</span> <span class='ocrx_word' id='word_1_305' title='bbox 525 4114 651 4177; x_wconf 87' lang='lat' dir='ltr'>salutern</span> <span class='ocrx_word' id='word_1_306' title='bbox 680 4124 712 4176; x_wconf 92' lang='lat' dir='ltr'>et</span> <span class='ocrx_word' id='word_1_307' title='bbox 742 4115 891 4176; x_wconf 89' lang='lat' dir='ltr'>sinceram</span> <span class='ocrx_word' id='word_1_308' title='bbox 921 4115 952 4178; x_wconf 93' lang='lat' dir='ltr'>in</span> <span class='ocrx_word' id='word_1_309' title='bbox 985 4113 1102 4176; x_wconf 89' lang='lat' dir='ltr'>domino</span> <span class='ocrx_word' id='word_1_310' title='bbox 1133 4113 1302 4179; x_wconf 80' lang='lat' dir='ltr'>karitatem.</span> 
     </span>
    </p>

    <p class='ocr_par' dir='ltr' id='par_1_11' title="bbox 285 4225 1493 4523">
     <span class='ocr_line' id='line_1_36' title="bbox 376 4225 1490 4311; baseline 0 -23"><span class='ocrx_word' id='word_1_311' title='bbox 376 4225 535 4302; x_wconf 78' lang='lat' dir='ltr'>Quomodo</span> <span class='ocrx_word' id='word_1_312' title='bbox 551 4226 682 4290; x_wconf 75' lang='lat' dir='ltr'>montes</span> <span class='ocrx_word' id='word_1_313' title='bbox 696 4225 859 4310; x_wconf 77' lang='lat' dir='ltr'>simplices</span> <span class='ocrx_word' id='word_1_314' title='bbox 875 4231 907 4288; x_wconf 84' lang='lat' dir='ltr'>et</span> <span class='ocrx_word' id='word_1_315' title='bbox 919 4225 1101 4311; x_wconf 82' lang='lat' dir='ltr'>prepositos</span> <span class='ocrx_word' id='word_1_316' title='bbox 1116 4227 1280 4290; x_wconf 68' lang='lat' dir='ltr'>salmom</span> <span class='ocrx_word' id='word_1_317' title='bbox 1322 4225 1490 4310; x_wconf 89' lang='lat' dir='ltr'>Simplices</span> 
     </span>
     <span class='ocr_line' id='line_1_37' title="bbox 285 4331 1493 4420; baseline 0.002 -23"><span class='ocrx_word' id='word_1_318' title='bbox 285 4333 418 4417; x_wconf 87' lang='lat' dir='ltr'>prelatos</span> <span class='ocrx_word' id='word_1_319' title='bbox 431 4339 465 4396; x_wconf 87' lang='lat' dir='ltr'>et</span> <span class='ocrx_word' id='word_1_320' title='bbox 474 4332 602 4396; x_wconf 90' lang='lat' dir='ltr'>clericos</span> <span class='ocrx_word' id='word_1_321' title='bbox 619 4332 683 4394; x_wconf 83' lang='lat' dir='ltr'>siue</span> <span class='ocrx_word' id='word_1_322' title='bbox 695 4331 825 4396; x_wconf 90' lang='lat' dir='ltr'>subsunt</span> <span class='ocrx_word' id='word_1_323' title='bbox 837 4333 901 4396; x_wconf 81' lang='lat' dir='ltr'>sive</span> <span class='ocrx_word' id='word_1_324' title='bbox 913 4351 983 4403; x_wconf 92' lang='lat' dir='ltr'>non,</span> <span class='ocrx_word' id='word_1_325' title='bbox 998 4332 1150 4415; x_wconf 88' lang='lat' dir='ltr'>appellant</span> <span class='ocrx_word' id='word_1_326' title='bbox 1166 4331 1205 4420; x_wconf 76' lang='lat' dir='ltr'>l)</span> <span class='ocrx_word' id='word_1_327' title='bbox 1220 4333 1351 4396; x_wconf 88' lang='lat' dir='ltr'>maiores</span> <span class='ocrx_word' id='word_1_328' title='bbox 1365 4335 1397 4398; x_wconf 91' lang='lat' dir='ltr'>in</span> <span class='ocrx_word' id='word_1_329' title='bbox 1409 4335 1493 4399; x_wconf 86' lang='lat' dir='ltr'>clero</span> 
     </span>
     <span class='ocr_line' id='line_1_38' title="bbox 289 4439 1321 4523; baseline 0.001 -17"><span class='ocrx_word' id='word_1_330' title='bbox 289 4443 417 4506; x_wconf 87' lang='lat' dir='ltr'>dilectos</span> <span class='ocrx_word' id='word_1_331' title='bbox 432 4441 462 4503; x_wconf 88' lang='lat' dir='ltr'>in</span> <span class='ocrx_word' id='word_1_332' title='bbox 475 4440 595 4504; x_wconf 80' lang='lat' dir='ltr'>Christo</span> <span class='ocrx_word' id='word_1_333' title='bbox 612 4439 689 4503; x_wconf 89' lang='lat' dir='ltr'>lilios</span> <span class='ocrx_word' id='word_1_334' title='bbox 705 4440 832 4504; x_wconf 90' lang='lat' dir='ltr'>salutem</span> <span class='ocrx_word' id='word_1_335' title='bbox 850 4447 880 4504; x_wconf 89' lang='lat' dir='ltr'>et</span> <span class='ocrx_word' id='word_1_336' title='bbox 895 4439 1110 4523; x_wconf 88' lang='lat' dir='ltr'>plenitudinem</span> <span class='ocrx_word' id='word_1_337' title='bbox 1127 4441 1224 4506; x_wconf 85' lang='lat' dir='ltr'>omnis</span> <span class='ocrx_word' id='word_1_338' title='bbox 1240 4442 1321 4507; x_wconf 90' lang='lat' dir='ltr'>boui.</span> 
     </span>
    </p>
   </div>
   <div class='ocr_carea' id='block_1_5' title="bbox 384 4586 792 4659">
    <p class='ocr_par' dir='ltr' id='par_1_12' title="bbox 384 4586 792 4659">
     <span class='ocr_line' id='line_1_39' title="bbox 384 4586 792 4659; baseline -0.007 -16"><span class='ocrx_word' id='word_1_339' title='bbox 384 4589 419 4659; x_wconf 80' lang='lat' dir='ltr'>o)</span> <span class='ocrx_word' id='word_1_340' title='bbox 439 4587 521 4644; x_wconf 64' lang='lat' dir='ltr'>iidem</span> <span class='ocrx_word' id='word_1_341' title='bbox 534 4587 565 4644; x_wconf 78' lang='lat' dir='ltr'>v.</span> <span class='ocrx_word' id='word_1_342' title='bbox 584 4586 618 4657; x_wconf 79' lang='lat' dir='ltr'>l)</span> <span class='ocrx_word' id='word_1_343' title='bbox 630 4586 751 4659; x_wconf 72' lang='lat' dir='ltr'>appellnt</span> <span class='ocrx_word' id='word_1_344' title='bbox 762 4587 792 4641; x_wconf 86' lang='lat' dir='ltr'>V.</span> 
     </span>
    </p>
   </div>
   <div class='ocr_carea' id='block_1_6' title="bbox 0 0 1588 5124">
    <p class='ocr_par' dir='ltr' id='par_1_13' title="bbox 0 0 1588 5124">
     <span class='ocr_line' id='line_1_40' title="bbox 0 0 1588 5124; baseline 0 1"><span class='ocrx_word' id='word_1_345' title='bbox 0 0 1588 5124; x_wconf 95' lang='lat' dir='ltr'> </span> 
     </span>
    </p>
   </div>
  </div>
 </body>
</html>
