3108 5118
309 359 387 429 274

309 531 390 592 Sane
407 548 474 592 cum
490 528 644 590 lohannes
660 525 786 588 honeste
803 525 863 588 vite
879 543 1053 607 morumque
1076 525 1212 587 claritate
1233 525 1397 612 refulgeat,
1411 529 1495 605 prout

309 638 346 700 ad
363 635 455 700 nostri
474 634 610 698 culminis
627 631 814 696 audienciam
835 631 966 694 celebris
982 632 1060 693 lame
1084 631 1235 712 preconiis
1249 636 1297 694 est
1308 631 1496 712 perductum,

307 765 362 808 nos
388 748 511 825 propter
538 742 596 804 hoc
629 740 755 802 eundem
787 739 949 820 singularis
980 739 1189 804 benivolencie
1220 741 1325 820 gracia
1356 740 1496 822 prosequi

308 853 520 933 disponentes,
555 850 653 931 ipsum
682 849 712 909 in
740 853 874 911 nosbum
901 846 1087 929 capellanum
1115 847 1244 910 libenter
1263 854 1305 933 ‘et
1336 847 1497 912 liberaliter

308 961 443 1025 duximus
461 957 689 1022 admittendum.
723 957 762 1020 Et
778 955 848 1037 quia
865 955 978 1018 debent
994 955 1180 1018 immunitate
1197 956 1297 1018 fulciri
1320 975 1399 1038 quos
1413 956 1497 1036 regie

307 1066 517 1132 familiaritatis
545 1067 630 1128 favor
663 1063 808 1133 illustrat,
838 1062 1064 1127 universitatem
1095 1069 1225 1126 vestram
1257 1064 1441 1146 requirimus
1471 1069 1497 1124 et
1549 1049 1550 1054 ἵ

307 1195 468 1257 rogamus,
489 1180 635 1257 quatenus
660 1191 745 1241 eum,
766 1177 908 1255 tanquam
931 1172 1118 1253 capellanum
1141 1172 1332 1234 carissimum
1353 1171 1497 1234 babentes

307 1305 362 1367 pro
378 1289 481 1348 nostra
496 1280 672 1346 reverencia
694 1281 948 1351 commendatum,
978 1280 1008 1341 in
1031 1280 1147 1342 cunctis
1170 1281 1233 1341 suis
1255 1279 1387 1360 agendis
1404 1279 1498 1340 cidem

307 1391 543 1456 benivolenciam
559 1409 723 1471 congruam
739 1389 917 1470 inpendatis.

398 1532 557 1604 Vargleicbo
571 1532 673 1586 Stobbe
687 1549 730 1585 no.
743 1529 787 1583 28.

866 1720 929 1792 63.

652 1894 848 1958 bononorum
865 1913 921 1958 ren
936 1895 1149 1959 eardlnollbrs.

756 2053 835 2108 lats.
849 2056 917 2110 nacb
931 2055 1029 2110 Oatsrn
1043 2073 1066 2110 c.

309 2206 340 2257 ll.
360 2202 465 2274 liudolf
477 2202 560 2255 doato
577 2202 629 2255 den
649 2201 813 2255 Cardindlen
830 2200 881 2271 Γᾶν
899 2199 958 2254 ihre
975 2201 1162 2272 Bernatbaoqcn
1186 2203 1214 2256 in
1239 2201 1401 2277 Ilerdes-unp
1422 2203 1503 2257 scaber

516 2291 752 2363 Anqclepenbeiten
764 2293 821 2345 ond
832 2292 942 2347 erbietet
953 2291 1013 2345 siclo
1025 2311 1057 2345 aa
1075 2291 1295 2364 Geqmdiemtcn.

400 2438 522 2500 Gerberl,
538 2436 563 2498 l,
576 2435 620 2488 30.

402 2581 518 2662 Quantc
536 2577 749 2644 sollicitudinis
763 2600 866 2663 opera,
882 2563 993 2665 quadie
1010 2583 1108 2645 eciam
1123 2586 1299 2665 prestancia
1318 2584 1502 2664 puritatis-in

310 2690 407 2753 nostri
423 2690 618 2771 expedicione
635 2690 754 2771 negocii
768 2709 855 2753 curas
869 2696 987 2753 vestras
1004 2691 1202 2754 exercueritis
1217 2691 1276 2755 hiis
1294 2692 1414 2764 diebus,
1433 2692 1502 2753 satis

311 2803 358 2862 est
374 2805 481 2881 patens
505 2805 536 2862 et
559 2799 712 2878 cognitum
735 2798 924 2862 evidentibus
948 2800 1146 2862 documentis.
1179 2800 1267 2863 Nunc
1284 2819 1355 2862 vero
1373 2800 1412 2862 da
1429 2819 1501 2862 uovs

309 2908 357 2978 F..
384 2909 448 2970 viro
477 2907 643 2976 industrio,
670 2905 757 2968 nobis
786 2905 914 2968 fideliter
942 2913 1119 2978 enarrante,
1140 2910 1354 2990 cognovimus,
1379 2907 1503 2990 quodie

311 3016 445 3080 ciusdem
467 3015 660 3097 promocione
683 3014 803 3096 negocii
826 3016 922 3078 virtus
936 3021 1037 3078 uestra
1061 3016 1108 3081 sic
1128 3016 1241 3098 viguit,
1269 3019 1377 3099 sicque
1400 3016 1504 3079 claruit

309 3129 410 3186 vestre
438 3123 544 3185 eximie
572 3122 696 3184 claritas
723 3121 892 3202 probitatis,
921 3128 954 3186 ut
983 3123 1122 3206 quitquid
1147 3125 1358 3205 prosperitatis
1388 3125 1502 3188 initium

310 3229 418 3294 babuit
433 3231 487 3316 a),
505 3229 642 3313 quitquid
665 3229 752 3292 nobis
774 3230 858 3293 dedit
875 3231 1048 3293 conclusiva
1061 3232 1208 3302 felicitas,
1236 3252 1296 3314 quo
1320 3233 1358 3295 ad
1376 3233 1502 3296 bumana

311 3339 461 3422 presidia,
489 3338 698 3420 principaliter
719 3337 829 3400 vestris
854 3339 956 3420 tytulis
979 3339 1156 3402 adscribere
1179 3340 1354 3404 debeamus.
1373 3377 1419 3390 -
1442 3339 1502 3422 Que

311 3450 416 3532 utique
433 3447 631 3511 collaudanda
648 3446 786 3508 nimirum
802 3451 903 3510 vestre
919 3449 1117 3512 virtuositatis
1134 3450 1275 3531 insignia,
1298 3450 1390 3513 nobis
1404 3453 1503 3534 inpre-

313 3557 460 3622 ciabiliter
477 3557 515 3639 b)
531 3559 718 3636 presentata,
733 3553 836 3617 illabili
851 3554 927 3617 libro
945 3557 1088 3618 memorie
1104 3558 1268 3620 tenacioris
1281 3559 1502 3642 inscripsimus,

312 3666 392 3728 utin
415 3662 687 3746 opportunitatibus
710 3663 818 3725 vestris
843 3663 933 3745 digne
956 3665 1041 3728 vobis
1064 3666 1282 3729 vicissitudinis
1297 3667 1460 3748 repensiva
1475 3667 1502 3728 in

313 3774 400 3837 uberi
417 3772 577 3835 affluencia
600 3778 841 3854 compensentur.
876 3773 929 3836 Sic
953 3775 1032 3834 enim
1048 3795 1102 3836 nos
1119 3774 1205 3837 vobis
1223 3780 1253 3837 et
1268 3776 1379 3837 vestris
1397 3775 1503 3837 astrin-

314 3883 429 3963 gimus,
452 3880 497 3943 sic
519 3901 574 3942 nos
595 3878 680 3941 vobis
703 3886 734 3942 et
756 3881 800 3942 eis
822 3887 986 3961 perpetuos
1004 3881 1213 3945 constituimus
1231 3883 1402 3954 debitores,
1427 3883 1502 3965 quod

314 3995 442 4060 cuncta,
470 4009 528 4072 que
557 3987 642 4050 vobis
671 4007 706 4052 ac
729 3988 804 4072 ipsis
833 3987 955 4056 honoris
984 3994 1014 4052 et
1041 3990 1136 4072 glorie
1164 3991 1352 4054 incremento
1382 4011 1504 4055 cessura

314 4097 556 4182 cognoverimus,
573 4116 650 4178 eque
667 4115 788 4178 semper
803 4096 1012 4160 benivolencie
1028 4097 1133 4180 gracia
1155 4099 1298 4182 prosequi
1320 4099 1448 4163 velimus
1470 4119 1504 4162 ac

314 4209 478 4270 sinostram
488 4210 718 4287 nostrorumque
731 4224 891 4286 personam
904 4210 1030 4286 tangere
1042 4205 1212 4279 videantur,
1225 4206 1264 4270 ab
1277 4208 1399 4271 amabili
1405 4215 1503 4272 vestre

315 4316 486 4380 dilectionis
503 4314 649 4396 applausu
666 4313 745 4376 nullo
761 4333 891 4396 unquam
909 4319 1018 4377 eventu
1039 4316 1086 4378 vel
1103 4320 1239 4400 tempore
1257 4317 1440 4400 decerpendi
1458 4320 1502 4408 c}

405 4442 438 4508 o)
452 4441 541 4494 habuit
556 4441 754 4510 unterpunctirt
768 4440 875 4508 V.-b)
891 4439 1072 4511 inprecialiter
1085 4443 1114 4495 V.
1134 4443 1187 4496 und
1200 4445 1309 4512 Z.-c)
1327 4445 1501 4516 discrepando

316 4531 440 4586 Gerbert.
