3100 5116
1183 351 1254 423 381

61 539 95 600 de
121 537 218 613 verbo
246 538 286 600 ad
314 537 438 602 verbum
466 537 659 621 presentibus
688 537 781 602 inseri
812 533 1007 617 contigisset,
1049 546 1192 611 expresse
1221 525 1259 591 de

61 645 248 728 benignitate
265 619 361 730 regia⁶
367 645 534 711 liberaliter
548 645 738 718 innovantes,
761 643 873 728 regalis
896 639 1033 706 culminis
1057 642 1087 701 et
1109 634 1260 722 presentis

62 754 163 838 scripti
178 755 350 838 patrocinio
368 753 587 820 confirmamus.

148 958 203 1012 Das
218 957 254 1010 ist
267 956 335 1012 obne
349 957 457 1012 Zwoilel
473 956 524 1021 die,
545 957 612 1012 wohl
628 951 740 1012 viclfach
755 953 926 1028 abgolrlircte,
939 951 1064 1007 Urhunde
1078 951 1108 1004 K.
1122 947 1260 1011 Rudolf's,

62 1049 102 1104 die
113 1049 248 1104 Boehmer
261 1047 327 1119 Reg.
340 1047 407 1103 llud.
421 1065 464 1103 no.
479 1046 532 1104 lto
546 1047 659 1103 auitihrt
674 1047 725 1101 und
740 1047 783 1100 die
797 1063 826 1100 er
840 1043 1027 1100 abachriltlich
1042 1042 1142 1096 besses.

639 1238 701 1308 30.

338 1416 397 1480 Rex
415 1416 608 1481 Romanorum
626 1416 814 1480 commendat
829 1415 985 1499 prelatum.

629 1573 708 1628 1273.

64 1721 93 1772 ll.
106 1721 213 1791 liudolf
227 1719 314 1775 duola
331 1720 416 1776 ciuem
433 1722 562 1776 Prdlaten
578 1718 629 1791 fur
647 1715 955 1774 denen-clucesceret
972 1733 1004 1770 eu
1020 1715 1110 1771 seiher
1125 1711 1264 1784 Erhebunp

486 1830 534 1868 eur
545 1809 716 1884 lrb'ntplt‘cben
735 1811 844 1867 errdc.

146 1957 280 2020 Gerbert
296 1957 360 2020 1,7.

6 2183 7 2190 ¹
142 2102 269 2168 Placide
283 2103 369 2167 nobis
382 2109 433 2167 tue
446 2105 620 2188 applausive
630 2089 1261 2186 congratulacionisaffaminasuperuostre

58 2213 279 2276 sublimacionis
296 2214 450 2297 prosperis
467 2212 610 2296 auspiciis
628 2233 696 2276 oum
714 2211 870 2276 cuiusdam
883 2209 1050 2274 voluntarie
1064 2207 1259 2294 gratitudinis

6 2367 7 2394 ,
60 2327 87 2384 et
100 2319 277 2386 devocionis
293 2321 483 2386 exhibicione
499 2321 641 2406 gratuita,
660 2326 762 2385 nostro
786 2340 882 2404 nuper
903 2319 1025 2383 culmini
1050 2318 1106 2382 sub
1130 2323 1257 2381 venusto

7 2425 8 2428 ’
60 2429 208 2494 suavitatis
221 2429 344 2513 eloquio
357 2435 541 2514 presentata,
557 2451 593 2506 cx
607 2449 660 2493 sua
674 2432 717 2517 a)
731 2429 906 2493 mellitluose
920 2433 1026 2492 natura
1040 2428 1080 2513 b)
1095 2426 1264 2491 dulcedinis

64 2545 157 2604 nostra
193 2540 358 2622 precordia
397 2539 612 2604 delectacionis
650 2539 795 2603 immense
827 2539 991 2621 llagrancie
1009 2536 1048 2622 c)
1079 2536 1264 2600 refecerunt.

61 2648 143 2712 luluit
174 2647 320 2731 equidem
350 2650 475 2713 themati
503 2650 652 2713 laudando
670 2649 830 2714 verborum
868 2654 929 2712 tam
964 2648 1091 2732 pulcher
1117 2647 1203 2731 lepos
1235 2648 1266 2711 in

65 2758 187 2829 cortice,
217 2761 251 2820 et
276 2758 498 2823 sentenciarum
520 2759 644 2843 egregie
668 2758 817 2836 venustati
834 2759 965 2823 accessit
985 2764 1048 2823 tam
1070 2757 1207 2822 amabilis
1225 2759 1268 2843 d)

6 2883 7 2922 ἑ
66 2867 242 2932 condimenti
257 2869 442 2950 saporositas
454 2868 485 2932 in
497 2869 610 2942 radice,
625 2875 656 2932 ut
669 2869 705 2940 si,
720 2868 800 2953 quod
815 2868 904 2940 absit,
920 2868 1070 2933 ulterioris
1085 2868 1181 2931 eciam
1193 2886 1267 2930 cou-

67 2978 223 3060 sequencie
242 2975 343 3038 nullus
361 2975 506 3062 deinceps
523 2998 654 3064 unquam
670 2977 786 3041 fructus
810 2982 946 3062 erumpat
968 2998 1004 3041 er
1027 2976 1171 3047 flosculis,
1199 2977 1265 3060 spei

66 3089 159 3149 tamen
182 3085 269 3150 rivus
292 3103 413 3148 manare
436 3106 496 3149 non
519 3086 629 3150 desinit
652 3107 688 3149 er
710 3085 876 3171 premissis.
911 3085 992 3149 Sane
1010 3087 1151 3149 nuncium
1167 3091 1266 3162 tuum,

67 3194 226 3278 legacionis
244 3212 300 3257 sue
325 3194 417 3258 verba
434 3194 546 3258 diserte
564 3200 598 3278 e)
617 3200 845 3281 proponentem,
863 3195 995 3278 benigne
1013 3196 1213 3279 suscepimus,
1235 3201 1267 3258 et
1278 3213 1384 3254 rusae

6 3299 7 3302 ’
67 3304 207 3369 tenaciori
230 3303 376 3366 memorie
399 3302 536 3367 duximus
559 3304 797 3368 commendanda
819 3308 880 3366 tam
903 3323 948 3376 ea,
973 3324 1031 3388 que
1055 3305 1182 3368 nuncius
1200 3303 1265 3387 ipse

68 3415 236 3499 proposuit,
268 3431 357 3495 quam
381 3433 438 3498 que
466 3414 554 3477 litere
579 3413 790 3478 continebant:
822 3414 1027 3496 integritatem
1051 3412 1121 3476 lidei
1149 3419 1200 3477 tue
1228 3434 1265 3479 ac

69 3525 151 3588 auimi
164 3523 338 3609 puritatem,
356 3543 445 3606 quam
462 3523 499 3587 ad
515 3524 634 3606 regales
651 3524 762 3608 tytulos
780 3524 989 3606 provehendos
1013 3530 1043 3587 te
1060 3523 1267 3589 indesinenter

69 3633 175 3698 habere
198 3633 433 3717 perpendimus,
461 3638 679 3717 prosequentes
703 3633 825 3696 uberius
850 3633 1020 3697 actionibus
1043 3635 1212 3716 graciarum
1236 3643 1267 3699 et
1367 3709 1370 3712 Δ

72 3744 278 3808 nichilominus
294 3743 326 3806 iu
341 3743 400 3806 tuis
417 3748 447 3806 et
464 3742 595 3808 ecclesie
611 3747 661 3806 tue
679 3742 806 3826 agendis
829 3748 860 3807 ct
882 3744 913 3806 in
930 3744 1183 3828 oportunitatibus
1206 3745 1267 3810 tuis

72 3872 121 3916 nos
138 3854 305 3939 experieris
321 3854 474 3917 ultroneos
492 3858 522 3916 et
539 3854 673 3918 devotos.

6 4115 7 4118 Ἰ
159 4057 193 4123 a)
209 4071 257 4108 sue
270 4054 298 4106 Z.
314 4083 343 4091 -
360 4054 495 4123 b)nature
514 4055 543 4109 V.
558 4084 591 4093 -
606 4055 638 4126 o)
659 4055 803 4124 fraglaneiu
822 4055 849 4108 Z.
863 4083 898 4094 -
912 4054 948 4125 d)
967 4053 1086 4108 amabilis
1105 4055 1173 4109 lohlt
1190 4054 1220 4108 V.
1234 4085 1268 4094 -

73 4143 100 4210 e)
120 4161 149 4198 sc
168 4145 280 4216 provide
299 4145 326 4200 Z.
