3116 5124
324 324 400 400 tac

320 501 449 584 ipsarum
477 501 607 584 prelatos
636 507 667 566 et
690 487 828 568 rectores
850 505 988 572 similiter
1008 506 1133 588 proponi
1155 505 1267 570 faciant
1288 511 1320 568 et
1342 523 1430 586 super
1444 503 1501 566 hiis

320 609 484 675 affectuose
506 615 538 675 et
552 612 618 676 sine
641 611 864 678 intermissione
880 614 922 702 a)
937 615 1097 680 Dominum
1118 615 1339 697 deprecentur,
1366 612 1407 676 ita
1428 612 1504 696 quod

318 726 421 802 preter
456 720 571 802 grande
607 721 771 804 premium,
809 724 890 807 qnod
920 745 939 788 a
965 723 1091 789 Domino
1128 723 1233 787 exinde
1271 727 1503 806 consequentur,

212 861 222 884 ι
321 829 485 912 apostolice
501 829 583 894 sedis
600 833 735 914 graciam
751 832 907 900 obtineant
922 834 1039 918 plenius
1055 840 1086 900 et
1101 835 1243 898 savorem.

897 1077 955 1148 13.

725 1239 805 1322 laps
820 1240 884 1321 rcgl
902 1239 1099 1304 lartunru.

705 1379 784 1434 1254.
804 1380 924 1435 Februar
945 1378 986 1434 ld.
1007 1381 1136 1435 Laterani.

320 1509 445 1562 Innocens
460 1507 477 1560 I
482 1507 507 1560 V.
525 1505 597 1562 dittct
614 1506 666 1562 cen
696 1508 790 1562 Sultcn
808 1509 857 1562 der
882 1507 1001 1574 Tdrlrea,
1020 1508 1071 1562 den
1092 1495 1283 1578 lldcrdrr'npern
1300 1506 1392 1563 dhaes
1406 1509 1509 1563 &drei-

319 1598 398 1664 bena,
421 1595 697 1668 Precr'permcneten,
719 1599 770 1652 den
783 1595 938 1669 Aufentlrnlt
950 1596 977 1652 io
989 1596 1088 1651 crinem
1101 1597 1197 1651 Rciclre
1210 1615 1241 1652 zu
1257 1605 1410 1668 pentacon,
1434 1599 1510 1654 danai

319 1688 359 1744 eie
380 1685 465 1743 durch
486 1686 546 1744 idre
560 1686 673 1759 Predipt
693 1689 746 1760 nus
762 1686 825 1755 ion,
852 1688 897 1744 die
920 1687 1043 1760 Scinipea
1061 1691 1117 1744 und
1137 1689 1237 1742 andere
1257 1689 1392 1744 Nationes
1414 1689 1510 1742 wirten

857 1779 979 1833 kdanten.

411 1905 477 1963 Cod.
494 1906 575 1962 wita.
596 1908 626 1962 Α.
654 1908 669 1960 7
692 1907 842 1962 Alexander
868 1911 920 1961 etc.
945 1907 1001 1978 regi
1023 1908 1195 1962 Tartarorurn
1218 1906 1318 1961 illustri
1346 1908 1431 1962 Deum
1458 1923 1511 1962 rere

233 2057 244 2082 ·
320 2000 407 2054 colere
420 2007 448 2054 ct
460 2000 562 2053 timore.
577 2000 657 2056 Perta
670 1999 750 2053 Arch.
763 2001 791 2062 7,
803 1997 866 2054 893.

409 2128 492 2193 Deus
510 2133 631 2195 creator
649 2128 795 2200 omniurn,
823 2129 892 2211 pius
910 2129 948 2217 b)
966 2133 1048 2192 sator
1071 2134 1102 2192 ct
1123 2134 1238 2192 amator
1266 2128 1439 2201 hominnm,
1468 2129 1512 2212 qui

320 2238 469 2302 neminem
496 2238 559 2302 vult
585 2237 703 2320 perire,
732 2244 875 2311 cunctor,
904 2244 936 2302 nt
963 2238 1036 2301 salvi
1064 2237 1150 2310 liant,
1184 2237 1287 2302 venire
1304 2238 1345 2323 c)
1363 2238 1514 2302 desiderat
1555 2281 1556 2284 κ

202 2364 278 2406 roam
288 2363 308 2407 c.
320 2345 500 2411 voluntarios
522 2344 561 2408 ad
583 2365 637 2408 sue
659 2345 801 2409 noticiam
817 2345 967 2418 veritatis,
997 2367 1053 2428 que
1070 2346 1111 2428 d)
1132 2343 1333 2408 racionabiles
1363 2352 1512 2408 creaturas

199 2457 202 2462 ’
264 2519 268 2529 ,
321 2453 428 2535 spiritu
459 2453 691 2517 immortalitatis
723 2454 878 2518 instaurat.
912 2454 971 2516 Eas
1004 2453 1098 2524 enim,
1131 2458 1163 2516 ut
1193 2452 1224 2515 in
1256 2472 1291 2514 se
1319 2453 1511 2516 credentibus

320 2562 541 2634 innotesceret,
570 2561 716 2634 condidit,
740 2567 770 2625 et
792 2561 849 2625 illis
873 2561 1036 2626 conditoris
1053 2560 1099 2624 sui
1116 2581 1243 2643 capaces
1260 2560 1372 2624 indidit
1390 2563 1507 2634 animos,
1556 2621 1557 2626 ,

321 2668 419 2734 divine
436 2670 545 2732 mentis
563 2669 703 2753 ymagine
721 2670 890 2734 decoratos.
923 2670 967 2733 Ad
983 2669 1168 2733 liberandum
1184 2669 1275 2752 igitur
1291 2668 1372 2732 hane
1391 2670 1508 2734 humane

320 2779 498 2862 dignitatern
525 2786 649 2852 nature,
678 2779 716 2844 oh
745 2788 903 2863 peccatum
932 2780 1056 2863 originis
1080 2786 1110 2842 et
1130 2779 1307 2861 ignorancie
1328 2781 1469 2856 tenebris
1485 2783 1506 2840 et

320 2888 483 2953 carnalium
500 2909 643 2953 sensuum
659 2889 873 2952 iniectionibus
889 2889 1064 2961 involutam,
1095 2894 1142 2960 ut,
1172 2888 1277 2952 hausto
1294 2889 1430 2971 pristine
1448 2887 1501 2951 lucis
1554 2941 1556 2944 .

318 2997 420 3070 radio,
449 2999 486 3061 ad
504 2998 793 3081 contemplacionem
808 2999 872 3061 reri
887 2998 963 3070 Dei,
992 2999 1096 3062 solutis
1115 3017 1248 3060 errorum
1263 2997 1414 3070 vinculis,
1443 2996 1507 3061 reri-

317 3112 440 3191 peretur
462 3109 515 3195 e):
546 3128 601 3191 per
632 3108 821 3190 unigenitum
858 3128 960 3180 suum,
998 3112 1172 3170 coeternum
1205 3105 1262 3168 sihi
1294 3112 1325 3169 et
1358 3108 1507 3170 maiestate

318 3217 477 3300 potestatis
523 3218 676 3301 equalem,
727 3218 791 3280 sine
831 3215 1014 3300 inpassibilis
1062 3221 1092 3278 et
1134 3215 1306 3278 immortalis
1334 3215 1509 3298 ‚dionisus

319 3326 427 3389 iniuria
442 3326 616 3409 passibilem
634 3332 665 3390 ct
691 3327 847 3390 mortalem
879 3365 923 3375 -
956 3324 1093 3408 quoniam
1109 3325 1147 3411 s)
1178 3325 1328 3388 hominem
1346 3326 1510 3390 lactum—
1554 3403 1555 3408 ἵ

319 3435 401 3498 misit
442 3435 473 3498 in
517 3434 576 3497 fine
622 3436 793 3500 seculorum
834 3435 1003 3499 horninibus
1047 3433 1171 3497 verdum
1217 3433 1296 3506 vite,
1346 3454 1404 3517 per
1447 3433 1509 3496 illud

319 3543 393 3606 dans
421 3545 482 3616 eis,
512 3544 562 3628 qui
590 3563 607 3606 a
634 3544 699 3609 Deo
728 3547 845 3608 lucrant
873 3545 992 3608 alienati
1019 3565 1073 3627 per
1097 3544 1229 3626 culpam,
1257 3541 1335 3606 lilios
1363 3544 1423 3608 Dei
1451 3545 1508 3606 lieri

318 3652 426 3716 iteruin
440 3674 495 3736 per
508 3653 640 3736 graciam
656 3654 698 3739 p)
716 3662 746 3718 et
762 3655 799 3718 ad
815 3655 904 3718 vitam
923 3655 960 3717 de
977 3660 1073 3717 morte
1089 3653 1249 3716 transferri
1265 3654 1372 3718 mortis
1398 3653 1510 3737 legibus

319 3761 495 3827 absolutam.
528 3763 622 3827 Huius
651 3769 751 3827 autern
778 3763 863 3828 verbi
896 3763 1070 3847 mysterium
1097 3762 1177 3826 idern
1204 3762 1262 3825 Dei
1290 3762 1386 3835 lilius,
1415 3762 1505 3824 multis

318 3871 488 3935 ridentibus
511 3873 543 3935 in
571 3874 667 3937 celum
695 3878 881 3957 assumptus,
909 3873 986 3936 unde
1003 3873 1083 3957 solus
1107 3873 1171 3954 ipse
1200 3872 1422 3946 descenderat,
1449 3891 1501 3936 non

320 3979 542 4053 omnibussed
557 3981 758 4064 preordinatis
776 3982 813 4044 ad
830 3982 887 4044 hoc
904 3981 1090 4052 hominibus,
1114 3979 1267 4064 discipulis
1285 3980 1422 4055 scilicet,
1439 3999 1505 4066 quos

320 4108 397 4152 nore
413 4089 550 4153 doctrine
567 4090 665 4154 studio
683 4090 837 4160 inbucrat,
867 4089 1033 4172 delegarit;
1057 4090 1171 4171 prelato
1190 4089 1302 4152 ceteris
1320 4111 1395 4166 uno,
1422 4091 1504 4156 beato

411 4287 446 4356 a)
460 4293 488 4342 ct
499 4289 556 4342 sine
570 4289 765 4343 intermissione
779 4309 819 4344 arn
831 4291 931 4345 Raude.
948 4320 977 4329 -
994 4290 1024 4358 d)
1039 4290 1122 4362 llapn.
1136 4292 1189 4344 und
1203 4291 1346 4345 Bullariunr
1356 4293 1447 4364 ipsius,
1460 4307 1506 4344 aaa

322 4376 415 4430 isiaca
439 4377 502 4432 Sina
526 4379 592 4448 gibt.
611 4410 639 4418 ·-
661 4381 692 4449 c)
707 4399 764 4434 ren.
779 4399 820 4434 am
834 4381 924 4435 [lande
935 4381 965 4433 V.
982 4411 1014 4419 —
1030 4383 1066 4450 d)
1077 4383 1121 4452 qui
1136 4383 1163 4435 V.
1181 4412 1210 4421 —
1227 4384 1260 4452 e)
1281 4387 1420 4454 raperetur
1431 4385 1504 4453 ltayn.

326 4466 410 4609 -ιᾶᾕ
442 4485 519 4538 quern
532 4469 644 4532 v,tenlt
664 4471 863 4544 Rayn.u.Bnll.
882 4501 909 4511 -
924 4473 959 4543 9)
975 4472 1017 4524 fair
1031 4472 1418 4545 „pergratiam“potestatem
1430 4475 1503 4544 Rapa.

322 4573 340 4608 n
389 4557 455 4612 Bull.
