3108 5118
880 507 938 580 15.

442 647 604 730 Episcopus
623 649 653 713 ll.
671 651 801 732 principi
818 652 873 714 tall
890 669 979 733 supcr
996 649 1205 713 consolacione
1222 646 1365 711 defuncti.

805 772 998 844 reconna)

397 877 447 932 llio
460 877 578 949 Biocbof
587 886 681 934 trdstet
693 880 745 935 deu
759 880 847 954 Kduip
859 881 965 954 liudolf
973 882 1039 936 tiber
1052 883 1103 934 den
1120 877 1174 934 Tou
1186 878 1274 934 sanes
1291 875 1405 932 Solones.

389 985 561 1049 Audivimus
587 991 616 1048 ct
641 988 837 1052 conturbatus
863 994 909 1053 cst
933 994 1037 1052 venter
1061 990 1220 1072 noster1)‚
1250 1006 1266 1048 a
1291 1004 1369 1049 voce
1397 987 1499 1046 nostra

300 1091 377 1154 labia
394 1098 587 1158 tremuerunt.
621 1097 782 1162 Relacionc
799 1097 948 1182 siquidem
965 1098 1099 1161 veridica
1115 1096 1324 1180 cognovimus,
1351 1093 1435 1179 qnod
1452 1092 1498 1155 illa

279 1206 399 1290 ¹vestra
416 1204 661 1285 magnanimitas,
690 1206 803 1270 celebri
821 1207 966 1270 hactenus
985 1207 1124 1289 opinione
1141 1205 1317 1288 conspicua,
1349 1204 1382 1264 in
1405 1207 1498 1264 morte

299 1309 350 1371 srlii
373 1312 466 1374 vestri
489 1312 667 1377 mortificata
692 1319 792 1378 estet
817 1316 943 1398 quadam
969 1315 1097 1380 mollicie
1127 1313 1265 1378 muliebri
1296 1313 1498 1394 degenerans,

300 1419 461 1500 gemitibus
485 1421 643 1503 indulgens
661 1428 691 1487 et
713 1423 856 1496 lacrimis,
882 1424 1056 1488 reverencia
1080 1423 1165 1506 regie
1181 1421 1352 1485 maiestatis
1368 1420 1497 1490 abiecta,

300 1546 392 1609 super
407 1529 510 1593 vacuis
528 1529 679 1593 doloribus
697 1532 867 1596 intabescit.
885 1533 1004 1597 Doloris
1020 1533 1114 1615 igitur
1130 1531 1270 1595 allectum
1288 1529 1319 1592 in
1337 1529 1425 1592 vobis
1443 1548 1497 1591 non

300 1636 452 1718 arguimus
488 1639 541 1702 sed
576 1639 695 1703 dolendi
724 1662 894 1714 excessum,
924 1661 990 1706 cnm
1019 1642 1099 1724 pium
1130 1643 1169 1705 sit
1192 1640 1265 1702 llere
1291 1645 1498 1724 mortuumct

299 1745 469 1810 huiusmodi
494 1754 663 1813 mestuosos
687 1749 813 1814 allectus
838 1753 883 1814 lex
907 1758 1013 1816 rnaturc
1038 1754 1174 1816 videatur
1190 1750 1370 1816 naturaliter
1386 1749 1498 1811 indux-

299 1855 369 1918 isse.
414 1856 490 1920 Nam
512 1858 587 1931 lob,
618 1859 719 1924 audito
743 1849 864 1924 interitu
886 1860 1029 1934 filiorum,
1053 1862 1302 1925 vestimentorum
1319 1857 1494 1921 concisione

300 1970 330 2027 et
344 1966 520 2046 aspersione
536 1968 666 2049 pulveris
683 1968 741 2031 vim
759 1968 869 2032 doloris
886 1970 996 2053 legitur
1013 1971 1199 2052 expressisse
1210 1968 1248 2056 ²).
1266 1967 1386 2049 loseph
1404 1966 1496 2029 eciam

300 2093 367 2137 cum
396 2074 533 2139 omnibus
562 2076 705 2141 iratribus
734 2077 796 2140 suis
821 2083 851 2140 et
874 2077 1042 2142 senioribus
1069 2079 1174 2142 domus
1201 2077 1316 2141 israhel
1342 2077 1380 2139 dc
1406 2094 1496 2157 regno

182 2217 258 2258 m„
269 2183 462 2258 o,Pharaonis
486 2190 601 2266 patrem
626 2205 710 2250 suum
736 2187 849 2249 dellens
874 2193 1033 2259 mortuum,
1058 2188 1140 2251 venit
1163 2187 1200 2249 ad
1218 2205 1320 2250 aream
1339 2185 1381 2269 a)
1399 2193 1496 2248 trans-

294 2292 453 2375 jordanem
471 2299 502 2355 et
518 2298 633 2375 septem
650 2293 715 2357 dies
732 2315 825 2378 super
839 2300 934 2359 morte
959 2315 1013 2360 sua
1037 2297 1068 2358 in
1084 2295 1156 2359 lietu
1173 2315 1209 2358 ac
1226 2295 1341 2376 gemitu
1360 2294 1493 2377 comple·

299 2407 407 2465 verunt
416 2400 455 2488 ⁸).
464 2402 600 2466 Christus
608 2402 703 2466 eciam
711 2424 802 2486 super
810 2411 904 2468 morte
913 2405 1019 2468 Lazari
1031 2404 1172 2468 lacrimas
1180 2404 1292 2487 legitur
1299 2402 1447 2466 effudisse
1456 2403 1494 2490 ¹¹).

298 2510 430 2594 ideoque
445 2530 503 2573 non
520 2510 671 2584 miramur,
696 2511 721 2575 si
740 2512 914 2594 deplorandi
931 2513 1059 2591 tanti-ac
1075 2513 1145 2577 talis
1161 2513 1213 2576 lilii
1230 2515 1349 2584 funera,
1373 2512 1493 2594 pietatis

299 2620 437 2683 lacrimas
466 2619 623 2685 exhibetis.
656 2622 723 2685 Non
753 2621 832 2684 enim
860 2623 897 2686 de
926 2624 1043 2686 illorum
1071 2624 1163 2695 estis,
1192 2643 1249 2686 nec
1278 2643 1349 2686 esse
1378 2621 1493 2684 debetis

299 2751 440 2801 numero,
485 2732 522 2794 de
560 2730 668 2813 quibus
706 2731 781 2794 dicit
811 2731 956 2794 Dominus
987 2752 1043 2813 per
1073 2732 1267 2815 prophetam:
1314 2729 1490 2814 „percussi‘

298 2840 434 2928 inquit⁵)
455 2862 528 2916 „cos
542 2846 572 2903 et
584 2839 703 2902 minime
716 2841 908 2913 doluerunt“,
923 2848 953 2905 ct
964 2846 997 2904 ut
1008 2840 1109 2904 verbis
1116 2841 1175 2905 Job
1193 2845 1311 2904 utamur
1329 2840 1460 2904 dicentis
1469 2839 1492 2926 θ)

302 2970 379 3024 „noc
402 2950 545 3014 fortitudo
569 2949 675 3032 lapidis
700 2949 842 3012 fortitudo
866 2955 981 3024 vestra,
1005 2970 1062 3012 nee
1087 2969 1157 3013 caro
1182 2955 1282 3014 vestra
1307 2971 1387 3014 enea
1412 2955 1485 3012 est“.

300 3060 386 3124 Unde
410 3060 477 3143 quis
500 3061 559 3123 iste
576 3060 615 3123 sit
631 3059 750 3122 dolendi
766 3060 871 3122 modus
896 3081 934 3123 ne
958 3079 1012 3124 vos
1036 3061 1134 3142 rapiat
1155 3062 1233 3124 ultra
1256 3059 1390 3122 modum.
1426 3058 1491 3122 Dies

301 3170 378 3233 enim
395 3170 525 3232 bominis
541 3169 620 3233 sicut
637 3169 740 3232 umbra
756 3169 982 3257 pretereunt'1),
999 3170 1059 3234 vita
1078 3176 1126 3233 est
1143 3170 1240 3233 labilis
1254 3170 1337 3233 sicut
1351 3170 1452 3232 ionum
1467 3173 1492 3230 et

300 3284 366 3343 rota
381 3278 520 3342 volubilis
536 3298 685 3361 nunquam
702 3279 732 3341 in
749 3279 856 3342 eodem
873 3284 953 3343 statu
970 3280 1009 3366 b)
1025 3299 1226 3362 perseverans
1236 3278 1265 3366 ⁸)
1286 3285 1317 3342 et
1337 3278 1430 3342 nichil
1449 3285 1489 3339 est

300 3389 390 3459 aliud,
413 3407 502 3473 quam
526 3388 653 3472 quedam
678 3388 826 3452 serenitas
849 3388 1007 3472 hyemalis,
1033 3390 1102 3453 dnm
1126 3389 1187 3453 leta
1203 3389 1349 3452 inmiscet
1365 3387 1492 3451 tristibus

300 3504 331 3561 et
360 3499 428 3562 letis
459 3498 608 3560 interdum
640 3497 737 3561 tristia
768 3497 988 3579 preconfnudit.
1023 3498 1128 3561 Mortis
1161 3517 1291 3580 namque
1319 3501 1491 3578 argumento

300 3606 473 3671 neccssaria
491 3612 538 3669 est
553 3605 740 3688 proposicio,
765 3606 850 3669 cuius
867 3607 1093 3670 conclusionem
1110 3625 1196 3669 nemo
1213 3610 1276 3669 tam
1294 3607 1423 3678 doctus,
1446 3604 1490 3687 qui

391 3732 425 3803 a)
438 3733 544 3787 arebam
556 3733 585 3785 V.
600 3749 688 3786 arcam
702 3734 730 3788 Z.
743 3763 777 3771 —
791 3731 823 3799 b)
837 3733 948 3786 termino
962 3732 989 3784 Z.

329 3955 352 4014 1)
371 3956 457 4000 Tbccni
472 3955 494 4010 l,
506 3955 544 3999 ²0.

328 4035 350 4095 ²)
368 4037 412 4081 «loll
427 4038 449 4092 l,
461 4037 499 4081 20.

327 4115 352 4177 ³)
371 4121 454 4165 Genes.
467 4119 509 4173 50,
524 4119 561 4162 lo.

326 4201 351 4256 ⁴)
369 4202 409 4245 llv.
422 4211 470 4244 sec.
484 4202 595 4244 loannem
607 4213 628 4242 c.
643 4199 679 4244 ll.

329 4280 353 4339 ὅ)
370 4284 454 4327 berem.
467 4283 491 4334 2,
503 4283 528 4326 3.

328 4364 353 4422 θ)
370 4365 415 4409 lob
426 4366 450 4417 6,
466 4365 502 4408 12.

327 4443 351 4503 ²)
368 4446 442 4490 Psclm
456 4443 511 4497 143,
523 4443 546 4488 l.

329 4524 501 4584 UMOEQ
