<?xml version="1.0" encoding="UTF-8"?>
<!DOCTYPE html PUBLIC "-//W3C//DTD XHTML 1.0 Transitional//EN"
    "http://www.w3.org/TR/xhtml1/DTD/xhtml1-transitional.dtd">
<html xmlns="http://www.w3.org/1999/xhtml" xml:lang="en" lang="en">
 <head>
  <title>
</title>
<meta http-equiv="Content-Type" content="text/html;charset=utf-8" />
  <meta name='ocr-system' content='tesseract 3.04.00' />
  <meta name='ocr-capabilities' content='ocr_page ocr_carea ocr_par ocr_line ocrx_word'/>
</head>
<body>
  <div class='ocr_page' id='page_1' title='image "./fontesrerumaust01kommgoog_0122.png"; bbox 0 0 3116 5124; ppageno 0'>
   <div class='ocr_carea' id='block_1_1' title="bbox 1175 309 1226 380">
    <p class='ocr_par' dir='ltr' id='par_1_1' title="bbox 1175 309 1226 380">
     <span class='ocr_line' id='line_1_1' title="bbox 1175 309 1226 380; baseline -0.059 0"><span class='ocrx_word' id='word_1_1' title='bbox 1175 309 1226 380; x_wconf 71' lang='lat'>93</span> 
     </span>
    </p>
   </div>
   <div class='ocr_carea' id='block_1_2' title="bbox 56 482 1236 1234">
    <p class='ocr_par' dir='ltr' id='par_1_2' title="bbox 56 482 1236 1234">
     <span class='ocr_line' id='line_1_2' title="bbox 58 482 1233 564; baseline -0.017 -1"><span class='ocrx_word' id='word_1_2' title='bbox 58 495 228 562; x_wconf 75' lang='lat' dir='ltr'>mortalitatis</span> <span class='ocrx_word' id='word_1_3' title='bbox 252 495 286 559; x_wconf 70' lang='lat' dir='ltr'>in</span> <span class='ocrx_word' id='word_1_4' title='bbox 310 495 400 558; x_wconf 72' lang='lat' dir='ltr'>tomis</span> <span class='ocrx_word' id='word_1_5' title='bbox 428 494 513 558; x_wconf 76' lang='lat' dir='ltr'>maus</span> <span class='ocrx_word' id='word_1_6' title='bbox 534 499 581 556; x_wconf 90' lang='lat' dir='ltr'>est</span> <span class='ocrx_word' id='word_1_7' title='bbox 603 497 723 556; x_wconf 89' lang='lat' dir='ltr'>etcum</span> <span class='ocrx_word' id='word_1_8' title='bbox 745 489 916 554; x_wconf 85' lang='lat' dir='ltr'>luminibus</span> <span class='ocrx_word' id='word_1_9' title='bbox 938 490 1154 554; x_wconf 85' lang='lat' dir='ltr'>conversatus,</span> <span class='ocrx_word' id='word_1_10' title='bbox 1182 482 1233 564; x_wconf 88' lang='lat' dir='ltr'>qui</span> 
     </span>
     <span class='ocr_line' id='line_1_3' title="bbox 56 593 1234 685; baseline -0.015 -16"><span class='ocrx_word' id='word_1_11' title='bbox 56 604 173 675; x_wconf 73' lang='lat' dir='ltr'>undem,</span> <span class='ocrx_word' id='word_1_12' title='bbox 187 608 339 668; x_wconf 78' lang='lat' dir='ltr'>munstre</span> <span class='ocrx_word' id='word_1_13' title='bbox 353 602 504 666; x_wconf 76' lang='lat' dir='ltr'>servimus</span> <span class='ocrx_word' id='word_1_14' title='bbox 521 600 744 685; x_wconf 68' lang='lat' dir='ltr'>cyrographum</span> <span class='ocrx_word' id='word_1_15' title='bbox 760 619 816 662; x_wconf 88' lang='lat' dir='ltr'>suo</span> <span class='ocrx_word' id='word_1_16' title='bbox 833 597 979 678; x_wconf 78' lang='lat' dir='ltr'>sanguine</span> <span class='ocrx_word' id='word_1_17' title='bbox 996 593 1180 657; x_wconf 84' lang='lat' dir='ltr'>cancellaret</span> <span class='ocrx_word' id='word_1_18' title='bbox 1203 595 1234 651; x_wconf 85' lang='lat' dir='ltr'>et</span> 
     </span>
     <span class='ocr_line' id='line_1_4' title="bbox 58 690 1236 796; baseline -0.015 -18"><span class='ocrx_word' id='word_1_19' title='bbox 58 735 107 796; x_wconf 86' lang='lat' dir='ltr'>por</span> <span class='ocrx_word' id='word_1_20' title='bbox 118 715 308 796; x_wconf 72' lang='lat' dir='ltr'>temporalem</span> <span class='ocrx_word' id='word_1_21' title='bbox 320 719 447 778; x_wconf 78' lang='lat' dir='ltr'>mortem</span> <span class='ocrx_word' id='word_1_22' title='bbox 462 713 565 793; x_wconf 79' lang='lat' dir='ltr'>legem</span> <span class='ocrx_word' id='word_1_23' title='bbox 578 711 682 775; x_wconf 83' lang='lat' dir='ltr'>mortis</span> <span class='ocrx_word' id='word_1_24' title='bbox 699 709 838 774; x_wconf 76' lang='lat' dir='ltr'>adoleret</span> <span class='ocrx_word' id='word_1_25' title='bbox 857 714 973 778; x_wconf 88' lang='lat' dir='ltr'>eterne,</span> <span class='ocrx_word' id='word_1_26' title='bbox 995 690 1055 768; x_wconf 82' lang='lat' dir='ltr'>n&#39;on</span> <span class='ocrx_word' id='word_1_27' title='bbox 1076 700 1236 765; x_wconf 73' lang='lat' dir='ltr'><strong>declinavit</strong></span> 
     </span>
     <span class='ocr_line' id='line_1_5' title="bbox 58 808 1234 905; baseline -0.013 -19"><span class='ocrx_word' id='word_1_28' title='bbox 58 823 342 905; x_wconf 61' lang='lat' dir='ltr'>asperemound</span> <span class='ocrx_word' id='word_1_29' title='bbox 357 823 503 887; x_wconf 82' lang='lat' dir='ltr'>subtraxit</span> <span class='ocrx_word' id='word_1_30' title='bbox 518 821 646 893; x_wconf 84' lang='lat' dir='ltr'>iniuriis,</span> <span class='ocrx_word' id='word_1_31' title='bbox 671 820 724 883; x_wconf 87' lang='lat' dir='ltr'>sed</span> <span class='ocrx_word' id='word_1_32' title='bbox 742 818 827 882; x_wconf 81' lang='lat' dir='ltr'>cruci</span> <span class='ocrx_word' id='word_1_33' title='bbox 843 839 878 880; x_wconf 89' lang='lat' dir='ltr'>se</span> <span class='ocrx_word' id='word_1_34' title='bbox 894 815 1001 880; x_wconf 87' lang='lat' dir='ltr'>obtulit</span> <span class='ocrx_word' id='word_1_35' title='bbox 1023 818 1054 876; x_wconf 89' lang='lat' dir='ltr'>et</span> <span class='ocrx_word' id='word_1_36' title='bbox 1069 808 1234 875; x_wconf 84' lang='lat' dir='ltr'>crucianti-</span> 
     </span>
     <span class='ocr_line' id='line_1_6' title="bbox 59 919 1235 997; baseline -0.014 -1"><span class='ocrx_word' id='word_1_37' title='bbox 59 931 108 996; x_wconf 77' lang='lat' dir='ltr'>tus</span> <span class='ocrx_word' id='word_1_38' title='bbox 127 933 204 996; x_wconf 80' lang='lat' dir='ltr'>ultro</span> <span class='ocrx_word' id='word_1_39' title='bbox 218 933 314 996; x_wconf 75' lang='lat' dir='ltr'>dedit</span> <span class='ocrx_word' id='word_1_40' title='bbox 344 933 433 997; x_wconf 82' lang='lat' dir='ltr'>Unde</span> <span class='ocrx_word' id='word_1_41' title='bbox 447 927 614 996; x_wconf 61' lang='lat' dir='ltr'>ad&#39;tllrristi</span> <span class='ocrx_word' id='word_1_42' title='bbox 636 949 771 993; x_wconf 85' lang='lat' dir='ltr'>mensam</span> <span class='ocrx_word' id='word_1_43' title='bbox 786 927 885 990; x_wconf 81' lang='lat' dir='ltr'>vocati</span> <span class='ocrx_word' id='word_1_44' title='bbox 903 923 1075 988; x_wconf 73' lang='lat' dir='ltr'>christicole</span> <span class='ocrx_word' id='word_1_45' title='bbox 1093 921 1118 983; x_wconf 93' lang='lat' dir='ltr'>si</span> <span class='ocrx_word' id='word_1_46' title='bbox 1135 919 1235 982; x_wconf 80' lang='lat' dir='ltr'>consi-</span> 
     </span>
     <span class='ocr_line' id='line_1_7' title="bbox 59 1025 1235 1122; baseline -0.014 -20"><span class='ocrx_word' id='word_1_47' title='bbox 59 1041 149 1104; x_wconf 88' lang='lat' dir='ltr'>derare</span> <span class='ocrx_word' id='word_1_48' title='bbox 174 1041 265 1104; x_wconf 80' lang='lat' dir='ltr'>velint</span> <span class='ocrx_word' id='word_1_49' title='bbox 281 1041 429 1122; x_wconf 80' lang='lat' dir='ltr'>opposita,</span> <span class='ocrx_word' id='word_1_50' title='bbox 453 1045 486 1105; x_wconf 79' lang='lat' dir='ltr'>et</span> <span class='ocrx_word' id='word_1_51' title='bbox 505 1045 539 1102; x_wconf 87' lang='lat' dir='ltr'>ut</span> <span class='ocrx_word' id='word_1_52' title='bbox 558 1037 617 1120; x_wconf 90' lang='lat' dir='ltr'>ipsi</span> <span class='ocrx_word' id='word_1_53' title='bbox 640 1036 748 1100; x_wconf 76' lang='lat' dir='ltr'>similia</span> <span class='ocrx_word' id='word_1_54' title='bbox 764 1038 942 1118; x_wconf 79' lang='lat' dir='ltr'>preparent,</span> <span class='ocrx_word' id='word_1_55' title='bbox 971 1031 1010 1095; x_wconf 87' lang='lat' dir='ltr'>ad</span> <span class='ocrx_word' id='word_1_56' title='bbox 1027 1027 1127 1092; x_wconf 86' lang='lat' dir='ltr'>crucis</span> <span class='ocrx_word' id='word_1_57' title='bbox 1144 1025 1235 1087; x_wconf 78' lang='lat' dir='ltr'>olose-</span> 
     </span>
     <span class='ocr_line' id='line_1_8' title="bbox 60 1140 1075 1234; baseline -0.013 -22"><span class='ocrx_word' id='word_1_58' title='bbox 60 1149 147 1234; x_wconf 91' lang='lat' dir='ltr'>quium</span> <span class='ocrx_word' id='word_1_59' title='bbox 163 1170 220 1213; x_wconf 90' lang='lat' dir='ltr'>uon</span> <span class='ocrx_word' id='word_1_60' title='bbox 237 1155 354 1213; x_wconf 86' lang='lat' dir='ltr'>tautum</span> <span class='ocrx_word' id='word_1_61' title='bbox 371 1168 463 1212; x_wconf 90' lang='lat' dir='ltr'>cruce</span> <span class='ocrx_word' id='word_1_62' title='bbox 480 1146 601 1229; x_wconf 87' lang='lat' dir='ltr'>signati,</span> <span class='ocrx_word' id='word_1_63' title='bbox 619 1145 673 1208; x_wconf 90' lang='lat' dir='ltr'>sed</span> <span class='ocrx_word' id='word_1_64' title='bbox 681 1169 699 1206; x_wconf 86' lang='lat' dir='ltr'>o</span> <span class='ocrx_word' id='word_1_65' title='bbox 696 1149 723 1230; x_wconf 87' lang='lat'><em>)</em></span> <span class='ocrx_word' id='word_1_66' title='bbox 742 1142 837 1206; x_wconf 90' lang='lat' dir='ltr'>etalii</span> <span class='ocrx_word' id='word_1_67' title='bbox 854 1163 888 1204; x_wconf 92' lang='lat' dir='ltr'>se</span> <span class='ocrx_word' id='word_1_68' title='bbox 904 1140 1075 1222; x_wconf 83' lang='lat' dir='ltr'>accingunt.</span> 
     </span>
    </p>
   </div>
   <div class='ocr_carea' id='block_1_3' title="bbox 398 1309 888 1518">
    <p class='ocr_par' dir='ltr' id='par_1_3' title="bbox 398 1309 888 1518">
     <span class='ocr_line' id='line_1_9' title="bbox 398 1309 888 1433; baseline -0.014 -20"><span class='ocrx_word' id='word_1_69' title='bbox 398 1428 400 1433; x_wconf 21' lang='grc' dir='ltr'>Ι</span> <span class='ocrx_word' id='word_1_70' title='bbox 444 1350 486 1412; x_wconf 87' lang='lat' dir='ltr'>lle</span> <span class='ocrx_word' id='word_1_71' title='bbox 502 1347 697 1430; x_wconf 74' lang='lat' dir='ltr'>temperanda</span> <span class='ocrx_word' id='word_1_72' title='bbox 711 1345 841 1410; x_wconf 78' lang='lat' dir='ltr'>lustlele.</span> <span class='ocrx_word' id='word_1_73' title='bbox 887 1309 888 1313; x_wconf 7' lang='grc' dir='ltr'><strong>Ἰ</strong></span> 
     </span>
     <span class='ocr_line' id='line_1_10' title="bbox 554 1471 736 1518; baseline -0.011 -2"><span class='ocrx_word' id='word_1_74' title='bbox 554 1472 682 1518; x_wconf 72' lang='lat' dir='ltr'>cretenau</span> <span class='ocrx_word' id='word_1_75' title='bbox 699 1471 736 1516; x_wconf 82' lang='lat' dir='ltr'>rx.</span> 
     </span>
    </p>
   </div>
   <div class='ocr_carea' id='block_1_4' title="bbox 13 1599 1353 2550">
    <p class='ocr_par' dir='ltr' id='par_1_4' title="bbox 59 1599 1353 2020">
     <span class='ocr_line' id='line_1_11' title="bbox 137 1599 1353 1692; baseline -0.02 -15"><span class='ocrx_word' id='word_1_76' title='bbox 137 1611 181 1675; x_wconf 73' lang='lat' dir='ltr'>ud</span> <span class='ocrx_word' id='word_1_77' title='bbox 202 1611 264 1675; x_wconf 80' lang='lat' dir='ltr'>hee</span> <span class='ocrx_word' id='word_1_78' title='bbox 285 1611 367 1676; x_wconf 76' lang='lat' dir='ltr'>Deus</span> <span class='ocrx_word' id='word_1_79' title='bbox 389 1610 423 1672; x_wconf 86' lang='lat' dir='ltr'>in</span> <span class='ocrx_word' id='word_1_80' title='bbox 442 1609 520 1673; x_wconf 79' lang='lat' dir='ltr'>sede</span> <span class='ocrx_word' id='word_1_81' title='bbox 539 1607 708 1692; x_wconf 84' lang='lat' dir='ltr'>apostoliea</span> <span class='ocrx_word' id='word_1_82' title='bbox 729 1603 887 1668; x_wconf 80' lang='lat' dir='ltr'>coustituit</span> <span class='ocrx_word' id='word_1_83' title='bbox 907 1599 1123 1684; x_wconf 67' lang='lat' dir='ltr'>plenitudinem</span> <span class='ocrx_word' id='word_1_84' title='bbox 1153 1599 1242 1676; x_wconf 77' lang='lat' dir='ltr'>pete-</span> <span class='ocrx_word' id='word_1_85' title='bbox 1348 1635 1353 1646; x_wconf 85' lang='lat'><strong>.</strong></span> 
     </span>
     <span class='ocr_line' id='line_1_12' title="bbox 64 1701 1242 1802; baseline -0.017 -20"><span class='ocrx_word' id='word_1_86' title='bbox 64 1713 154 1792; x_wconf 83' lang='lat' dir='ltr'>alatis,</span> <span class='ocrx_word' id='word_1_87' title='bbox 169 1721 376 1784; x_wconf 76' lang='lat' dir='ltr'>mllcrnamrs</span> <span class='ocrx_word' id='word_1_88' title='bbox 392 1719 547 1802; x_wconf 78' lang='lat' dir='ltr'>pontifex,</span> <span class='ocrx_word' id='word_1_89' title='bbox 570 1717 623 1801; x_wconf 86' lang='lat' dir='ltr'>qui</span> <span class='ocrx_word' id='word_1_90' title='bbox 645 1717 745 1779; x_wconf 83' lang='lat' dir='ltr'>claves</span> <span class='ocrx_word' id='word_1_91' title='bbox 767 1714 798 1776; x_wconf 90' lang='lat' dir='ltr'>in</span> <span class='ocrx_word' id='word_1_92' title='bbox 819 1713 908 1776; x_wconf 84' lang='lat' dir='ltr'>heato</span> <span class='ocrx_word' id='word_1_93' title='bbox 924 1709 1012 1774; x_wconf 78' lang='lat' dir='ltr'>Petro</span> <span class='ocrx_word' id='word_1_94' title='bbox 1035 1701 1198 1789; x_wconf 78' lang='lat' dir='ltr'>potestatis</span> <span class='ocrx_word' id='word_1_95' title='bbox 1212 1705 1242 1762; x_wconf 88' lang='lat' dir='ltr'>et</span> 
     </span>
     <span class='ocr_line' id='line_1_13' title="bbox 59 1810 1249 1910; baseline -0.018 -16"><span class='ocrx_word' id='word_1_96' title='bbox 59 1828 246 1892; x_wconf 68' lang='lat' dir='ltr'>dileccionis</span> <span class='ocrx_word' id='word_1_97' title='bbox 270 1827 406 1910; x_wconf 76' lang='lat' dir='ltr'>accepit,</span> <span class='ocrx_word' id='word_1_98' title='bbox 434 1845 515 1890; x_wconf 82' lang='lat' dir='ltr'>nune</span> <span class='ocrx_word' id='word_1_99' title='bbox 538 1827 669 1907; x_wconf 71' lang='lat' dir='ltr'>rigorea</span> <span class='ocrx_word' id='word_1_100' title='bbox 691 1827 847 1894; x_wconf 72' lang='lat' dir='ltr'>exerceat,</span> <span class='ocrx_word' id='word_1_101' title='bbox 875 1837 955 1883; x_wconf 88' lang='lat' dir='ltr'>nunc</span> <span class='ocrx_word' id='word_1_102' title='bbox 983 1810 1249 1880; x_wconf 75' lang='lat' dir='ltr'>mansuetudinem-</span> 
     </span>
     <span class='ocr_line' id='line_1_14' title="bbox 68 1929 1317 2020; baseline -0.012 -18"><span class='ocrx_word' id='word_1_103' title='bbox 68 1944 228 2020; x_wconf 76' lang='lat' dir='ltr'>mtapouat,</span> <span class='ocrx_word' id='word_1_104' title='bbox 239 1935 479 2000; x_wconf 76' lang='lat' dir='ltr'>auseneerdian</span> <span class='ocrx_word' id='word_1_105' title='bbox 496 1953 618 2016; x_wconf 88' lang='lat' dir='ltr'>semper</span> <span class='ocrx_word' id='word_1_106' title='bbox 632 1933 748 1997; x_wconf 80' lang='lat' dir='ltr'>iudicio</span> <span class='ocrx_word' id='word_1_107' title='bbox 759 1929 951 2014; x_wconf 81' lang='lat' dir='ltr'>preferendo.</span> <span class='ocrx_word' id='word_1_108' title='bbox 1027 1971 1029 1976; x_wconf 83' lang='lat'><em>.</em></span> <span class='ocrx_word' id='word_1_109' title='bbox 1070 1979 1074 1988; x_wconf 86' lang='lat'>.</span> <span class='ocrx_word' id='word_1_110' title='bbox 1315 1982 1317 1987; x_wconf 90' lang='lat'><em>.</em></span> 
     </span>
    </p>

    <p class='ocr_par' dir='ltr' id='par_1_5' title="bbox 13 2033 1305 2550">
     <span class='ocr_line' id='line_1_15' title="bbox 143 2033 1305 2134; baseline -0.022 -20"><span class='ocrx_word' id='word_1_111' title='bbox 143 2048 226 2114; x_wconf 70' lang='lat' dir='ltr'>Item</span> <span class='ocrx_word' id='word_1_112' title='bbox 240 2045 292 2134; x_wconf 72' lang='lat' dir='ltr'>l).</span> <span class='ocrx_word' id='word_1_113' title='bbox 325 2045 426 2110; x_wconf 80' lang='lat' dir='ltr'>Archa</span> <span class='ocrx_word' id='word_1_114' title='bbox 454 2043 584 2114; x_wconf 84' lang='lat' dir='ltr'>federis,</span> <span class='ocrx_word' id='word_1_115' title='bbox 628 2060 687 2125; x_wconf 90' lang='lat' dir='ltr'>que</span> <span class='ocrx_word' id='word_1_116' title='bbox 727 2041 843 2122; x_wconf 79' lang='lat' dir='ltr'>virgam</span> <span class='ocrx_word' id='word_1_117' title='bbox 874 2033 1048 2100; x_wconf 83' lang='lat' dir='ltr'>continebat</span> <span class='ocrx_word' id='word_1_118' title='bbox 1078 2036 1109 2094; x_wconf 87' lang='lat' dir='ltr'>et</span> <span class='ocrx_word' id='word_1_119' title='bbox 1136 2043 1244 2112; x_wconf 84' lang='lat' dir='ltr'>manna</span> <span class='ocrx_word' id='word_1_120' title='bbox 1301 2041 1305 2050; x_wconf 90' lang='lat'>·</span> 
     </span>
     <span class='ocr_line' id='line_1_16' title="bbox 65 2135 1243 2238; baseline -0.019 -20"><span class='ocrx_word' id='word_1_121' title='bbox 65 2162 127 2237; x_wconf 85' lang='lat' dir='ltr'>pect</span> <span class='ocrx_word' id='word_1_122' title='bbox 142 2177 161 2219; x_wconf 86' lang='lat' dir='ltr'>s</span> <span class='ocrx_word' id='word_1_123' title='bbox 178 2154 304 2238; x_wconf 82' lang='lat' dir='ltr'>providi</span> <span class='ocrx_word' id='word_1_124' title='bbox 324 2153 492 2238; x_wconf 71' lang='lat' dir='ltr'>prefigrnut</span> <span class='ocrx_word' id='word_1_125' title='bbox 511 2152 659 2236; x_wconf 80' lang='lat' dir='ltr'>pastoris,</span> <span class='ocrx_word' id='word_1_126' title='bbox 705 2151 737 2214; x_wconf 89' lang='lat' dir='ltr'>in</span> <span class='ocrx_word' id='word_1_127' title='bbox 760 2168 821 2232; x_wconf 88' lang='lat' dir='ltr'>quo</span> <span class='ocrx_word' id='word_1_128' title='bbox 841 2147 929 2228; x_wconf 83' lang='lat' dir='ltr'>rigor·</span> <span class='ocrx_word' id='word_1_129' title='bbox 946 2141 1070 2207; x_wconf 76' lang='lat' dir='ltr'>iusticie</span> <span class='ocrx_word' id='word_1_130' title='bbox 1090 2144 1120 2202; x_wconf 86' lang='lat' dir='ltr'>et</span> <span class='ocrx_word' id='word_1_131' title='bbox 1134 2135 1243 2199; x_wconf 85' lang='lat' dir='ltr'>lenitas</span> 
     </span>
     <span class='ocr_line' id='line_1_17' title="bbox 64 2246 1248 2346; baseline -0.019 -18"><span class='ocrx_word' id='word_1_132' title='bbox 64 2265 269 2329; x_wconf 74' lang='lat' dir='ltr'>misericordie</span> <span class='ocrx_word' id='word_1_133' title='bbox 291 2263 409 2346; x_wconf 86' lang='lat' dir='ltr'>puriter</span> <span class='ocrx_word' id='word_1_134' title='bbox 435 2263 642 2334; x_wconf 81' lang='lat' dir='ltr'>continentur,</span> <span class='ocrx_word' id='word_1_135' title='bbox 679 2267 712 2323; x_wconf 90' lang='lat' dir='ltr'>ut</span> <span class='ocrx_word' id='word_1_136' title='bbox 739 2259 821 2343; x_wconf 89' lang='lat' dir='ltr'>quod</span> <span class='ocrx_word' id='word_1_137' title='bbox 849 2273 928 2340; x_wconf 84' lang='lat' dir='ltr'>pena</span> <span class='ocrx_word' id='word_1_138' title='bbox 957 2254 1121 2332; x_wconf 75' lang='lat' dir='ltr'>exaggerat</span> <span class='ocrx_word' id='word_1_139' title='bbox 1147 2246 1248 2328; x_wconf 86' lang='lat' dir='ltr'>pietas</span> 
     </span>
     <span class='ocr_line' id='line_1_18' title="bbox 13 2345 1247 2451; baseline -0.024 -7"><span class='ocrx_word' id='word_1_140' title='bbox 13 2387 14 2398; x_wconf 57' lang='lat'><em>³</em></span> <span class='ocrx_word' id='word_1_141' title='bbox 63 2375 144 2444; x_wconf 73' lang='lat' dir='ltr'>leniet</span> <span class='ocrx_word' id='word_1_142' title='bbox 158 2345 830 2451; x_wconf 66' lang='lat' dir='ltr'>serenicirestauradaneremeoitimusa</span> <span class='ocrx_word' id='word_1_143' title='bbox 847 2367 1034 2448; x_wconf 71' lang='lat' dir='ltr'>posternam</span> <span class='ocrx_word' id='word_1_144' title='bbox 1054 2358 1120 2420; x_wconf 85' lang='lat' dir='ltr'>oleo</span> <span class='ocrx_word' id='word_1_145' title='bbox 1142 2355 1247 2418; x_wconf 89' lang='lat' dir='ltr'>vulne-</span> 
     </span>
     <span class='ocr_line' id='line_1_19' title="bbox 13 2483 293 2550; baseline -0.018 -1"><span class='ocrx_word' id='word_1_146' title='bbox 13 2493 14 2496; x_wconf 76' lang='grc'>’</span> <span class='ocrx_word' id='word_1_147' title='bbox 63 2483 137 2550; x_wconf 72' lang='lat' dir='ltr'>idm</span> <span class='ocrx_word' id='word_1_148' title='bbox 152 2483 293 2548; x_wconf 63' lang='lat' dir='ltr'>cariati„</span> 
     </span>
    </p>
   </div>
   <div class='ocr_carea' id='block_1_5' title="bbox 416 2677 884 2765">
    <p class='ocr_par' dir='ltr' id='par_1_6' title="bbox 416 2677 884 2765">
     <span class='ocr_line' id='line_1_20' title="bbox 416 2677 884 2765; baseline -0.017 -19"><span class='ocrx_word' id='word_1_149' title='bbox 416 2684 458 2748; x_wconf 82' lang='lat' dir='ltr'>lte</span> <span class='ocrx_word' id='word_1_150' title='bbox 475 2685 554 2747; x_wconf 76' lang='lat' dir='ltr'>lem</span> <span class='ocrx_word' id='word_1_151' title='bbox 570 2683 655 2765; x_wconf 79' lang='lat' dir='ltr'>pects</span> <span class='ocrx_word' id='word_1_152' title='bbox 669 2684 701 2744; x_wconf 82' lang='lat' dir='ltr'>et</span> <span class='ocrx_word' id='word_1_153' title='bbox 716 2677 884 2742; x_wconf 75' lang='lat' dir='ltr'>eaucerdle.</span> 
     </span>
    </p>
   </div>
   <div class='ocr_carea' id='block_1_6' title="bbox 68 2831 1257 3368">
    <p class='ocr_par' dir='ltr' id='par_1_7' title="bbox 68 2831 1257 3368">
     <span class='ocr_line' id='line_1_21' title="bbox 146 2831 1254 2927; baseline -0.023 -17"><span class='ocrx_word' id='word_1_154' title='bbox 146 2847 228 2910; x_wconf 91' lang='lat' dir='ltr'>luter</span> <span class='ocrx_word' id='word_1_155' title='bbox 259 2844 431 2916; x_wconf 86' lang='lat' dir='ltr'>commoda,</span> <span class='ocrx_word' id='word_1_156' title='bbox 463 2864 521 2927; x_wconf 90' lang='lat' dir='ltr'>que</span> <span class='ocrx_word' id='word_1_157' title='bbox 550 2841 587 2906; x_wconf 86' lang='lat' dir='ltr'>de</span> <span class='ocrx_word' id='word_1_158' title='bbox 616 2861 693 2924; x_wconf 84' lang='lat' dir='ltr'>pace</span> <span class='ocrx_word' id='word_1_159' title='bbox 715 2838 910 2922; x_wconf 84' lang='lat' dir='ltr'>proveniunt,</span> <span class='ocrx_word' id='word_1_160' title='bbox 937 2833 970 2895; x_wconf 89' lang='lat' dir='ltr'>id</span> <span class='ocrx_word' id='word_1_161' title='bbox 991 2831 1162 2894; x_wconf 91' lang='lat' dir='ltr'>metitantes</span> <span class='ocrx_word' id='word_1_162' title='bbox 1186 2845 1254 2887; x_wconf 92' lang='lat' dir='ltr'>esse</span> 
     </span>
     <span class='ocr_line' id='line_1_22' title="bbox 68 2933 1255 3039; baseline -0.02 -21"><span class='ocrx_word' id='word_1_163' title='bbox 68 2957 259 3038; x_wconf 88' lang='lat' dir='ltr'>potissimum,</span> <span class='ocrx_word' id='word_1_164' title='bbox 287 2954 368 3038; x_wconf 92' lang='lat' dir='ltr'>quod</span> <span class='ocrx_word' id='word_1_165' title='bbox 395 2952 518 3039; x_wconf 83' lang='lat' dir='ltr'>pacifici</span> <span class='ocrx_word' id='word_1_166' title='bbox 543 2933 706 3015; x_wconf 81' lang='lat' dir='ltr'>censentur</span> <span class='ocrx_word' id='word_1_167' title='bbox 733 2956 764 3013; x_wconf 91' lang='lat' dir='ltr'>et</span> <span class='ocrx_word' id='word_1_168' title='bbox 790 2952 860 3011; x_wconf 90' lang='lat' dir='ltr'>sunt</span> <span class='ocrx_word' id='word_1_169' title='bbox 882 2945 919 3008; x_wconf 92' lang='lat' dir='ltr'>de</span> <span class='ocrx_word' id='word_1_170' title='bbox 942 2960 1065 3006; x_wconf 90' lang='lat' dir='ltr'>numero</span> <span class='ocrx_word' id='word_1_171' title='bbox 1087 2937 1255 3006; x_wconf 84' lang='lat' dir='ltr'>beatorum,</span> 
     </span>
     <span class='ocr_line' id='line_1_23' title="bbox 69 3047 1256 3152; baseline -0.02 -24"><span class='ocrx_word' id='word_1_172' title='bbox 69 3064 187 3130; x_wconf 79' lang='lat' dir='ltr'>libenter</span> <span class='ocrx_word' id='word_1_173' title='bbox 203 3053 252 3152; x_wconf 66' lang='grc' dir='ltr'>ε]</span> <span class='ocrx_word' id='word_1_174' title='bbox 278 3084 367 3149; x_wconf 86' lang='lat' dir='ltr'>quam</span> <span class='ocrx_word' id='word_1_175' title='bbox 393 3083 554 3148; x_wconf 87' lang='lat' dir='ltr'>possumus</span> <span class='ocrx_word' id='word_1_176' title='bbox 583 3062 688 3125; x_wconf 89' lang='lat' dir='ltr'>damus</span> <span class='ocrx_word' id='word_1_177' title='bbox 720 3077 858 3142; x_wconf 82' lang='lat' dir='ltr'>operam,</span> <span class='ocrx_word' id='word_1_178' title='bbox 903 3047 1152 3138; x_wconf 85' lang='lat' dir='ltr'>quemadmodum</span> <span class='ocrx_word' id='word_1_179' title='bbox 1183 3061 1256 3116; x_wconf 87' lang='lat' dir='ltr'>cura</span> 
     </span>
     <span class='ocr_line' id='line_1_24' title="bbox 70 3151 1253 3258; baseline -0.022 -20"><span class='ocrx_word' id='word_1_180' title='bbox 70 3174 218 3256; x_wconf 84' lang='lat' dir='ltr'>pastoralis</span> <span class='ocrx_word' id='word_1_181' title='bbox 249 3171 341 3237; x_wconf 82' lang='lat' dir='ltr'>oflicii</span> <span class='ocrx_word' id='word_1_182' title='bbox 357 3173 399 3258; x_wconf 78' lang='lat' dir='ltr'>d)</span> <span class='ocrx_word' id='word_1_183' title='bbox 416 3172 557 3256; x_wconf 88' lang='lat' dir='ltr'>requirit,</span> <span class='ocrx_word' id='word_1_184' title='bbox 586 3170 681 3253; x_wconf 93' lang='lat' dir='ltr'>quod,</span> <span class='ocrx_word' id='word_1_185' title='bbox 709 3169 775 3251; x_wconf 90' lang='lat' dir='ltr'>ipso</span> <span class='ocrx_word' id='word_1_186' title='bbox 791 3168 856 3230; x_wconf 91' lang='lat' dir='ltr'>Deo</span> <span class='ocrx_word' id='word_1_187' title='bbox 872 3161 1025 3247; x_wconf 86' lang='lat' dir='ltr'>propicio,</span> <span class='ocrx_word' id='word_1_188' title='bbox 1052 3159 1132 3220; x_wconf 89' lang='lat' dir='ltr'>inter</span> <span class='ocrx_word' id='word_1_189' title='bbox 1154 3151 1253 3216; x_wconf 87' lang='lat' dir='ltr'>omnia</span> 
     </span>
     <span class='ocr_line' id='line_1_25' title="bbox 71 3258 1257 3368; baseline -0.023 -21"><span class='ocrx_word' id='word_1_190' title='bbox 71 3281 208 3352; x_wconf 83' lang='lat' dir='ltr'>habeatur</span> <span class='ocrx_word' id='word_1_191' title='bbox 225 3289 258 3347; x_wconf 91' lang='lat' dir='ltr'>et</span> <span class='ocrx_word' id='word_1_192' title='bbox 273 3283 375 3365; x_wconf 84' lang='lat' dir='ltr'>vigeat</span> <span class='ocrx_word' id='word_1_193' title='bbox 392 3283 441 3368; x_wconf 78' lang='lat' dir='ltr'>e),</span> <span class='ocrx_word' id='word_1_194' title='bbox 458 3281 512 3344; x_wconf 92' lang='lat' dir='ltr'>sed</span> <span class='ocrx_word' id='word_1_195' title='bbox 528 3281 671 3363; x_wconf 80' lang='lat' dir='ltr'>precipue</span> <span class='ocrx_word' id='word_1_196' title='bbox 686 3279 764 3342; x_wconf 90' lang='lat' dir='ltr'>inter</span> <span class='ocrx_word' id='word_1_197' title='bbox 776 3275 856 3339; x_wconf 89' lang='lat' dir='ltr'>viros</span> <span class='ocrx_word' id='word_1_198' title='bbox 870 3269 1045 3354; x_wconf 74' lang='lat' dir='ltr'>magnificos</span> <span class='ocrx_word' id='word_1_199' title='bbox 1058 3267 1090 3329; x_wconf 94' lang='lat' dir='ltr'>in</span> <span class='ocrx_word' id='word_1_200' title='bbox 1106 3258 1257 3328; x_wconf 78' lang='lat' dir='ltr'>discordia</span> 
     </span>
    </p>
   </div>
   <div class='ocr_carea' id='block_1_7' title="bbox 73 3395 1259 3582">
    <p class='ocr_par' dir='ltr' id='par_1_8' title="bbox 73 3395 1259 3582">
     <span class='ocr_line' id='line_1_26' title="bbox 73 3395 255 3458; baseline 0.011 -4"><span class='ocrx_word' id='word_1_201' title='bbox 73 3395 255 3458; x_wconf 81' lang='lat' dir='ltr'>constitutos.</span> 
     </span>
     <span class='ocr_line' id='line_1_27' title="bbox 154 3457 1259 3582; baseline -0.022 -18"><span class='ocrx_word' id='word_1_202' title='bbox 154 3507 242 3567; x_wconf 84' lang='lat' dir='ltr'>Item.</span> <span class='ocrx_word' id='word_1_203' title='bbox 277 3501 358 3564; x_wconf 89' lang='lat' dir='ltr'>luter</span> <span class='ocrx_word' id='word_1_204' title='bbox 385 3505 504 3571; x_wconf 86' lang='lat' dir='ltr'>cetera,</span> <span class='ocrx_word' id='word_1_205' title='bbox 532 3517 591 3582; x_wconf 92' lang='lat' dir='ltr'>que</span> <span class='ocrx_word' id='word_1_206' title='bbox 619 3495 750 3560; x_wconf 86' lang='lat' dir='ltr'>animum</span> <span class='ocrx_word' id='word_1_207' title='bbox 778 3457 913 3554; x_wconf 86' lang='lat' dir='ltr'>nostrum</span> <span class='ocrx_word' id='word_1_208' title='bbox 941 3483 1102 3550; x_wconf 86' lang='lat' dir='ltr'>insultibus</span> <span class='ocrx_word' id='word_1_209' title='bbox 1120 3481 1259 3566; x_wconf 82' lang='lat' dir='ltr'>inpetunt</span> 
     </span>
    </p>
   </div>
   <div class='ocr_carea' id='block_1_8' title="bbox 63 3587 1342 4341">
    <p class='ocr_par' dir='ltr' id='par_1_9' title="bbox 63 3587 1342 4341">
     <span class='ocr_line' id='line_1_28' title="bbox 74 3587 1262 3690; baseline -0.019 -20"><span class='ocrx_word' id='word_1_210' title='bbox 74 3610 263 3681; x_wconf 80' lang='lat' dir='ltr'>successivis,</span> <span class='ocrx_word' id='word_1_211' title='bbox 279 3608 351 3673; x_wconf 94' lang='lat' dir='ltr'>illud</span> <span class='ocrx_word' id='word_1_212' title='bbox 368 3607 533 3690; x_wconf 89' lang='lat' dir='ltr'>apostolice</span> <span class='ocrx_word' id='word_1_213' title='bbox 550 3602 759 3669; x_wconf 86' lang='lat' dir='ltr'>sollicitudinis</span> <span class='ocrx_word' id='word_1_214' title='bbox 778 3595 943 3682; x_wconf 86' lang='lat' dir='ltr'>cogitatum</span> <span class='ocrx_word' id='word_1_215' title='bbox 958 3590 1110 3678; x_wconf 83' lang='lat' dir='ltr'>frequenti</span> <span class='ocrx_word' id='word_1_216' title='bbox 1132 3587 1262 3651; x_wconf 89' lang='lat' dir='ltr'>medita-</span> 
     </span>
     <span class='ocr_line' id='line_1_29' title="bbox 75 3697 1262 3802; baseline -0.024 -17"><span class='ocrx_word' id='word_1_217' title='bbox 75 3719 156 3782; x_wconf 68' lang='lat' dir='ltr'>tione</span> <span class='ocrx_word' id='word_1_218' title='bbox 169 3723 328 3802; x_wconf 80' lang='lat' dir='ltr'>perurget,</span> <span class='ocrx_word' id='word_1_219' title='bbox 344 3722 378 3781; x_wconf 84' lang='lat' dir='ltr'>ut</span> <span class='ocrx_word' id='word_1_220' title='bbox 393 3699 498 3779; x_wconf 80' lang='lat' dir='ltr'>fideles</span> <span class='ocrx_word' id='word_1_221' title='bbox 516 3713 646 3778; x_wconf 86' lang='lat' dir='ltr'>ecclesie</span> <span class='ocrx_word' id='word_1_222' title='bbox 663 3708 840 3792; x_wconf 87' lang='lat' dir='ltr'>calumpniis</span> <span class='ocrx_word' id='word_1_223' title='bbox 858 3704 980 3787; x_wconf 81' lang='lat' dir='ltr'>agitati,</span> <span class='ocrx_word' id='word_1_224' title='bbox 1002 3721 1061 3764; x_wconf 93' lang='lat' dir='ltr'>non</span> <span class='ocrx_word' id='word_1_225' title='bbox 1084 3697 1262 3762; x_wconf 87' lang='lat' dir='ltr'>deliciantur</span> 
     </span>
     <span class='ocr_line' id='line_1_30' title="bbox 74 3805 1264 3910; baseline -0.024 -19"><span class='ocrx_word' id='word_1_226' title='bbox 74 3827 126 3890; x_wconf 76' lang='lat' dir='ltr'>sab</span> <span class='ocrx_word' id='word_1_227' title='bbox 152 3827 320 3910; x_wconf 75' lang='lat' dir='ltr'>dispendiis</span> <span class='ocrx_word' id='word_1_228' title='bbox 348 3825 549 3908; x_wconf 81' lang='lat' dir='ltr'>questionum,</span> <span class='ocrx_word' id='word_1_229' title='bbox 578 3821 632 3884; x_wconf 90' lang='lat' dir='ltr'>sed</span> <span class='ocrx_word' id='word_1_230' title='bbox 659 3817 777 3889; x_wconf 87' lang='lat' dir='ltr'>litibus,</span> <span class='ocrx_word' id='word_1_231' title='bbox 808 3837 865 3900; x_wconf 92' lang='lat' dir='ltr'>que</span> <span class='ocrx_word' id='word_1_232' title='bbox 893 3817 1018 3897; x_wconf 86' lang='lat' dir='ltr'>propter</span> <span class='ocrx_word' id='word_1_233' title='bbox 1048 3805 1264 3872; x_wconf 82' lang='lat' dir='ltr'>intricaciones</span> 
     </span>
     <span class='ocr_line' id='line_1_31' title="bbox 63 3911 1261 4017; baseline -0.023 -18"><span class='ocrx_word' id='word_1_234' title='bbox 63 3936 206 4016; x_wconf 82' lang='lat' dir='ltr'>parcium</span> <span class='ocrx_word' id='word_1_235' title='bbox 225 3941 256 3999; x_wconf 91' lang='lat' dir='ltr'>et</span> <span class='ocrx_word' id='word_1_236' title='bbox 273 3933 396 4017; x_wconf 83' lang='lat' dir='ltr'>diffugia</span> <span class='ocrx_word' id='word_1_237' title='bbox 413 3933 595 3996; x_wconf 89' lang='lat' dir='ltr'>simultatum</span> <span class='ocrx_word' id='word_1_238' title='bbox 610 3930 751 3992; x_wconf 85' lang='lat' dir='ltr'>videntur</span> <span class='ocrx_word' id='word_1_239' title='bbox 766 3923 831 3989; x_wconf 89' lang='lat' dir='ltr'>fieri</span> <span class='ocrx_word' id='word_1_240' title='bbox 849 3919 1066 4008; x_wconf 85' lang='lat' dir='ltr'>quodammodo</span> <span class='ocrx_word' id='word_1_241' title='bbox 1090 3911 1261 3978; x_wconf 87' lang='lat' dir='ltr'>inmortales</span> 
     </span>
     <span class='ocr_line' id='line_1_32' title="bbox 78 4021 1213 4125; baseline -0.012 -17"><span class='ocrx_word' id='word_1_242' title='bbox 78 4043 141 4108; x_wconf 83' lang='lat' dir='ltr'>linis</span> <span class='ocrx_word' id='word_1_243' title='bbox 157 4044 325 4109; x_wconf 82' lang='lat' dir='ltr'>amicabilis</span> <span class='ocrx_word' id='word_1_244' title='bbox 342 4043 511 4125; x_wconf 87' lang='lat' dir='ltr'>inponatur.</span> <span class='ocrx_word' id='word_1_245' title='bbox 614 4051 617 4058; x_wconf 88' lang='grc'><strong><em>’</em></strong></span> <span class='ocrx_word' id='word_1_246' title='bbox 1208 4021 1213 4026; x_wconf 63' lang='grc'><strong>’</strong></span> 
     </span>
     <span class='ocr_line' id='line_1_33' title="bbox 169 4129 1269 4240; baseline -0.026 -20"><span class='ocrx_word' id='word_1_247' title='bbox 169 4155 250 4219; x_wconf 79' lang='lat' dir='ltr'>ltem</span> <span class='ocrx_word' id='word_1_248' title='bbox 268 4152 315 4240; x_wconf 77' lang='lat' dir='ltr'>b).</span> <span class='ocrx_word' id='word_1_249' title='bbox 340 4151 519 4232; x_wconf 83' lang='lat' dir='ltr'>Unigenitus</span> <span class='ocrx_word' id='word_1_250' title='bbox 535 4149 591 4211; x_wconf 79' lang='lat' dir='ltr'>llei</span> <span class='ocrx_word' id='word_1_251' title='bbox 607 4146 685 4211; x_wconf 87' lang='lat' dir='ltr'>filius</span> <span class='ocrx_word' id='word_1_252' title='bbox 701 4144 792 4208; x_wconf 58' lang='lat' dir='ltr'>,lesus</span> <span class='ocrx_word' id='word_1_253' title='bbox 810 4141 960 4210; x_wconf 75' lang='lat' dir='ltr'>Christus,</span> <span class='ocrx_word' id='word_1_254' title='bbox 977 4135 1028 4220; x_wconf 91' lang='lat' dir='ltr'>qui</span> <span class='ocrx_word' id='word_1_255' title='bbox 1043 4140 1076 4197; x_wconf 84' lang='lat' dir='ltr'>ut</span> <span class='ocrx_word' id='word_1_256' title='bbox 1092 4129 1269 4195; x_wconf 84' lang='lat' dir='ltr'>reconcilia-</span> 
     </span>
     <span class='ocr_line' id='line_1_34' title="bbox 82 4231 1342 4341; baseline -0.026 -12"><span class='ocrx_word' id='word_1_257' title='bbox 82 4269 125 4327; x_wconf 80' lang='lat' dir='ltr'>ret</span> <span class='ocrx_word' id='word_1_258' title='bbox 139 4282 261 4328; x_wconf 79' lang='lat' dir='ltr'>servum</span> <span class='ocrx_word' id='word_1_259' title='bbox 275 4261 400 4325; x_wconf 79' lang='lat' dir='ltr'>llomino</span> <span class='ocrx_word' id='word_1_260' title='bbox 417 4259 456 4322; x_wconf 87' lang='lat' dir='ltr'>ad</span> <span class='ocrx_word' id='word_1_261' title='bbox 471 4277 540 4341; x_wconf 71' lang='lat' dir='ltr'>qma</span> <span class='ocrx_word' id='word_1_262' title='bbox 556 4253 716 4320; x_wconf 83' lang='lat' dir='ltr'>descendit</span> <span class='ocrx_word' id='word_1_263' title='bbox 727 4253 763 4315; x_wconf 91' lang='lat' dir='ltr'>d&#39;e</span> <span class='ocrx_word' id='word_1_264' title='bbox 777 4251 889 4314; x_wconf 88' lang='lat' dir='ltr'>mundo</span> <span class='ocrx_word' id='word_1_265' title='bbox 899 4246 1080 4312; x_wconf 84' lang='lat' dir='ltr'>transiturus</span> <span class='ocrx_word' id='word_1_266' title='bbox 1096 4237 1136 4304; x_wconf 80' lang='lat' dir='ltr'>od</span> <span class='ocrx_word' id='word_1_267' title='bbox 1151 4244 1268 4322; x_wconf 86' lang='lat' dir='ltr'>patrem</span> <span class='ocrx_word' id='word_1_268' title='bbox 1341 4231 1342 4234; x_wconf 66' lang='grc'>’</span> 
     </span>
    </p>
   </div>
   <div class='ocr_carea' id='block_1_9' title="bbox 87 4408 1269 4594">
    <p class='ocr_par' dir='ltr' id='par_1_10' title="bbox 87 4408 1269 4594">
     <span class='ocr_line' id='line_1_35' title="bbox 168 4408 1269 4510; baseline -0.028 -20"><span class='ocrx_word' id='word_1_269' title='bbox 168 4436 201 4510; x_wconf 74' lang='lat' dir='ltr'>a)</span> <span class='ocrx_word' id='word_1_270' title='bbox 216 4435 263 4489; x_wconf 75' lang='lat' dir='ltr'>seu</span> <span class='ocrx_word' id='word_1_271' title='bbox 279 4415 319 4488; x_wconf 72' lang='lat' dir='ltr'>ain</span> <span class='ocrx_word' id='word_1_272' title='bbox 332 4432 429 4486; x_wconf 72' lang='lat' dir='ltr'>nanae.</span> <span class='ocrx_word' id='word_1_273' title='bbox 441 4430 510 4499; x_wconf 69' lang='grc' dir='ltr'>-ω</span> <span class='ocrx_word' id='word_1_274' title='bbox 530 4430 561 4482; x_wconf 73' lang='lat' dir='ltr'>aa</span> <span class='ocrx_word' id='word_1_275' title='bbox 575 4429 644 4482; x_wconf 68' lang='lat' dir='ltr'>ruem</span> <span class='ocrx_word' id='word_1_276' title='bbox 663 4429 689 4479; x_wconf 88' lang='lat' dir='ltr'>z.</span> <span class='ocrx_word' id='word_1_277' title='bbox 705 4425 776 4494; x_wconf 56' lang='grc' dir='ltr'>-η</span> <span class='ocrx_word' id='word_1_278' title='bbox 788 4425 868 4492; x_wconf 68' lang='lat' dir='ltr'>qun</span> <span class='ocrx_word' id='word_1_279' title='bbox 888 4439 919 4472; x_wconf 75' lang='lat' dir='ltr'>m</span> <span class='ocrx_word' id='word_1_280' title='bbox 934 4423 1069 4487; x_wconf 68' lang='lat' dir='ltr'>agenna</span> <span class='ocrx_word' id='word_1_281' title='bbox 1086 4445 1113 4453; x_wconf 92' lang='lat'>-</span> <span class='ocrx_word' id='word_1_282' title='bbox 1131 4413 1164 4477; x_wconf 79' lang='lat' dir='ltr'>a)</span> <span class='ocrx_word' id='word_1_283' title='bbox 1180 4408 1269 4462; x_wconf 66' lang='lat' dir='ltr'>omen</span> 
     </span>
     <span class='ocr_line' id='line_1_36' title="bbox 87 4503 946 4594; baseline -0.017 -14"><span class='ocrx_word' id='word_1_284' title='bbox 87 4546 125 4581; x_wconf 86' lang='lat' dir='ltr'>am</span> <span class='ocrx_word' id='word_1_285' title='bbox 143 4527 236 4580; x_wconf 84' lang='lat' dir='ltr'>llaude.</span> <span class='ocrx_word' id='word_1_286' title='bbox 247 4526 276 4578; x_wconf 88' lang='lat' dir='ltr'>V.</span> <span class='ocrx_word' id='word_1_287' title='bbox 289 4554 325 4564; x_wconf 90' lang='lat'>—</span> <span class='ocrx_word' id='word_1_288' title='bbox 338 4524 369 4593; x_wconf 90' lang='lat' dir='ltr'>e)</span> <span class='ocrx_word' id='word_1_289' title='bbox 384 4540 437 4594; x_wconf 81' lang='lat' dir='ltr'>pax</span> <span class='ocrx_word' id='word_1_290' title='bbox 449 4539 481 4574; x_wconf 82' lang='lat' dir='ltr'>zu</span> <span class='ocrx_word' id='word_1_291' title='bbox 495 4528 635 4592; x_wconf 69' lang='lat' dir='ltr'>ergdnuen.</span> <span class='ocrx_word' id='word_1_292' title='bbox 944 4503 946 4508; x_wconf 43' lang='lat'><strong><em>¹</em></strong></span> 
     </span>
    </p>
   </div>
   <div class='ocr_carea' id='block_1_10' title="bbox 0 0 1577 5124">
    <p class='ocr_par' dir='ltr' id='par_1_11' title="bbox 0 0 1577 5124">
     <span class='ocr_line' id='line_1_37' title="bbox 0 0 1577 5124; baseline 0 0"><span class='ocrx_word' id='word_1_293' title='bbox 0 0 1577 5124; x_wconf 95' lang='lat' dir='ltr'> </span> 
     </span>
    </p>
   </div>
  </div>
 </body>
</html>
