3168 5124
1208 345 1254 422 lli

145 527 313 606 Quomodo
327 529 500 618 prinsipes
521 532 684 596 seculares
707 517 935 596 ecelesiasticis
959 526 999 612 a)
1023 533 1121 594 oestro
1134 546 1256 614 popam

52 636 211 703 scribunt.
244 639 402 722 Principes
419 639 572 703 seculares
590 639 721 703 salutant
736 637 961 702 ecclesiasticos
978 641 1009 701 et
1024 640 1194 719 proponunt
1219 633 1257 720 b)

54 765 104 806 eos
131 745 164 808 in
194 747 377 812 salutatione
406 747 584 832 appellando
612 769 664 812 eos
692 747 875 812 reverendos
902 747 933 810 in
961 745 1079 811 Christo
1102 751 1204 828 patres
1228 749 1258 807 et

55 853 204 929 domnos,
232 858 341 941 positis
370 855 539 922 nominihus
567 858 745 942 dignitatum
773 863 804 922 et
832 855 1014 929 officiorum,
1038 862 1067 920 et
1090 855 1192 919 dicunt
1214 853 1258 916 eis

57 963 233 1030 salutemet
255 975 393 1050 paratam
416 969 453 1032 od
478 988 597 1053 queque
625 963 815 1050 beneplacita
837 967 1035 1038 voluntatem3
1058 966 1101 1030 ita
1123 965 1149 1028 si
1169 965 1259 1028 iidem

57 1075 211 1138 seculares
227 1077 382 1162 prinsipes
399 1097 459 1141 non
476 1077 605 1142 subsunt
621 1077 848 1141 ecelesiasticis.
883 1077 915 1142 Si
937 1096 1009 1140 vero
1027 1075 1170 1147 subsunt,
1187 1079 1258 1139 tune

53 1185 209 1266 appellant
236 1207 307 1264 eos:
336 1187 519 1252 reverendos
547 1187 683 1250 dominos
710 1207 782 1252 suos
805 1193 836 1250 et
858 1185 993 1251 soribunt
1014 1186 1059 1249 eis
1081 1186 1207 1248 salutem
1229 1189 1260 1246 et

53 1295 208 1378 condigne
223 1298 393 1361 reverentie
410 1298 457 1361 vel
475 1297 567 1360 debiti
584 1297 716 1380 homagii
732 1298 916 1360 famulatum.

150 1406 312 1484 Quomodo
338 1409 515 1474 minoribus
538 1409 681 1495 prelatis
702 1407 847 1473 sorihord
874 1413 907 1472 et
933 1405 1072 1473 clericis.
1104 1403 1258 1485 Principes

54 1515 213 1594 seculares
242 1516 379 1580 scribunt
406 1515 570 1581 minoribus
598 1517 722 1599 prelatis
752 1521 782 1580 et
804 1516 941 1589 elerieis,
969 1516 1049 1580 siout
1070 1515 1104 1578 in
1126 1513 1260 1576 seeundo

52 1623 156 1690 tabula
189 1625 361 1690 continetur
390 1626 429 1689 ad
459 1626 550 1689 talem
581 1626 805 1709 paragraphum
825 1625 869 1713 1):
896 1627 1046 1709 „prelatos
1078 1623 1256 1687 inferiores“

54 1753 150 1819 usque
167 1735 209 1798 ad
223 1735 305 1799 illum
322 1737 438 1800 loeum:
464 1755 574 1816 „reges
592 1736 744 1819 simplices
768 1735 813 1798 sie
842 1736 1013 1807 salutant“,
1040 1733 1090 1797 ubi
1120 1731 1255 1796 notarius

53 1845 178 1928 propria
207 1845 342 1916 nomina,
371 1845 397 1907 si
419 1851 659 1927 cognoscuntur,
687 1845 789 1910 titulos
819 1844 998 1928 dignitatum
1026 1848 1057 1908 et
1083 1841 1260 1913 officiorum,
1374 1854 1378 1888 ³

52 1958 114 2018 tam
130 1954 172 2018 ad
189 1973 351 2037 personam
367 1954 512 2018 mittentis
530 1973 619 2038 quam
641 1954 815 2038 recipientis
838 1961 926 2019 caute
949 1960 980 2019 et
1001 1973 1135 2036 congrue
1158 1957 1261 2034 ponat,

56 2083 302 2149 unumquemque
341 2063 617 2128 circumseribendo
657 2063 904 2128 convenientibus
947 2064 1043 2129 laudis
1089 2057 1258 2133 adieetivis,

55 2180 144 2256 prout
158 2174 194 2237 in
211 2173 346 2238 secunda
362 2173 465 2238 tabula
482 2173 582 2257 colligi
600 2179 709 2256 potest.

145 2285 327 2369 Inferiores
354 2284 479 2350 nobiles
504 2305 577 2349 suos
600 2285 786 2372 superiores
807 2286 951 2351 solotoost
973 2283 1052 2348 siout
1074 2283 1106 2347 in
1129 2281 1262 2347 seeundo

51 2391 158 2458 tabula
189 2393 361 2457 continetur
388 2394 427 2457 ad
454 2395 544 2458 talem
565 2394 788 2476 paragraphum
800 2394 837 2482 a)
861 2393 1032 2477 „prinsipes
1054 2392 1157 2457 vasalli
1178 2397 1259 2456 eto.“

54 2521 151 2587 usque
168 2503 212 2567 ad
227 2503 310 2569 illum
324 2504 424 2568 losum
449 2503 663 2587 „imperatrir“
688 2509 746 2568 ete.
780 2504 836 2568 llio
859 2503 949 2569 etiam
971 2503 1105 2568 notarius
1127 2500 1264 2566 attendat

53 2611 223 2676 scribentis
256 2634 310 2678 seu
338 2613 484 2679 mittentis
513 2612 714 2677 conditionem
742 2618 773 2677 et
800 2613 965 2696 distinguat
991 2615 1118 2677 vasallos
1147 2618 1178 2676 et
1204 2632 1264 2675 non

52 2724 206 2796 vasallos,
222 2723 334 2806 tytulos
352 2725 542 2806 dignitatum,
559 2723 747 2787 conditiones
763 2744 977 2807 personarum,
1000 2724 1118 2807 singula
1138 2722 1263 2804 singulis

54 2833 185 2917 proprie
202 2834 392 2916 ooapta'ndo;
415 2834 461 2897 sio
477 2835 566 2898 etiam
583 2834 715 2897 minores
731 2833 761 2896 in
778 2834 877 2906 elero,
900 2839 933 2897 ut
955 2840 1025 2897 sunt
1047 2832 1172 2896 abbates
1191 2832 1264 2893 sim-

48 2943 150 3024 plioes
167 2943 325 3031 oeterique
340 2944 448 3026 prelati
465 2944 560 3007 etalii
577 2942 614 3006 de
631 2964 754 3007 numero
772 2944 950 3007 elericorum
967 2943 1104 3006 scribunt
1121 2941 1260 3023 superio-

52 3053 141 3117 ribus
166 3053 281 3136 laycis,
309 3053 388 3117 utin
408 3053 542 3117 seeunda
558 3053 660 3118 tabula
676 3054 847 3118 continetur
862 3053 900 3116 ad
917 3055 1006 3117 talem
1022 3050 1243 3135 paragraphum
1253 3071 1274 3112 :s

56 3163 213 3247 „qualiter
227 3163 391 3247 imperator
407 3163 445 3226 ab
464 3163 601 3226 omnibus
618 3163 785 3226 salutetur“
806 3183 902 3246 usque
917 3162 959 3226 ibi
978 3162 1150 3244 „prinsipes
1167 3167 1262 3232 ete.“,

54 3271 113 3336 hoe
131 3272 296 3337 observato
313 3274 392 3337 sieut
409 3273 615 3356 supradictum
629 3273 658 3360 8)
688 3278 744 3336 est.
770 3272 834 3337 Ubi
861 3272 938 3356 lagei
966 3273 1028 3336 suis
1057 3270 1262 3354 superioribus

53 3383 199 3447 seribunt
215 3384 408 3468 obsequium,
431 3383 472 3447 ibi
489 3383 623 3446 olerieus
636 3383 751 3446 seribat
773 3383 897 3447 devotas
919 3383 950 3446 in
966 3383 1086 3446 domino
1102 3383 1263 3460 orationes,

52 3493 120 3556 llee
136 3493 239 3563 omnia
256 3501 286 3559 et
302 3495 419 3577 singula
436 3493 569 3558 studioso
593 3493 708 3557 notario
730 3493 819 3556 laoile
834 3493 981 3576 patebunt
997 3492 1045 3579 o),

153 3605 315 3683 Quomodo
346 3608 472 3694 topatus
503 3605 710 3693 imperatoris
739 3625 774 3668 se
804 3604 933 3669 soribot.
982 3602 1154 3667 Notandum
1190 3620 1264 3683 ergo

54 3713 140 3796 quod
177 3713 297 3796 legatus
330 3715 440 3779 domini
470 3714 660 3798 imperatoris
694 3713 831 3777 omnibus
864 3735 896 3777 se
928 3713 1084 3797 proponit,
1113 3711 1164 3796 qui
1195 3719 1265 3774 sunt

54 3821 86 3884 iu
110 3822 172 3884 hiis
194 3823 357 3906 provinciis
380 3825 418 3886 ad
446 3845 521 3908 quos
542 3823 693 3905 legatione
722 3823 873 3905 fungitur,
901 3843 961 3886 non
987 3829 1087 3888 tamen
1116 3841 1149 3883 se
1177 3823 1265 3883 vocat

58 3932 197 4016 legatum
211 3935 275 3998 sed
296 3936 466 4018 presidem;
488 3935 573 3998 verbi
596 3935 711 4017 gratia:
740 3929 778 3998 H.
798 3934 854 3998 Dei
870 3934 982 4018 'gratia
1007 3932 1169 4016 imperialis
1198 3933 1264 3996 aule

55 4064 167 4127 preses
196 4065 290 4128 super
316 4047 405 4109 talem
432 4046 479 4110 vel
507 4045 584 4110 tales
598 4045 781 4128 provincias
809 4046 966 4128 generales
987 4045 1051 4110 viro
1069 4043 1175 4108 inolito
1198 4043 1266 4127 regi

510 4193 514 4204 ι

151 4209 189 4279 o)
211 4210 278 4266 oocl.
297 4209 367 4266 fehlt
385 4208 415 4264 V.
436 4242 467 4253 -
489 4209 521 4276 d)
542 4209 668 4282 proponit
687 4209 717 4264 V.
740 4237 771 4250 -
792 4207 823 4278 o)
845 4162 950 4282 patebit
962 4207 992 4264 V.

66 4365 391 4381 *-

88 4471 111 4531 ι)
123 4471 198 4516 stelas
216 4471 281 4517 oben
298 4472 322 4516 S.
340 4473 364 4518 7.

87 4549 200 4614 ²)Siehe
216 4554 282 4601 oben
300 4557 323 4600 S.
341 4556 365 4601 e.

87 4629 112 4698 ι)
126 4636 201 4685 Siohe
218 4638 282 4684 oben
299 4639 323 4684 S.
340 4639 364 4684 9.
439 4627 440 4632 ’
