3096 5128
1217 317 1294 388 443

102 519 158 565 von
179 501 288 565 blainn.
301 448 424 581 'Rymer
446 497 583 562 Foedera
605 496 670 584 (ed,
695 497 799 580 liagae
823 494 947 560 Comitis
971 493 1077 582 nris)
1102 494 1132 565 1,
1150 494 1181 566 2,
1198 493 1241 556 60
1258 511 1297 555 an

101 611 237 682 Eduard,
255 609 315 673 den
331 607 577 690 Erstgeborcnen
594 608 648 671 des
664 608 779 690 Kitnigs
795 625 853 669 von
869 604 1015 686 England.

673 849 735 918 40.

101 1048 177 1131 iupa
193 1049 379 1112 camardat
390 1046 500 1130 populo
513 1047 741 1129 predicatorem,
759 1063 847 1128 qne·
862 1044 899 1108 ad
916 1063 968 1108 cos
985 1044 1085 1122 mittit,
1103 1041 1296 1119 exhumanda,

100 1157 179 1239 qni
195 1159 261 1222 clas
277 1157 443 1221 doctrinan
459 1156 565 1219 derata
582 1153 706 1218 audiant
722 1159 752 1217 ct
768 1156 932 1237 sequantur
947 1171 983 1216 oc
999 1151 1205 1235 exprobrando
1221 1152 1294 1215 nl·

555 1265 701 1346 tipllclter
715 1266 848 1346 peccato.

189 1445 299 1509 Plenus
317 1444 420 1526 gracia
438 1449 468 1506 et
484 1443 613 1532 veritate
629 1441 803 1525 unigenitus
818 1442 874 1505 Dei
891 1442 966 1511 vivi,
991 1460 1097 1525 quem,
1116 1440 1293 1520 disponente

97 1555 192 1640 patris
210 1555 307 1618 eterni
324 1553 504 1624 clemencia,
529 1553 650 1636 generis
666 1550 788 1615 humani
810 1551 921 1614 misera
944 1550 1081 1613 condicio
1104 1549 1142 1612 ad
1164 1569 1293 1633 recupe-

97 1663 253 1728 racioncm
270 1684 324 1726 sue
341 1663 459 1747 perdite
475 1660 628 1744 dignitatis
650 1661 786 1744 legatum
808 1660 845 1724 dc
869 1660 943 1723 celis
967 1659 1114 1730 obtinuit,
1136 1660 1293 1742 potcstatis

95 1773 312 1855 plenitudinem
329 1772 512 1836 obtinentem
527 1772 559 1834 in
575 1771 689 1842 secula,
706 1770 757 1855 qui
774 1789 894 1852 semper
910 1770 991 1852 apud
1006 1790 1077 1832 suos
1093 1789 1149 1851 per
1160 1769 1293 1851 graciam

97 1881 204 1954 extitit,
220 1882 294 1970 licet
310 1881 419 1965 ubique
436 1886 555 1945 maneat
570 1901 625 1966 per
640 1883 793 1950 naturam,
810 1885 843 1944 ut
859 1899 962 1943 carum
979 1877 1037 1942 sibi
1053 1879 1207 1962 populum,
1223 1897 1293 1942 care

94 1995 124 2054 et
144 1989 256 2073 grandi
279 1991 382 2072 precio
407 1995 627 2071 comparatum,
651 1988 689 2051 de
711 1987 851 2052 faucibus
873 1987 969 2051 leonis
987 1987 1119 2070 eriperet
1136 1986 1293 2069 rugientis,

93 2120 149 2184 pcr
164 2119 200 2189 sc
223 2117 259 2162 ao
281 2118 335 2181 pcr
359 2098 450 2170 alios,
482 2117 557 2181 quos
581 2097 667 2162 verbi
690 2097 817 2160 nuncios
840 2117 876 2160 ao
898 2117 1046 2180 precones
1069 2096 1226 2160 constituit
1247 2097 1293 2159 sui
1387 2091 1391 2098 ’

96 2209 226 2272 nominis
243 2208 383 2292 gloriosi,
405 2207 529 2272 visitare
551 2226 622 2270 suos
639 2206 800 2270 salubriter
815 2226 874 2270 non
891 2207 1025 2278 desistit,
1048 2213 1172 2288 gestans
1189 2226 1294 2270 secum

93 2317 143 2382 illa
162 2318 201 2383 dc
217 2317 291 2380 celis
306 2316 457 2388 remedia,
479 2337 534 2401 per
556 2336 613 2400 quc
636 2321 796 2379 conservat
811 2315 1064 2401 contemplacioni
1081 2315 1211 2387 deditos,
1223 2335 1295 2398 pre·
1334 2379 1343 2400 ³

93 2432 197 2491 serrat
220 2431 443 2512 contemptores
466 2425 560 2489 seculi
584 2429 614 2489 et
636 2424 825 2488 observande
847 2425 1017 2506 penitencie
1040 2423 1217 2507 deputatos,
1239 2446 1294 2510 per

92 2553 151 2619 quc
169 2541 258 2600 curat
272 2515 419 2601 viciorum
432 2532 501 2598 labe
518 2553 640 2618 sparsos
654 2553 689 2596 ac
708 2535 859 2598 sauciatos
877 2534 1004 2598 sathane
1020 2533 1135 2607 iaculis,
1152 2539 1213 2597 tam
1230 2535 1293 2598 cri-

90 2643 237 2709 dentibus
263 2664 352 2729 quam
375 2644 520 2714 occultis,
547 2663 603 2727 per
630 2662 688 2726 que
712 2642 792 2705 idem
815 2643 951 2706 meliorat
972 2642 1093 2724 pietatis
1117 2643 1292 2708 insudantes

92 2751 239 2837 operibus
256 2758 287 2816 et
301 2751 496 2835 perfectionis
514 2751 649 2814 obtinere
665 2750 800 2814 bravium
818 2755 1006 2834 satagentes,
1024 2757 1057 2815 ut
1073 2771 1148 2837 quos
1166 2772 1200 2814 ex
1217 2771 1292 2835 qua-

90 2866 162 2926 tuor
178 2861 337 2925 constituit
353 2861 525 2925 elementis:
550 2860 558 2922 i
565 2881 636 2944 gne
660 2858 786 2923 subtiles
804 2860 842 2923 ad
859 2859 1030 2943 indaganda
1047 2861 1188 2934 celestia,
1210 2862 1291 2924 leves

90 2977 182 3034 acre
207 2970 246 3034 ad
269 2968 413 3034 virtutum
437 2968 566 3052 insignia
595 2969 683 3033 lacile
706 2968 935 3055 consequenda,
964 2988 1058 3053 aqua
1088 2969 1231 3041 mobiles,
1260 2981 1293 3034 ut

92 3079 130 3142 ad
148 3079 266 3143 iontem
279 3079 340 3142 vite
355 3083 499 3162 perpetue
512 3077 715 3161 pervenirent,
732 3083 839 3141 terra
855 3077 991 3151 stabiles,
1009 3079 1089 3162 quod
1104 3079 1136 3142 in
1153 3078 1292 3145 divinita-

91 3188 130 3252 tis
147 3207 255 3252 amore
271 3187 408 3270 perpetui
425 3192 626 3258 remanerent,
643 3207 722 3250 nunc
738 3187 874 3251 cadentis
891 3188 929 3251 dc
945 3189 1023 3259 celo,
1039 3188 1164 3273 perfidia
1180 3211 1291 3275 procu-

91 3303 194 3370 rante,
212 3296 344 3360 intentos
362 3295 496 3360 obtentui
513 3300 701 3360 terrenorum
717 3295 861 3360 viciorum
879 3297 1004 3361 nexibus
1022 3297 1183 3381 allegatos,
1200 3305 1291 3383 puteo

88 3406 197 3471 mortis
207 3404 403 3470 absconditos
421 3411 451 3468 et
469 3403 641 3470 obfirmatos
658 3405 688 3469 in
704 3405 850 3489 peccatis,
866 3407 984 3470 illorum
1001 3407 1131 3471 omnium
1148 3410 1290 3493 congerie

91 3515 291 3586 cohortante,
310 3535 364 3598 per
385 3515 643 3598 prudenciam
666 3515 778 3579 bonurn
801 3517 911 3579 amalo
928 3517 1053 3600 provide
1071 3518 1290 3591 discernentes,

88 3646 145 3710 pcr
166 3623 472 3707 temperanciam
495 3623 672 3687 resistentes
695 3622 829 3687 moribus
850 3625 1038 3707 importunis,
1060 3647 1116 3710 per
1136 3615 1405 3696 fortitu-romae.

88 3719 218 3797 dinem
242 3733 437 3797 retundentes
461 3734 589 3817 impetus
605 3754 816 3817 perversorum
829 3734 950 3817 „o)‚pc1·
971 3734 1167 3800 iusticiam
1189 3758 1291 3803 coram

87 3843 154 3905 Deo
172 3846 204 3905 et
221 3839 394 3904 hominibus
409 3841 489 3904 bene
506 3825 721 3906 conversantes
740 3843 777 3905 ad
793 3842 920 3927 patriam
942 3843 1038 3927 patris
1062 3847 1156 3909 eterni
1178 3848 1291 3930 perdu-

87 3956 138 4016 cat
158 3949 352 4022 subtilitatis,
370 3951 530 4032 agilitatis,
552 3938 783 4021 immortalitatis
800 3957 831 4015 et
846 3952 1016 4035 splendoris
1031 3955 1147 4036 promia
1162 3977 1292 4040 percep-

87 4068 193 4126 turos.
213 4061 295 4124 Sane
311 4060 425 4125 meritis
442 4062 646 4145 apostolorum
662 4061 818 4145 principis,
841 4061 921 4125 mitis
938 4066 968 4125 et
983 4061 1102 4127 humilis
1119 4066 1220 4130 cordis
1236 4066 1291 4131 do·

88 4170 191 4234 minus
207 4168 298 4233 Jcsus
316 4168 466 4242 Christus,
482 4169 532 4255 qui
550 4171 676 4234 salutem
693 4169 791 4255 querit
808 4175 838 4233 ct
855 4169 952 4252 diligit
969 4171 1048 4234 unda
1064 4171 1112 4235 sui
1134 4177 1290 4258 sanguinis

89 4280 333 4362 redemptorum,
349 4279 453 4342 rolens
466 4283 499 4342 ut
514 4278 567 4365 b),
583 4278 668 4343 viciis
684 4278 791 4343 deletis
805 4279 856 4364 c),
873 4278 909 4342 ad
927 4279 1049 4344 odorem
1061 4280 1204 4347 virtutum
1222 4305 1290 4349 oum

89 4389 195 4459 leticia
214 4389 377 4458 festinetis,
395 4387 491 4452 virum
508 4387 611 4470 utiquc
627 4386 745 4451 virtutis
763 4393 794 4451 et
808 4388 912 4471 gracie
923 4391 1001 4454 viam
1012 4391 1073 4456 vite
1088 4395 1293 4458 tantummodo

197 4553 231 4620 o)
246 4567 430 4623 paraenorum
445 4550 493 4604 aui
502 4550 596 4605 Rasna.
612 4581 643 4590 -
659 4551 691 4621 h)
706 4554 733 4604 ct
744 4551 774 4606 V.
790 4581 821 4592 -
837 4552 868 4615 o)
882 4550 916 4606 dc
929 4552 1022 4608 clectis
1035 4555 1064 4610 V.
