3108 5118
864 757 925 826 68.

667 930 862 994 homanorum
880 950 931 994 rex
950 933 1102 1013 eplseopo.

850 1087 930 1141 1275.

292 1229 379 1302 Ko'nip
392 1231 495 1302 liudolf
510 1231 657 1302 cerepra‘cht
673 1233 731 1286 clem
747 1231 903 1304 &eiterhof
913 1232 1053 1288 Friedrich
1068 1252 1115 1289 non
1129 1235 1269 1302 Salrlurp,
1285 1252 1361 1290 werin
1381 1253 1412 1288 er
1431 1251 1487 1288 com

291 1320 393 1392 Konipe
410 1322 510 1376 Otalror
531 1339 579 1375 von
599 1321 717 1376 Bo'hmcn
735 1323 901 1394 capeprr'ffen
917 1326 1025 1378 werden
1044 1326 1132 1386 sollte,
1155 1323 1311 1395 achleum‘pe
1328 1325 1385 1378 aad
1403 1323 1489 1378 nach·

764 1411 921 1468 arcellata
935 1413 1013 1484 Hilfe.

386 1555 496 1616 Stobbe,
511 1571 552 1608 no.
567 1553 628 1609 251.

380 1700 536 1761 Horrende
563 1702 790 1787 persecucionis
819 1701 1004 1771 immanitas,
1033 1721 1120 1783 quam
1148 1706 1180 1764 tu
1209 1707 1238 1765 et
1261 1701 1310 1763 alii
1333 1701 1490 1782 principes

291 1807 385 1869 nostri
414 1813 445 1868 et
472 1807 575 1869 fideles
604 1828 658 1890 pro
682 1829 756 1890 pure
780 1809 849 1871 fidei
872 1809 1069 1874 observancia
1093 1810 1258 1872 ethonore
1286 1809 1408 1890 imperii
1433 1808 1489 1869 sub

289 1915 424 1981 moderni
455 1915 618 1978 Pharaonis
651 1917 808 2002 tyrannide
828 1915 855 2002 ¹)
888 1916 970 1997 passi
993 1917 1094 1986 estis,
1134 1916 1224 1979 altius
1257 1916 1360 1978 cordis
1393 1915 1491 1977 nostri

289 2023 417 2111 pupugit
445 2023 547 2085 intima
581 2029 611 2087 et
644 2045 697 2086 nos
730 2024 926 2087 amaritudine
958 2025 1047 2086 fellea
1078 2023 1274 2105 perturbavit.
1308 2024 1426 2086 Tantus
1450 2021 1490 2104 a)

290 2130 369 2198 enim
392 2131 507 2205 servor,
537 2136 620 2192 tanta
643 2101 697 2194 nhs
722 2151 794 2194 cura
817 2131 958 2194 sollicitat
982 2131 1093 2194 vestris
1116 2130 1222 2193 votivis
1244 2130 1490 2193 relevacionibus

290 2238 482 2313 intendendi,
506 2237 584 2320 quod
602 2258 738 2321 quosque
754 2238 875 2302 labores
893 2244 923 2302 et
938 2258 1039 2305 rerum
1057 2239 1212 2319 dispendia
1229 2244 1354 2319 propter
1370 2239 1431 2300 boc
1450 2236 1489 2323 b]

290 2346 418 2429 aggredi
441 2366 495 2409 nos
519 2346 657 2411 delectet.
692 2347 736 2408 Tu
760 2348 853 2427 igitur
875 2349 977 2427 cogita
1005 2353 1035 2410 et
1062 2347 1181 2408 revolve
1198 2345 1398 2426 diligencius,
1429 2364 1487 2427 quo

290 2474 413 2520 numero
441 2454 635 2525 bellatorum,
668 2473 725 2536 quo
755 2454 851 2517 eciam
878 2459 1014 2535 tempore
1042 2454 1080 2516 ad
1107 2453 1359 2516 reformaciouem
1391 2451 1490 2513 omni-

290 2561 410 2627 modam
426 2567 521 2623 status
538 2561 581 2622 tui
597 2559 652 2622 tibi
671 2565 700 2626 et
716 2560 781 2623 aliis
800 2563 910 2624 nostris
927 2561 1065 2624 fidelibus
1084 2561 1182 2624 valeat
1210 2559 1382 2630 subveniri,
1411 2578 1489 2641 quos

290 2669 409 2752 quidem
434 2669 465 2730 in
486 2674 569 2731 tuum
593 2673 622 2731 et
647 2669 771 2730 aliorum
794 2669 960 2731 subsidium
987 2669 1091 2750 procul
1122 2667 1212 2730 dubio
1236 2667 1488 2730 transmittemus.

291 2777 402 2842 Verum
434 2777 459 2838 si
487 2797 550 2840 rex
581 2776 764 2840 Bobemie
796 2797 850 2858 per
879 2776 1082 2858 expedicionis
1112 2775 1231 2857 publice
1259 2776 1352 2839 robur
1381 2777 1411 2836 iu
1441 2780 1492 2840 tua

258 2932 262 2935 -
292 2884 450 2966 dispendia
467 2885 674 2965 degrassetur‚
698 2905 763 2955 nos,
787 2885 921 2966 relegato
940 2879 1101 2946 cuiuslibet
1117 2883 1301 2946 difficultatis
1319 2883 1490 2951 obstaculo,

289 2994 408 3057 Domini
441 2993 622 3054 exercituum
655 2993 807 3073 aspirante
843 2992 962 3072 gracia,
1004 3012 1058 3055 sua
1094 3012 1220 3072 prorsus
1253 2992 1291 3075 c)
1331 2991 1490 3054 conamina

291 3102 495 3165 retundemus.
530 3100 617 3180 Quod
640 3100 680 3185 d)
704 3101 728 3162 si
751 3100 830 3162 forte
853 3081 1039 3162 municiones
1060 3107 1128 3163 tuas
1153 3106 1183 3162 et
1207 3104 1308 3161 eastra
1331 3099 1489 3162 obsidione

293 3207 395 3270 hostili
411 3205 580 3276 vallaverit,
607 3225 726 3268 manum
744 3212 875 3268 nostram
893 3225 1038 3286 exurgere
1062 3207 1181 3268 sencias
1204 3206 1241 3291 e)
1270 3205 1355 3267 inid
1379 3206 1486 3287 ipsum.

293 3317 339 3381 Tu
368 3323 466 3380 tamen
497 3316 586 3396 longe
619 3316 704 3395 pulsa
736 3314 912 3386 tormidine,
945 3315 1083 3395 spiritum
1115 3315 1351 3378 confortacionis
1385 3317 1486 3386 indue,

295 3427 364 3509 quia
380 3425 410 3487 in
427 3426 507 3487 omni
524 3428 632 3486 eventu
649 3421 703 3486 tibi
721 3429 823 3485 nostre
846 3423 1042 3503 protectionis
1060 3421 1264 3489 umbraculum
1281 3427 1343 3488 tam
1359 3421 1488 3490 fideliter

294 3555 382 3622 quam
400 3533 560 3595 salubriter
576 3530 772 3617 inpendemus
788 3530 835 3618 f).

389 3728 442 3781 Der
464 3727 551 3781 lnball
573 3727 620 3783 des
643 3725 745 3779 bricles
769 3726 858 3782 macht
880 3743 909 3782 es
931 3726 1141 3788 unzweilelbalt,
1171 3726 1232 3779 dass
1252 3744 1282 3781 er
1302 3745 1335 3780 aa
1356 3728 1407 3781 den
1427 3729 1489 3782 Err-

297 3818 402 3874 biscbof
424 3816 561 3870 Friedrich
589 3832 639 3868 von
663 3815 794 3886 salzburg
823 3817 955 3884 gericblet
978 3815 1022 3872 ist.
1051 3816 1141 3887 Vergl.
1168 3819 1248 3870 auten
1268 3817 1327 3872 Fal.
1347 3818 1383 3870 tt
1403 3818 1428 3870 d.
1449 3832 1489 3870 uo.

298 3909 332 3966 lo
346 3909 397 3962 und
412 3908 468 3966 Fol.
482 3906 514 3960 tl
532 3923 573 3963 no.
588 3904 632 3960 ³8.

391 4090 424 4159 a)
440 4089 547 4142 taudem
565 4088 672 4141 Slobbe.
689 4115 721 4126 -
735 4087 766 4153 b)
782 4103 828 4140 vos
848 4086 947 4140 Stobbe
966 4115 992 4127 -
1010 4087 1043 4153 e)
1057 4087 1180 4168 provisus
1195 4086 1234 4138 st.
1254 4115 1281 4126 ·-
1299 4088 1334 4155 d)
1356 4087 1401 4157 qui
1414 4087 1442 4140 Z.
1458 4115 1488 4126 -

299 4179 329 4246 e)
344 4182 460 4232 sentiens
474 4177 513 4233 St.
528 4205 562 4216 -
574 4177 605 4247 f)
620 4175 805 4250 pretendcmus
819 4177 838 4232 Z
853 4176 904 4231 und
918 4175 1027 4230 Stobbe.

327 4465 348 4523 1)
369 4466 454 4512 Otnlnu·
470 4478 489 4508 v.
505 4464 610 4510 Biibmeu.
