3112 5118
284 272 360 342 200

281 441 424 506 iudicium
441 464 499 506 non
521 462 676 516 veremur,
705 445 730 507 si
752 464 919 527 congruum
935 445 975 507 sit
992 444 1035 506 eis
1053 441 1303 506 convenientibus
1321 441 1474 504 Christum

279 549 310 612 in
336 551 460 614 menbra
489 552 620 615 ecclesie
643 553 751 616 iterum
775 553 929 634 crucifigi,
958 571 1084 634 quorum
1106 550 1230 614 funiculi
1248 549 1428 612 ceciderunt
1444 548 1474 610 in

278 657 425 738 preclaris
442 658 629 740 patrimoniis
646 659 720 723 Jesu
739 659 859 723 Christi.
893 659 1001 722 Videat
1018 657 1154 740 quilibet,
1171 658 1197 718 si
1214 658 1301 720 locus
1328 656 1369 718 sit
1386 675 1476 718 excu-

278 784 346 828 sare
371 765 541 828 volentibus
560 767 775 830 excusationes
792 766 930 848 proprias
948 765 978 828 in
999 765 1152 847 peccatis,
1181 783 1256 846 quos
1280 763 1312 825 in
1329 781 1477 844 persecu-

278 871 395 934 cionem
423 871 600 935 universalis
630 873 761 937 ecclesie
789 874 934 936 sentimus
963 874 1066 934 lovere
1088 877 1264 953 tyrannum,
1292 869 1345 953 qui
1370 889 1479 931 nomen

277 980 401 1050 Christi,
430 986 572 1062 quantum
599 981 631 1043 in
660 1001 696 1044 ec
725 987 790 1054 est,
819 982 850 1044 in
873 981 1050 1045 Christianis
1076 979 1187 1042 occidit
1210 983 1241 1041 ct
1262 998 1333 1040 curn
1364 997 1476 1058 sponso

279 1107 420 1169 sponsam
432 1088 552 1150 molitur
565 1089 752 1170 extinguere,
766 1094 908 1170 satagens
922 1089 1034 1151 cultum
1047 1087 1179 1150 divinum
1190 1086 1311 1169 penitus
1320 1085 1481 1165 extirpare,

277 1198 311 1255 ut
326 1193 392 1274 ipse
409 1194 490 1256 solus
507 1195 538 1256 in
555 1195 628 1258 orbe
644 1201 795 1259 terrarum
811 1201 953 1278 tanquam
970 1195 1090 1276 ydolum
1114 1191 1317 1256 desolacionis
1340 1191 1482 1253 abhomi-

278 1299 385 1364 nabilis
402 1301 545 1364 adoretur
567 1301 605 1388 ¹).
640 1302 865 1383 Quantumlibet
881 1323 952 1365 vero
971 1301 1104 1383 ipsorum
1126 1301 1157 1362 in
1179 1300 1236 1361 hac
1253 1306 1341 1380 parte
1358 1298 1480 1360 innote-

278 1415 400 1473 scerent
427 1409 583 1472 evidenter
611 1415 641 1472 et
669 1410 788 1492 publice
817 1412 1005 1492 fulgarentur
1027 1429 1188 1481 excessus,
1216 1428 1273 1471 nos
1297 1413 1417 1478 tamen,
1439 1397 1477 1467 de

278 1517 506 1581 mansuetudine
535 1517 615 1580 sedis
644 1518 809 1600 apostoliae
847 1523 1008 1589 consueta,
1037 1538 1095 1600 que
1116 1516 1266 1579 libencius
1288 1517 1320 1577 in
1348 1513 1479 1576 subditis

280 1624 419 1688 emendat
435 1630 572 1706 peccata,
591 1645 679 1708 quarn
695 1627 789 1707 punit,
806 1646 862 1688 nec
886 1627 999 1688 terrum
1019 1625 1199 1707 precisionis
1218 1623 1359 1700 ‚libenter
1380 1621 1479 1702 adigit

277 1732 311 1795 in
331 1732 469 1805 morbos,
486 1734 536 1815 qui
558 1740 684 1814 possunt
705 1755 741 1795 ex
756 1733 813 1796 levi
836 1736 968 1796 lomento
991 1732 1128 1814 recipere
1151 1731 1328 1802 sanitatem,
1355 1729 1479 1793 eosdem

277 1841 406 1906 clericos
452 1840 490 1902 ad
521 1842 710 1921 presenciam
741 1846 874 1904 nostram
905 1861 961 1922 per
990 1840 1111 1922 publice
1150 1837 1309 1902 citacionis
1349 1838 1484 1900 edictum

279 1954 405 2030 paterna
435 1953 465 2010 et
493 1948 683 2011 misericordi
707 1950 870 2013 severitate
894 1948 1103 2019 evocavimus,
1133 1952 1166 2009 ut
1188 1967 1205 2008 a
1229 1946 1326 2027 culpis
1344 1945 1485 2008 modesta

281 2056 470 2121 correctione
500 2061 621 2118 sanatos
643 2053 709 2125 tlon
731 2057 865 2120 traheret
886 2055 925 2117 ad
950 2054 1178 2136 desperacionis
1201 2053 1342 2136 laqueum
1360 2053 1484 2135 peccati

282 2162 501 2245 quodammodo
514 2164 701 2243 magnitudo,
720 2165 774 2226 sed
790 2164 840 2245 pie
856 2169 999 2245 porrecta
1014 2182 1121 2224 manus
1137 2161 1304 2242 apostolice
1323 2161 1486 2242 discipline

282 2271 444 2334 reduceret
475 2271 513 2333 ad
545 2271 681 2333 salutem.
720 2273 813 2334 Porro
846 2272 905 2352 ipsi
935 2271 1093 2334 vocacioni
1124 2273 1227 2332 nostre
1259 2269 1484 2332 contumaciter

284 2377 467 2440 obdurantes
484 2378 628 2449 auditum,
645 2383 676 2440 et
691 2383 777 2458 terga
790 2376 1000 2441 inobediencie
1012 2378 1044 2440 in
1056 2380 1231 2458 contemptu
1248 2371 1381 2457 superbo
1395 2373 1485 2436 nobis

284 2491 448 2556 vertentes
465 2504 571 2547 aversa
587 2487 707 2566 penitus
724 2486 762 2547 ab
778 2485 945 2549 Jerusalem
958 2485 1038 2548 facie
1050 2485 1081 2546 in
1092 2483 1216 2547 Jericho
1236 2483 1266 2569 0)
1285 2487 1316 2546 et
1333 2501 1485 2546 conversa

282 2593 444 2674 perviam,
468 2611 525 2674 qua
543 2591 685 2656 inciditur
701 2592 733 2654 in
747 2593 891 2664 latrones,
914 2612 971 2655 uec
987 2593 1091 2654 venire
1107 2611 1164 2654 nec
1182 2591 1329 2653 cohibere
1347 2611 1383 2653 se
1400 2591 1485 2672 ipsos

284 2719 342 2762 nec
369 2719 515 2762 revocare
543 2719 615 2762 suos
643 2720 661 2761 a
688 2700 828 2782 nequicia
856 2703 1045 2763 curaverunt.
1089 2700 1122 2760 ln
1151 2697 1260 2781 quibus
1287 2697 1485 2779 probavimus

284 2808 363 2874 illius
398 2807 554 2870 sentencie
582 2807 756 2879 veritatem,
791 2807 843 2890 qui
871 2808 965 2870 nutrit
985 2805 1077 2868 lilium
1099 2825 1187 2867 suurn
1211 2805 1359 2877 delicate,
1387 2807 1487 2886 ipsum

286 2916 396 2979 sentiet
412 2920 619 2978 contumacem
644 2915 685 2999 ⁸),
703 2915 771 2996 quia
802 2915 986 2986 clemencia,
1014 2934 1073 2996 que
1101 2913 1185 2994 ipsos
1214 2912 1252 2974 ad
1280 2912 1487 2994 penitenciam

286 3022 447 3085 adduxisse
478 3022 640 3094 debuerat,
680 3021 767 3084 abusi
795 3027 865 3084 sunt
892 3027 1007 3084 temere
1035 3022 1067 3083 iu
1095 3020 1237 3082 derisum.
1287 3020 1353 3082 Nos
1382 3019 1485 3100 igitur.

287 3131 479 3194 attendentes
508 3131 603 3194 nostri
632 3131 818 3212 apostolatus
847 3130 996 3202 officium,
1024 3131 1062 3192 ad
1080 3128 1233 3193 ulcionem
1257 3129 1357 3192 omnis
1379 3128 1486 3191 inobe-

288 3237 407 3302 diencie
431 3236 572 3299 divinitus
594 3244 804 3318 preparatum,
829 3244 862 3299 ut
879 3239 910 3300 in
927 3238 1047 3299 laudern
1062 3236 1210 3300 bonorum
1243 3255 1324 3318 pena
1347 3234 1487 3317 proficiat

288 3345 497 3428 reproborum,
509 3343 663 3425 predictos
671 3345 798 3407 elericos
806 3344 981 3426 deponimus
990 3350 1021 3406 et
1027 3348 1177 3425 privamus
1186 3345 1266 3405 omni
1274 3343 1485 3406 ecclesiastico

289 3453 354 3515 sire
365 3451 946 3534 temporalibeneflcio,decernentes,ut
957 3452 1098 3534 usquead
1106 3456 1244 3534 quartam
1251 3451 1488 3533 generacionem

290 3560 386 3624 nullus
399 3560 436 3621 de
449 3560 581 3641 ipsorum
595 3560 740 3639 progenie
748 3564 916 3621 assumatur
928 3559 959 3620 in
972 3557 1115 3619 clericum
1127 3558 1227 3620 necin
1241 3557 1384 3619 domibus
1396 3577 1486 3639 regu-

289 3665 403 3730 laribus
426 3665 550 3727 alicuius
572 3666 753 3746 prelacionis
775 3671 954 3747 assequatur
976 3666 1138 3735 honorem,
1168 3663 1226 3726 nisi
1249 3681 1320 3725 cum
1344 3685 1381 3727 eo
1398 3664 1487 3727 luerit

283 3773 506 3854 dispensatum.
540 3772 680 3834 Ceterum
708 3773 851 3835 malorum
876 3772 1033 3854 dispendia
1056 3771 1167 3833 cedant
1188 3769 1278 3833 bonis
1302 3777 1345 3842 et,
1371 3771 1488 3854 eisqui

292 3878 504 3944 cruciabantur
531 3878 676 3943 hactenus
703 3900 758 3961 pre
785 3880 904 3942 iusticia
932 3879 1112 3950 consolatis,
1147 3878 1190 3940 illi
1220 3878 1271 3960 qui
1301 3898 1436 3942 swavem
1459 3879 1487 3940 in

161 1399 238 1440 l'oldltt
248 1409 266 1438 c.

292 4085 616 4100 ι-..,......--.-,,

323 4220 347 4274 ¹)
365 4217 478 4263 Dassclhe
497 4219 527 4262 ist
551 4218 592 4262 mit
613 4217 742 4263 deuselheu
761 4220 857 4263 Wortrn
876 4232 921 4262 ron
938 4221 1054 4264 lnnocenz
1072 4220 1107 4264 tv.
1128 4219 1186 4264 iiber
1208 4217 1338 4265 Friedrich
1358 4220 1387 4266 ll.
1406 4219 1488 4276 μυεῖ

358 4297 419 4340 oben
435 4309 475 4341 nc.
493 4295 525 4342 04
543 4297 588 4341 und
608 4299 637 4341 im
654 4299 790 4354 Fulgendcu
807 4299 849 4350 lot,
868 4299 909 4351 08,
927 4311 966 4346 no.
986 4299 1024 4342 ro.

321 4376 347 4436 Ι)
364 4379 438 4422 urm
456 4377 495 4426 10,
513 4376 553 4422 30.

329 4453 354 4516 Ι)
373 4459 443 4502 l’rer.
458 4457 499 4504 29,
516 4455 555 4502 21.
