3112 5118
288 243 365 312 212

286 412 346 474 fide
375 418 405 475 et
433 410 569 475 serviciis
598 411 709 474 nostris
738 411 857 473 solliciti
885 430 967 473 more
997 412 1084 474 solito
1110 414 1275 494 vigilantes
1306 413 1345 499 α)
1375 420 1477 475 contra

284 519 414 582 rebelles
441 523 562 581 nostros
585 537 638 580 vos
666 521 806 599 potenter
823 521 853 578 ct
868 517 994 579 viriliter
1021 523 1178 601 opponatis
1201 527 1234 583 ul
1257 521 1316 583 line
1333 520 1478 583 laudabili

285 627 448 690 comitante
464 625 655 707 principium,
671 630 774 687 nostre
792 625 963 709 serenitatis
981 625 1135 690 dexteram
1151 627 1190 689 ad
1205 633 1308 690 vestre
1326 629 1479 708 generali-

284 733 354 798 tatis
378 738 409 796 et
430 732 625 814 specialitatis
651 723 847 812 argumenta,
876 733 961 812 quasi
983 753 1038 814 per
1061 733 1195 797 debitum
1222 735 1376 815 obligetis.
1415 715 1476 797 Nos

285 840 363 903 enim
380 841 424 915 sic
441 841 500 902 alta
515 844 615 902 mente
632 843 662 900 et
678 837 746 900 altis
762 837 1016 901 retribucionibus
1033 838 1123 902 fidem
1140 847 1271 904 vestram
1289 842 1478 922 disponimus

285 966 494 1028 compensare,
511 951 544 1008 ut
559 945 669 1008 nostris
686 965 899 1026 perseverasse
916 947 1051 1010 serviciis
1069 948 1175 1011 merito
1191 949 1362 1029 gaudeatis.

378 1141 535 1210 Ergtuzung
549 1155 596 1193 aus
617 1137 791 1194 Huill.-Breh.
805 1140 835 1202 V,
850 1139 911 1192 632.
935 1139 1087 1196 Fridericus
1102 1145 1152 1196 etc.
1175 1142 1361 1212 rulginauous
1375 1149 1433 1197 etc.
1448 1171 1482 1182 -

285 1231 315 1298 α)
329 1229 366 1284 sic
380 1229 414 1284 ed
426 1217 629 1299 requisicionem
647 1227 778 1283 Tbomasii
790 1231 824 1282 de
836 1229 948 1300 Aquino,
969 1229 1099 1301 capitanei
1118 1233 1202 1286 nostri
1217 1234 1337 1302 ipsarum
1351 1236 1477 1302 partium,

283 1318 372 1374 dilecti
387 1317 478 1390 generi
491 1324 571 1390 atque
585 1317 672 1373 lidelis
692 1317 789 1379 nostri,
813 1334 891 1387 quem
912 1319 946 1372 ad
958 1337 1007 1375 vos
1019 1323 1143 1390 tanquam
1156 1321 1339 1392 imaginarium
1361 1337 1478 1392 persone

286 1413 376 1463 nostre
389 1409 590 1464 transmittimus
604 1411 632 1461 et
644 1408 770 1461 continuo
782 1407 902 1460 volumus
917 1411 1082 1464 commorari.

375 1498 531 1570 Vergleicbe
544 1498 687 1552 deuselben
700 1493 932 1550 uriorcodvivo.
946 1498 974 1551 B.
988 1499 1025 1552 25
1039 1498 1091 1553 und
1102 1497 1169 1554 coo.
1182 1500 1276 1554 Philol.
1292 1499 1358 1562 383,
1372 1501 1419 1552 sol.
1435 1499 1482 1552 43.

856 1811 892 1880 8.

697 2019 864 2102 imperator
886 2021 917 2084 ll.
944 2024 1067 2086 clvltetl.

283 2217 332 2271 Eris
346 2215 442 2270 Kaiser
460 2215 557 2269 driiclct
575 2213 649 2268 einer
668 2212 753 2267 durch
770 2216 853 2268 Treac
865 2213 1014 2268 bcwdbrtcn
1029 2217 1107 2269 stadt
1119 2215 1211 2269 ceineas
1223 2216 1303 2268 Doalr
1317 2213 1405 2285 dafrir
1419 2233 1481 2280 aas,

434 2307 498 2358 dass
511 2303 552 2358 sie
564 2321 599 2356 cn
612 2303 664 2356 dea
676 2305 804 2356 Mordere
816 2303 905 2357 scietas
921 2306 1052 2358 Geereuea
1065 2303 1155 2358 Bccbe
1165 2322 1326 2377 pcnoncmea.

372 2487 454 2548 luter
470 2484 527 2548 alia
544 2484 718 2546 devocionis
734 2484 880 2565 insignia,
910 2485 1018 2567 quibus
1037 2505 1109 2565 erga
1126 2486 1337 2566 progenitores
1356 2489 1480 2546 nostros

288 2598 318 2656 ct
350 2613 404 2654 nos
435 2593 583 2655 hactenus
614 2585 813 2673 probabiliter
850 2593 1017 2664 claruistis,
1056 2593 1125 2654 illud
1164 2594 1338 2674 specialiter
1369 2590 1484 2654 nostris

284 2699 404 2762 adhesit
418 2699 594 2783 ¹allectibus
626 2705 656 2762 et
688 2699 762 2761 satis
798 2699 1042 2763 memorabilibus
1080 2701 1191 2764 nostris
1230 2699 1402 2781 precordiis
1438 2704 1484 2761 est

282 2809 468 2890 inpressum,
497 2807 577 2888 quod
592 2808 672 2871 sicut
687 2826 783 2889 nuper
798 2808 932 2870 veridica
953 2809 1107 2871 relacione
1131 2809 1323 2889 accepimus,
1354 2827 1480 2869 excres-

285 2922 373 2980 cente
396 2918 515 2978 fervore
536 2914 618 2988 iidci,
642 2934 730 2998 quam
752 2914 782 2977 in
804 2915 889 2977 vobis
911 2916 977 2996 ipsa
999 2914 1134 2978 fundavit
1156 2922 1253 2978 mater
1268 2914 1437 2998 antiquitas
1455 2920 1485 2976 et

286 3030 372 3106 grata
400 3023 516 3086 novitas
545 3023 700 3093 solidavit,
729 3043 766 3084 ne
796 3022 832 3083 de
860 3027 956 3084 morte
973 3003 1028 3094 N.,
1058 3023 1096 3110 α)
1126 3021 1228 3090 dilecti
1257 3023 1353 3084 nostri
1370 3021 1483 3094 fidelis,

284 3131 406 3193 honoris
419 3131 513 3194 nostri
526 3130 655 3211 fastigiis
668 3129 775 3210 rubigo
789 3136 958 3194 remaneret
970 3129 1076 3192 iniuric
1085 3130 1136 3217 β),
1150 3151 1203 3192 seu
1216 3128 1482 3215 vobisp)infamie

285 3239 393 3302 nebula
422 3237 455 3324 δ)
479 3242 671 3318 superesset,
700 3236 739 3298 ad
768 3238 941 3299 sumendam
971 3238 1008 3299 de
1039 3238 1174 3300 ciusdem
1202 3236 1356 3300 karissimi
1383 3236 1481 3299 nostri

285 3345 530 3411 interlectoribus
554 3345 719 3417 ulcionem,
749 3344 873 3406 devocio
896 3351 996 3407 vestra
1019 3365 1077 3408 nou
1098 3347 1196 3408 minus
1219 3345 1366 3408 audacter
1389 3365 1482 3428 quam

285 3455 404 3517 fortiter
430 3452 638 3516 assurrexerit.
671 3452 716 3514 Ex
744 3471 801 3533 quo
830 3452 1011 3514 sinceritatis
1040 3458 1139 3515 vestre
1169 3452 1321 3523 allectum,
1350 3452 1425 3514 dum
1453 3453 1482 3513 iu

287 3562 386 3643 operis
415 3559 602 3622 exhibicione
637 3557 803 3639 comparuit
825 3557 855 3644 ε)
880 3560 1130 3622 commendamus.
1164 3560 1202 3622 Et
1229 3559 1263 3646 ζ)
1293 3559 1439 3641 quoniam
1466 3579 1483 3622 a

286 3673 370 3730 recto
386 3666 456 3729 fidei
472 3665 601 3737 tramite,
619 3684 707 3746 aquo
720 3663 823 3726 fideles
841 3686 900 3727 non
917 3665 1047 3737 deviant,
1063 3667 1095 3728 iu
1106 3667 1164 3729 hiis
1178 3672 1209 3728 et
1224 3667 1255 3727 iu
1272 3666 1349 3736 aliis,
1367 3667 1484 3730 caden-

288 3776 368 3838 tibus
385 3774 450 3836 aliis
462 3773 570 3836 vestris
585 3773 770 3845 concivibus,
787 3794 846 3836 non
860 3774 1020 3839 oberrasse
1033 3797 1085 3839 vos
1101 3776 1224 3849 scimus,
1241 3777 1307 3849 sed,
1324 3785 1483 3858 assumpto

288 3881 462 3946 constancie
490 3901 545 3942 seu
571 3880 755 3944 fortitudinis
785 3883 909 3962 spiritu,
938 3863 983 3945 sic¹
1001 3903 1075 3964 erga
1103 3905 1157 3946 nos
1185 3884 1353 3962 immobiles
1370 3886 1484 3965 persti-

288 3991 384 4062 tistis,
412 3988 493 4071 quod
521 3989 626 4050 nullius
656 3990 839 4070 emergentis
868 3996 992 4053 eventus
1021 3992 1188 4054 adversitas
1218 3998 1362 4055 constans
1391 3993 1484 4055 animi

287 4099 381 4166 vestri
396 4097 588 4180 propositum
610 4115 740 4178 uuquam
767 4099 862 4178 potuit
891 4099 1062 4162 immutare:
1093 4119 1183 4181 super
1211 4120 1269 4183 quo
1298 4121 1353 4164 vos
1382 4101 1484 4184 dignis

287 4205 426 4270 laudibus
458 4203 718 4274 commendantes,
755 4210 859 4266 nostra
894 4207 1020 4286 proinde
1058 4207 1227 4287 gratificata
1265 4208 1413 4271 maiestas
1448 4208 1484 4270 ad

288 4314 381 4376 vestri
407 4311 519 4374 l'avoris
547 4309 783 4373 benivolenciam
817 4332 870 4374 nos
892 4312 1014 4386 invitat,
1055 4319 1087 4376 ut
1109 4316 1134 4377 si
1162 4333 1293 4396 unquam
1323 4317 1485 4379 retroactis

289 4417 474 4499 temporibus
497 4416 526 4478 in
549 4417 658 4478 nostris
682 4416 951 4497 predecessoribus
976 4421 1072 4499 gratie
1095 4421 1311 4502 plenitudinem
1329 4421 1483 4485 invenisse
