3112 5118
854 445 915 515 51.

515 617 592 696 Papa
608 621 863 684 aemnlatores
880 622 1021 684 ldlerld
1037 623 1238 703 imperatoris.

682 775 754 827 1247
768 778 832 831 oder
847 776 1072 848 1118111111.

284 904 411 960 Innocens
425 910 470 962 IV.
489 911 616 967 decretirl
627 915 672 968 die
684 917 830 986 Abaetzunp
843 919 911 971 aller
926 916 1100 978 deleniebat,
1118 917 1227 984 welche,
1248 917 1344 972 acinco
1364 916 1480 970 aledea·

283 991 370 1049 balteo
380 995 508 1067 Befcblcn
517 1000 700 1071 unpeboream,
714 1006 1209 1078 1111111111111111111111111911
1225 1007 1323 1061 Koicer
1337 1004 1482 1060 Friedrich

285 1082 434 1157 anbdnpen,
459 1091 516 1142 aad
536 1091 637 1145 11111111
660 1091 706 1147 die
727 1093 922 1148 Nccblcommen
943 1097 1025 1166 jener
1049 1095 1208 1150 Gerellieben
1233 1096 1274 1150 bie
1300 1115 1360 1150 zum
1378 1097 1483 1150 oierlen

534 1181 688 1236 Geacleecbt
698 1183 749 1252 fair
760 1184 873 1256 unfdhiq
885 1206 915 1240 zu
928 1184 1084 1256 pciccliclen
1103 1185 1227 1240 Wltrden.

374 1321 467 1383 Recte
491 1322 687 1387 discrecionis
716 1347 839 1389 examen
862 1334 1003 1391 stateram
1026 1329 1145 1392 iusticie
1168 1329 1376 1392 moderamine
1408 1346 1483 1388 con-

285 1446 361 1506 gruo
378 1427 420 1513 a)
437 1449 513 1512 eque
540 1431 646 1502 librat,
675 1453 742 1495 cum
771 1434 862 1516 digna
891 1437 1052 1499 virtutibus
1079 1438 1193 1519 premia
1223 1442 1253 1498 11
1284 1456 1363 1519 equa
1393 1433 1483 1496 viciis

285 1537 435 1620 stipendia
464 1541 666 1603 conferuntur.
699 1543 731 1605 ln
759 1548 884 1626 utraque
906 1543 1056 1627 siquidem
1077 1547 1162 1608 lance
1183 1544 1484 1632 publieapensatur

285 1643 414 1715 utilitas,
443 1665 511 1708 cum
539 1667 611 1728 erga
637 1649 792 1712 benivolos
816 1650 1040 1716 benemeritos
1063 1672 1180 1716 merces
1204 1652 1331 1715 inundat
1347 1650 1484 1713 retribu-

286 1753 393 1825 cionis,
411 1759 441 1817 et
456 1755 533 1818 iusta
550 1758 695 1819 severitas
712 1758 742 1819 in
759 1759 906 1840 aliquibus
923 1761 1011 1832 facit,
1036 1763 1152 1824 scelera
1168 1767 1201 1824 ut
1216 1759 1390 1823 emendent.
1433 1759 1485 1822 Sic

287 1862 365 1924 enim
396 1862 515 1926 iusticia
548 1863 731 1946 quibuslibet
763 1867 842 1948 quod
875 1889 961 1931 suum
993 1875 1039 1931 est
1071 1890 1107 1931 ex
1139 1868 1244 1931 ordine
1283 1867 1484 1948 dispensante

221 2050 224 2054 ¹
286 1968 440 2033 retribuit:
481 1970 635 2064 obsequiis
672 1973 813 2036 videlicet
844 1975 978 2054 graciam
1010 1982 1041 2038 et
1073 1975 1188 2038 iniuriis
1220 1975 1374 2036 talionem.
1420 1975 1483 2036 Eos

288 2078 394 2148 eciam,
413 2097 537 2160 quorum
553 2078 592 2140 ad
609 2079 726 2143 virtutis
742 2081 881 2143 meritum
896 2083 975 2144 levia
991 2088 1060 2146 sunt
1076 2084 1185 2153 studia,
1204 2082 1339 2163 exemplo
1357 2101 1486 2163 promo-

289 2193 341 2249 vet
356 2186 395 2270 b)
412 2187 592 2269 premiorum
611 2192 641 2248 11
664 2207 682 2248 1
705 2187 845 2269 reliquis,
874 2208 949 2271 quos
974 2189 1147 2272 inpunitatis
1171 2209 1254 2252 amor
1275 2209 1294 2249 a
1316 2189 1396 2252 malo
1428 2209 1488 2250 non

289 2300 429 2365 revocat,
456 2294 635 2358 innocencia
655 2314 748 2376 prave
773 2296 972 2358 similitudinis
996 2298 1178 2361 reciduntur.
1212 2297 1252 2360 Ut
1275 2304 1376 2361 autem
1406 2297 1490 2358 sicut

291 2403 410 2466 diversa
433 2403 477 2464 sic
502 2422 635 2483 congrua
659 2401 792 2484 utrisque
808 2403 846 2488 c)
862 2407 1038 2485 contingant
1052 2406 1174 2476 merita,
1203 2424 1332 2469 neeesse
1357 2409 1427 2476 est,
1457 2408 1489 2465 ut

291 2518 484 2594 utrorumque
502 2513 671 2594 pandantur
694 2511 857 2583 demerita,
886 2520 918 2576 ut
945 2534 1005 2576 non
1028 2520 1108 2578 erret
1124 2513 1269 2577 bonorum
1288 2512 1487 2594 dispensacio

291 2619 379 2683 bonis
397 2624 583 2700 competens,
600 2638 656 2680 nec
673 2618 770 2681 illacio
787 2620 881 2683 malos
899 2627 1051 2703 spectans.
1070 2623 1133 2684 Hoc
1152 2642 1253 2683 errore
1272 2621 1357 2683 eirca
1373 2621 1488 2682 multos

291 2748 410 2791 errasse
426 2728 545 2790 videtur
561 2733 656 2790 mater
673 2727 813 2800 ecclesia,
831 2728 916 2790 cuius
933 2728 1076 2790 iudicium
1089 2730 1266 2812 frequenter
1278 2729 1354 2791 fallit
1367 2729 1487 2809 opinio,

291 2838 371 2909 dum,
387 2841 542 2900 reservata
559 2836 666 2896 divinis
683 2834 856 2917 aspectibus
874 2837 991 2898 occulta
1008 2858 1068 2899 nou
1085 2837 1126 2922 d)
1142 2837 1266 2908 uidene,
1291 2856 1398 2898 omnes
1428 2836 1487 2899 sibi

290 2944 399 3009 faciem
427 2943 627 3025 simplicitatis
654 2943 870 3025 pretendentes
891 2944 1005 3024 passim
1028 2945 1148 3007 admisit
1170 2945 1209 3006 ad
1232 2941 1326 3006 ubera
1343 2943 1485 3006 filiorum.

291 3053 355 3134 Que
372 3051 423 3114 ubi
438 3053 508 3115 boni
524 3057 707 3115 monstratur
724 3051 852 3132 effigies,
869 3051 938 3114 mali
956 3053 1159 3134 suspicionem
1172 3073 1232 3115 111
1244 3053 1365 3122 tollens,
1378 3073 1487 3115 omnes

290 3160 508 3224 benemeritos
528 3160 697 3231 estimabat,
716 3178 790 3240 quos
813 3159 889 3220 male
912 3159 1034 3221 meritos
1057 3180 1198 3222 numerus
1220 3159 1384 3221 inserebat.
1425 3159 1487 3223 Sed

291 3270 470 3333 benedictus
499 3270 660 3339 Dominus,
694 3270 822 3349 optimus
849 3267 925 3329 lucis
954 3272 1074 3338 auctor,
1108 3267 1158 3350 qui
1185 3267 1287 3330 educit
1314 3268 1419 3328 lumen
1449 3267 1485 3330 de

290 3379 443 3447 tenebris,
472 3377 600 3438 obscura
628 3376 786 3438 declarans
816 3379 846 3436 et
868 3375 1016 3470 mepcium
1044 3375 1204 3446 interiora,
1231 3375 1366 3442 revelat,
1393 3379 1485 3456 prout

292 3487 427 3570 expedit,
450 3484 552 3547 abdita
574 3490 769 3547 secretorum.
802 3484 879 3544 Nam
901 3483 1005 3544 eadem
1029 3487 1124 3544 mater
1147 3482 1277 3544 ecclesia
1300 3483 1485 3544 interseras

291 3600 518 3679 persecutorum
545 3594 693 3674 procellas
722 3614 757 3654 co
785 3591 894 3661 111111,
923 3613 939 3653 n
969 3611 1025 3674 quo
1049 3590 1155 3652 diebus
1179 3590 1245 3652 istis
1270 3610 1359 3653 omne
1375 3592 1486 3654 malum

292 3702 444 3785 panditur,
461 3700 589 3762 excitata
606 3700 644 3762 ad
661 3699 843 3781 expiacionis
860 3699 1041 3761 exercicium
1064 3704 1094 3760 et
1115 3698 1309 3781 probacionis
1333 3698 1485 3770 meritum,

292 3816 398 3876 vexata
426 3809 542 3872 diucius
569 3814 692 3891 propter
714 3808 772 3869 boc
795 3809 825 3869 in
842 3806 1094 3887 temptacionibus
1120 3806 1182 3870 suis
1191 3854 1208 3877 „
1229 3806 1344 3886 gaudet
1367 3808 1484 3868 relerre

293 3919 442 4001 duplicem
470 3936 503 3978 se
531 3920 723 3997 proventum:
754 3935 843 3976 unum
872 3913 1009 3994 quidem,
1037 3913 1117 3994 quod
1141 3913 1313 3994 speculator
1336 3913 1485 3982 occultus,

292 4027 387 4110 ipsius
405 4043 532 4106 agonem
549 4023 666 4085 occulte
682 4027 899 4103 prospectans,
918 4040 984 4083 eam
1008 4021 1088 4082 iuxta
1104 4020 1339 4103 pollicitacionis
1356 4019 1486 4082 inviola-

291 4135 360 4198 bilis
384 4134 472 4196 fidem
499 4135 625 4211 temptat
651 4135 681 4192 et
707 4135 807 4191 tamen
835 4130 973 4209 temptari
1002 4149 1060 4190 non
1083 4127 1154 4191 sinit
1176 4128 1252 4190 ultra
1274 4147 1364 4208 quam
1387 4128 1487 4190 valeat

294 4241 455 4309 sustinere,
478 4240 624 4320 reliquum
646 4256 734 4306 vero,
763 4235 843 4319 quod
860 4237 985 4297 interest
1002 4236 1031 4296 in
1049 4254 1210 4303 numeros,
1227 4254 1303 4316 quos
1321 4236 1351 4296 in
1369 4235 1486 4314 gremio

168 2713 213 2752 sol.
222 2712 248 2753 36
257 2713 279 2753 b.

383 4390 417 4456 a)
432 4402 551 4452 congruo
575 4401 613 4437 111
637 4382 725 4435 Raude
748 4382 778 4435 V.
798 4412 830 4420 -
852 4381 882 4448 b)
904 4387 1059 4451 promovent
1080 4383 1109 4434 V.
1134 4412 1165 4420 -
1186 4382 1218 4449 c)
1242 4385 1374 4450 utrosque
1401 4382 1433 4435 V.
1455 4406 1483 4418 -

292 4482 326 4549 d)
341 4486 368 4533 et
382 4497 432 4531 non
446 4479 476 4531 V.
1173 4467 1183 4484 ⁰
