3100 5116
1193 294 1273 370 397

69 456 142 520 tatis
167 451 271 518 divine
294 455 516 540 omnipotencia
538 454 704 518 discussuri
722 454 910 538 judicialiter
932 459 963 518 et
978 452 1190 538 potencialiter
1200 472 1276 536 pro-

70 565 211 637 cessuri,
240 562 400 628 dummodo
417 563 574 646 legittimis
591 564 796 638 documentis,
825 568 858 628 ut
875 564 980 636 decet,
1009 567 1040 628 et
1063 561 1276 627 verisimilibus

69 678 218 760 appareat
234 673 434 757 argumentis,
452 674 533 758 quod
550 675 610 738 sint
627 694 721 758 super
736 673 907 737 huiusmodi
924 673 1073 759 pravitate
1092 673 1222 737 convicti
1247 676 1276 736 et

69 785 301 851 sentencialiter
317 783 541 867 condempnati.
559 784 627 848 Dat.
647 788 706 848 etc.

163 910 300 964 Rodmann
314 927 341 981 p.
357 907 424 962 148:
442 909 600 980 liudolphus
619 911 649 965 R.
669 911 700 964 R.
720 910 748 964 S.
767 911 799 964 Α.
819 907 963 981 Religiosis
977 911 1006 963 et
1018 907 1196 981 prudentibus
1210 908 1277 964 viris

69 1004 100 1057 N.
129 1005 158 1057 et
179 1000 211 1054 N.
235 1001 268 1054 de
287 999 378 1054 ordino
397 1001 512 1053 fratrum
541 999 755 1070 predicatorum,
779 999 942 1072 apostolicae
966 989 1039 1055 scilia
1061 998 1275 1070 inquisitoribus

73 1093 172 1148 contra
191 1089 336 1146 hereticam
356 1090 518 1161 pravitatem
538 1089 655 1163 egregiis
673 1089 734 1145 fidei
754 1090 918 1146 orthodoxas
940 1090 1075 1163 pugilibus
1094 1093 1144 1145 sibi
1159 1091 1276 1162 dilectis,

74 1184 189 1237 salutem
204 1186 232 1238 et
245 1198 321 1238 omne
334 1183 439 1237 bonum.
451 1181 542 1251 Vergl.
557 1182 674 1237 Gerbart
689 1181 715 1246 3,
729 1181 773 1236 24.

640 1369 703 1442 50.

425 1537 427 1544 ’
465 1530 632 1612 lmperatar
649 1530 753 1595 serlblt
769 1529 895 1594 lllssuls.
927 1517 931 1522 ’
1288 1541 1395 1583 raso..

75 1665 128 1720 uin
143 1664 244 1720 Καίσων
262 1661 379 1719 schreibt
397 1666 450 1718 den
462 1640 603 1726 Pisonem,
622 1681 653 1718 cr
672 1662 739 1718 bole
756 1661 834 1719 ibren
850 1664 1001 1719 Gesondtcn
1020 1662 1137 1719 buldooll
1148 1662 1280 1736 anpebtrt

75 1758 143 1824 und,
166 1755 195 1810 a‘n
218 1756 269 1810 der
290 1753 400 1809 Absicbt
420 1753 498 1810 ibren
526 1753 675 1811 Witnscben
698 1752 843 1826 Erfittluoy
865 1773 897 1809 eu
919 1745 1099 1824 vmacbcffcn,
1125 1753 1202 1810 ibren
1224 1756 1280 1810 und

278 1844 356 1900 einen
367 1843 548 1901 bolimiodes
562 1845 714 1902 Gesaodten
726 1862 762 1900 cn
774 1846 827 1900 den
839 1848 926 1918 Popct
936 1842 1083 1930 cesebiclat.

176 1991 301 2052 Gerbert,
315 1990 342 2054 2,
355 1989 400 2044 25.

165 2103 348 2183 Industrium
371 2118 467 2184 virum
489 2118 729 2185 ambassatorem
751 2124 897 2193 vestrum,
921 2118 961 2182 ad
984 2118 1152 2182 maiestatis
1177 2122 1280 2182 nostre

72 2229 265 2314 presenciam
282 2249 380 2312 nuper
396 2229 579 2293 destinatum
601 2249 619 2293 a
640 2228 738 2302 vobis,
762 2229 895 2312 benigne
917 2228 1088 2310 recepimus
1105 2231 1136 2292 et
1151 2227 1282 2292 libenter

73 2339 242 2405 audivimus
270 2344 372 2403 vestra
399 2339 504 2410 verba,
530 2339 562 2403 in
585 2359 637 2403 ore
666 2360 721 2403 suo
745 2338 856 2422 posita,
885 2343 916 2402 et
939 2337 1101 2402 commissa
1116 2337 1222 2401 diserti
1239 2335 1280 2422 a)

73 2448 224 2512 sermonis
240 2448 359 2532 eloquio
373 2447 534 2530 diligenter
546 2454 577 2512 et
588 2449 727 2531 legaliter
742 2453 972 2532 proponentem.
992 2448 1073 2512 Sane
1091 2446 1162 2533 quia
1177 2451 1281 2511 nostro

76 2558 165 2623 facile
183 2556 355 2640 applicatur
370 2557 495 2640 ingenio
517 2556 662 2643 quidquid
685 2558 716 2621 in
738 2563 840 2622 vestre
863 2555 1074 2639 generalitatis
1098 2555 1283 2643 etspeciali7

70 2669 141 2732 tatis
159 2670 357 2749 augmentum
382 2671 413 2730 et
434 2667 623 2732 commodum
644 2668 757 2752 poterit
777 2666 964 2738 redundare,
992 2664 1139 2748 peticioni
1166 2672 1280 2744 vestre,

77 2799 132 2862 per
148 2795 220 2841 eum
238 2780 343 2840 nostro
361 2774 484 2840 culmini
499 2783 650 2860 porrecte,
662 2776 827 2841 liberaliter
839 2781 870 2841 et
881 2777 1011 2842 libenter
1022 2797 1111 2842 aures
1127 2776 1282 2846 benivolas

77 2887 279 2957 inclinantes,
308 2885 451 2950 nuncium
473 2891 610 2950 nostrum
632 2885 669 2950 N.
688 2905 746 2950 una
769 2906 838 2951 cum
861 2890 970 2951 nuncio
992 2892 1095 2952 vestro
1111 2886 1151 2950 ad
1166 2888 1282 2951 curiam

78 2995 190 3060 domini
214 3014 295 3080 pape
319 2993 492 3078 dirigimus,
516 3001 549 3059 ut
572 2995 611 3059 de
634 3016 688 3059 suo
710 2995 902 3080 beneplacito
928 3002 958 3059 et
975 3015 1126 3061 consensu
1142 2995 1282 3062 finalibus

79 3104 242 3169 desideriis
260 3103 370 3169 vestris
387 3105 476 3185 plene
493 3102 634 3168 satisfieri
650 3105 749 3170 valeat
772 3107 944 3188 superbis,
973 3126 1031 3191 que
1047 3109 1148 3171 vestra
1170 3107 1282 3191 peticio

78 3211 267 3278 continebat.
300 3213 400 3277 Parati
424 3212 504 3276 enim
527 3233 631 3277 sumus
661 3217 690 3276 et
718 3215 909 3299 experiemur
931 3235 948 3278 a
970 3215 1056 3280 vobis
1084 3217 1216 3282 ultronei
1243 3217 1282 3282 ad

79 3343 281 3408 quecunque,
311 3341 380 3404 que,
408 3320 488 3384 iuxta
517 3323 628 3386 favoris
646 3323 803 3407 apostolici
819 3325 966 3408 graciam,
989 3325 1076 3391 vobis
1103 3325 1228 3391 honoris
1252 3331 1283 3392 et

80 3433 235 3502 commodi
254 3430 365 3495 cedere
381 3429 501 3495 valeant
516 3431 712 3497 incremento.

642 3637 706 3712 51.

76 3799 1283 3887 luperatarsuppllcattallqualcuminassecualaueprebendesaeptamaveat.

77 3947 131 4000 lter
151 3945 255 4000 Kaiser
274 3943 346 3999 dittct
366 3945 524 4006 Jcmondcn,
544 3945 628 4000 calcem
649 3943 821 4006 Geiatlicten,
837 3947 889 4018 fitr
907 3947 959 4000 den
977 3964 1008 4002 er
1025 3947 1069 4002 dic
1086 3956 1175 4003 craten
1193 3947 1284 4002 Bitteo

281 4034 422 4108 cingeteqt,
436 4053 485 4090 aur
499 4036 658 4108 Erlonpunp
671 4037 720 4092 der
733 4037 875 4092 Pcdbendc
888 4056 918 4092 aa
933 4036 1081 4109 ccrbetfen.

170 4147 297 4205 Gerbert,
311 4144 336 4207 1,
350 4143 393 4199 49.
408 4145 517 4207 Stobbe,
531 4145 575 4199 97.

23 4239 25 4290 ξ
127 4262 137 4281 “
172 4255 263 4337 Quod
281 4255 423 4319 dilectum
446 4255 624 4318 familiarem
641 4259 671 4318 et
688 4256 831 4320 clericum
854 4261 990 4321 nostrum
1013 4256 1174 4340 singularis
1196 4257 1284 4324 beni-

79 4365 218 4429 volencie
241 4363 394 4446 placidum
418 4365 622 4447 astringamus
646 4364 849 4446 amplexibus,
873 4365 952 4447 quod
976 4364 1013 4428 ad
1038 4367 1102 4430 eius
1127 4352 1283 4450 dugendos

171 4530 207 4595 a)
222 4527 336 4583 discreti
351 4527 379 4580 V.
