3100 5116
819 654 880 726 14.

523 834 583 898 Bon
600 833 795 899 Ιοιιιοιιι
810 832 940 924 principi
957 832 1075 898 sitands
1094 840 1151 900 ete.

795 989 875 1048 wil.

247 1137 279 1192 Ii.
294 1136 397 1207 liudolf
410 1137 478 1207 seips
496 1135 581 1190 einero
594 1136 708 1189 Fdrsteo
726 1152 771 1201 oo,
793 1136 858 1190 dass
877 1153 907 1190 er
919 1151 1009 1206 weyers
1022 1131 1203 1189 sinescalco
1215 1134 1266 1188 der
1276 1133 1440 1206 peratliolren

247 1227 359 1282 Feretro
376 1225 431 1300 auf
440 1227 499 1281 dem
514 1224 604 1281 Concil
620 1243 651 1279 ru
665 1225 736 1292 Lyon
758 1225 809 1279 den
820 1223 963 1295 Reiebataq
984 1223 1038 1294 auf
1046 1225 1096 1278 dos
1108 1223 1217 1280 nucleo
1234 1223 1366 1296 detescas
1376 1244 1439 1281 ver-

507 1314 619 1370 aclroben
630 1313 714 1380 bebe;
733 1333 764 1370 er
775 1323 850 1386 maye
862 1316 975 1370 oladano
988 1312 1062 1369 nicbt
1071 1311 1171 1385 felleo.
1239 1357 1243 1366 .

336 1461 461 1525 Gerbsrt,
477 1460 502 1522 1,
515 1459 558 1513 22.

332 1606 492 1690 Assumpto
504 1605 563 1670 iam
575 1606 702 1688 pridem,
715 1605 807 1669 divini
819 1603 1021 1688 disposicione
1029 1603 1069 1691 a)
1078 1606 1208 1678 consilii,
1223 1605 1303 1688 regii
1320 1605 1437 1690 dyade-

243 1720 324 1780 mate
339 1714 539 1798 principatus,
563 1734 632 1779 cum
655 1715 694 1778 ad
716 1715 775 1778 hoo
796 1713 953 1796 potissime
969 1718 1074 1778 nostra
1090 1716 1222 1797 suspiret
1237 1715 1385 1788 intencio,
1401 1721 1436 1779 ut

242 1844 300 1908 pax
316 1823 467 1894 ecclesiis,
483 1823 646 1888 concordia
661 1821 801 1905 plebibus
825 1829 855 1888 et
877 1820 1004 1888 ubilibet
1025 1821 1160 1888 moribus
1183 1822 1344 1906 disciplina
1360 1843 1436 1887 con·

242 1936 427 2002 crescerent,
442 1929 608 2014 reipublice
623 1930 784 1996 universali
801 1934 881 1994 statu
897 1929 1025 2013 pacifice
1046 1931 1225 1997 reflorente:
1250 1951 1327 1996 ecce
1352 1932 1435 2015 quod

244 2048 414 2108 nostrorum
435 2041 621 2125 principum,
643 2046 707 2104 tam
728 2040 1004 2104 ecclesiastieorum
1021 2059 1109 2124 qnam
1126 2041 1324 2114 secularium,
1349 2060 1436 2105 oom-

242 2153 393 2217 mnnieato
410 2150 546 2223 consilio,
562 2150 593 2214 in
608 2149 731 2214 instanti
752 2149 887 2230 proximo
909 2149 988 2214 festo
1011 2150 1106 2214 Pasce
1130 2151 1209 2232 apud
1225 2151 1317 2214 talem
1332 2151 1434 2215 locum

242 2263 427 2343 solempnem
454 2257 570 2323 curiam
598 2256 734 2322 duximus
763 2256 957 2328 edicendam,
986 2257 1072 2322 cuius
1099 2259 1202 2341 utique
1229 2257 1434 2322 celebracicni

242 2368 402 2451 magnifice
418 2366 450 2430 in
466 2365 610 2429 decencia
626 2365 703 2448 regii
718 2369 892 2447 apparatus,
910 2364 935 2427 si
953 2370 1038 2448 mata
1055 2363 1191 2429 scrobis
1210 2366 1334 2430 offerret
1345 2366 1435 2430 babi-

241 2477 321 2551 litas,
345 2477 492 2540 interesse
520 2494 575 2539 nos
592 2473 751 2557 plurimum
769 2473 944 2536 delectaret.
977 2473 1087 2537 Verum
1104 2475 1325 2558 quantumlibet
1341 2495 1435 2558 super

242 2585 300 2649 bec
323 2585 362 2669 b)
391 2590 493 2649 nostra
520 2584 637 2646 ferveat
660 2583 698 2670 e)
726 2581 863 2656 affectio,
897 2582 970 2645 licet
1001 2584 1031 2646 in
1064 2582 1123 2647 boc
1158 2587 1264 2647 noster
1295 2585 1439 2648 exardeat

243 2693 359 2757 animus
380 2693 420 2780 1),
435 2692 519 2775 pacis
535 2689 641 2755 floride
658 2689 837 2766 sitibundus
862 2692 931 2772 quia
946 2696 1046 2754 tamen
1067 2690 1257 2756 venerabiles
1280 2692 1439 2776 principes

243 2803 337 2868 nostri
353 2799 515 2875 karissimi,
531 2819 627 2882 nuper
642 2798 680 2861 de
696 2798 829 2863 Romana
845 2800 929 2862 curia
944 2799 1118 2872 redeuntes,
1131 2799 1219 2862 nobis
1232 2807 1439 2882 exposuerunt

243 2932 395 2996 expresse,
423 2910 503 2995 quod
532 2907 733 2972 ecclesiastici
768 2907 937 2990 principes,
971 2926 1086 2971 moram
1119 2908 1218 2974 adbuc
1246 2909 1279 2971 in
1307 2910 1438 2974 concilio

241 3019 437 3105 Lugdunensi
452 3019 610 3090 iacientes,
626 3037 686 3081 non
701 3020 829 3099 possunt
844 3015 942 3079 eidem
965 3016 1048 3079 curie
1064 3015 1102 3079 ob
1125 3022 1187 3080 tam
1209 3015 1316 3080 brevis
1341 3038 1440 3100 angn-

242 3134 332 3197 stiam
346 3128 492 3213 temporis
509 3129 696 3212 aliquatenus
712 3125 875 3190 interesse:
900 3123 1069 3208 predictam
1086 3125 1211 3197 curiam,
1236 3125 1275 3189 de
1299 3125 1436 3192 fidelium

241 3246 412 3305 nostrorum
440 3236 583 3309 consilio,
611 3253 707 3320 usquc
734 3233 772 3298 ad
799 3233 963 3316 proximum
986 3233 1175 3320 subsequens
1196 3235 1311 3298 festum
1334 3235 1437 3300 Pasce

242 3349 433 3417 decernimus
445 3348 487 3436 d)
503 3344 734 3432 prorogandam,
751 3343 822 3428 quia
836 3342 867 3406 in
883 3346 928 3406 tot
943 3345 974 3405 et
988 3347 1050 3406 tam
1065 3361 1244 3424 magnorum
1258 3343 1438 3427 principum

241 3460 384 3526 absencia
400 3477 459 3524 non
475 3454 637 3538 expediens
654 3451 837 3518 arbitramur
851 3457 902 3516 aut
918 3450 1090 3516 condecens
1106 3458 1168 3516 tam
1184 3452 1310 3520 utilibus
1328 3459 1361 3518 et
1377 3459 1439 3518 tam

242 3571 343 3637 arduis
360 3566 548 3633 celebrandis
562 3563 734 3648 solempniis
747 3584 801 3627 nos
812 3563 932 3628 involvi.
950 3561 1027 3645 Quia
1043 3562 1137 3645 igitur
1152 3563 1254 3646 ipsum¹
1267 3563 1438 3646 negocium

242 3678 380 3745 decoctio
396 3683 513 3741 matura
529 3674 646 3739 consilii
662 3671 801 3738 salutaris
817 3671 958 3755 amplecti
981 3671 1145 3743 desiderat,
1168 3671 1261 3735 nimie
1283 3674 1437 3738 festinan·

242 3789 290 3854 cie
313 3788 428 3852 evitans
450 3783 644 3870 precipicium
667 3782 837 3854 ruinosum,
865 3781 1071 3844 sinceritatem
1091 3785 1174 3844 tuam
1196 3781 1382 3864 requirimus
1407 3783 1438 3845 in
1546 3765 1548 3808 ³

241 3898 311 3962 fidei
328 3895 440 3969 debito,
455 3916 514 3979 quo
526 3895 657 3958 Romano
670 3892 795 3975 imperio
807 3896 897 3977 atque
910 3889 997 3955 nobis
1010 3889 1201 3972 astringeris,
1212 3896 1244 3953 te
1256 3898 1436 3963 monentes,

328 4077 362 4146 a)
378 4076 583 4147 dispensacione
596 4073 623 4128 Ζ.
643 4101 673 4113 -
688 4071 720 4142 l)
737 4072 789 4126 boc
804 4072 829 4126 Ζ.
845 4099 879 4112 -·
893 4070 925 4140 c)
940 4069 1030 4128 luerat
1042 4071 1072 4125 Z.
1087 4100 1122 4110 -
1135 4070 1171 4140 d)
1185 4070 1356 4126 decrevimus
1371 4072 1400 4126 Z.

244 4239 568 4258 unm-nnunt-

273 4361 296 4422 ¹)
317 4364 401 4408 Verum
424 4358 593 4418 quantumlibet
614 4370 687 4417 super
708 4357 753 4404 bec
776 4359 856 4404 nostra
876 4359 968 4404 fervent
988 4355 1083 4402 adestis
1107 4355 1154 4402 uad
1171 4355 1231 4401 licet
1249 4355 1274 4400 in
1293 4354 1340 4400 boc
1358 4356 1441 4400 noster

314 4451 542 4505 mordacissimus,
562 4451 620 4496 arrei
638 4449 806 4496 verschiedeae
819 4448 1017 4508 Bezeielrnuagen
1035 4448 1074 4494 irir
1092 4446 1223 4492 desselben
1237 4446 1377 4500 (dedendas,
1390 4445 1436 4490 wis

314 4546 351 4594 sic
364 4545 389 4590 ia
401 4543 563 4608 Formelamit
576 4543 630 4589 dem
643 4542 772 4588 Wirlelrea
784 4553 826 4586 ssu
838 4539 1077 4599 aneinandergsrsibt
1092 4551 1119 4582 ιιι
1135 4536 1232 4583 werden
1253 4536 1357 4597 pdegeu.
