3168 5124
1234 353 1278 426 ll

81 533 109 593 et
124 528 248 593 sincere
262 527 434 593 dilectionis
449 528 481 591 in
496 527 616 592 domino
632 528 806 592 continuum
823 535 853 594 et
867 528 1041 598 indesinens
1058 505 1284 601 incrementum.

80 640 137 704 lsto
154 640 247 704 modo
264 639 410 723 prepositi
427 639 563 703 scribunt
579 638 647 711 sibi,
663 638 770 722 positis
783 639 840 702 hiis
858 660 917 724 que
928 643 1067 727 ponenda
1080 649 1158 708 sunt.
1173 642 1288 706 Notan-

83 750 151 814 dum
174 750 258 835 quod
280 751 310 813 in
333 750 414 813 clero
429 751 634 814 tantummodo
650 751 679 813 in
697 751 916 833 principatibus
933 753 1090 819 constituti
1111 759 1213 818 mutuo
1231 737 1288 817 sibi

84 859 221 925 scribunt
236 866 269 924 et
284 860 321 924 ad
339 859 413 923 alios
432 860 506 935 „Dei
524 860 641 940 gratia“
650 880 660 932 ;
685 859 843 922 interiores
861 867 961 926 autem
977 865 1097 946 apellat,
1113 869 1147 927 ut
1161 861 1287 927 abbates

84 970 239 1054 simplices
257 975 287 1034 et
303 967 449 1052 prepositi
472 973 502 1032 et
527 967 699 1031 consimiles
730 969 774 1032 eis
798 969 892 1032 dese
915 970 1053 1035 scribunt
1076 970 1288 1045 „miseratione

86 1080 222 1151 divina“,
240 1079 320 1143 sicut
336 1079 374 1140 de
389 1078 526 1161 utrisque
542 1077 582 1163 a)
599 1069 810 1159 exemplariter
825 1079 964 1161 superius
980 1085 1028 1143 est
1044 1099 1227 1163 expressum.

169 1190 341 1268 Quomodo
357 1188 489 1255 abbates
505 1189 736 1273 Cystercicnais
751 1189 876 1254 ordinis
891 1190 978 1255 inter
990 1211 1026 1254 ac
1037 1209 1071 1252 se
1088 1190 1219 1253 salutant
1235 1187 1286 1276 l).

4 1337 5 1342 κ
81 1301 217 1368 hbbates
235 1297 447 1363 Cisterciensis
475 1297 605 1368 ordinis,
633 1297 684 1380 qui
712 1303 782 1362 sunt
808 1317 915 1380 pares,
936 1299 978 1363 ita
1006 1297 1086 1381 quod
1112 1298 1290 1364 alteralteri
1326 1299 1332 1320 ¹

81 1413 200 1477 ratione
215 1408 366 1475 filiationis
383 1427 444 1472 non
459 1407 575 1479 subest,
594 1407 637 1470 sic
655 1405 713 1470 sibi
730 1406 881 1471 scribunt:
897 1407 1062 1470 Karissimo
1080 1412 1110 1471 et
1125 1407 1291 1472 venerabili

81 1522 163 1608 patri
190 1517 402 1583 claravallensi
434 1515 536 1580 abbati
567 1517 669 1589 fratri,
700 1517 739 1580 M.
772 1515 867 1580 abbas
898 1516 1069 1580 hloribundi
1101 1517 1229 1582 salutem
1262 1524 1292 1582 et

82 1634 233 1703 sinceram
251 1629 281 1691 in
299 1627 419 1690 domino
434 1625 602 1690 karitatem.

176 1740 294 1804 Patres
321 1759 396 1802 cero
424 1737 554 1802 abbates
575 1738 644 1801 suis
663 1735 743 1822 filiis
767 1734 828 1798 sic:
864 1735 982 1800 Dilecto
1010 1755 1047 1798 ac
1074 1734 1234 1801 karissimo
1259 1736 1292 1802 in

84 1847 208 1914 Christo
237 1845 297 1909 filio
325 1844 445 1907 domino
467 1846 502 1907 L.
527 1842 630 1908 abbati
658 1844 689 1907 in
710 1845 991 1928 Paumgartenperg
1018 1844 1113 1909 frater
1139 1847 1172 1910 ll.
1197 1847 1293 1912 abbas

86 1961 202 2024 Sancte
220 1955 327 2019 Crucis
343 1953 441 2016 filialis
458 1954 504 2016 vel
521 1953 623 2017 debite
641 1953 811 2018 dilectionis
828 1953 1027 2018 constantiam
1044 1960 1075 2019 et
1096 1956 1231 2020 salutem.
1249 1997 1293 2010 -

85 2068 153 2133 Filii
174 2086 249 2130 vero
278 2064 404 2129 abbates
432 2063 571 2146 patribus
594 2064 658 2129 suis
681 2063 726 2128 sic
748 2046 902 2128 scribunt:
926 2065 1101 2128 Reverendo
1116 2067 1155 2130 in
1172 2066 1292 2130 Christo

84 2178 162 2262 patri
193 2182 225 2241 et
253 2175 372 2238 domino
394 2175 428 2238 Β.
452 2173 617 2237 venerabili
647 2172 749 2237 abbati
776 2173 845 2237 talis
868 2173 927 2237 loci
950 2175 1043 2239 irater
1059 2174 1095 2240 Ο.
1112 2174 1207 2243 abbas
1223 2177 1293 2241 talis

84 2285 229 2359 ecclesie,
246 2283 466 2349 subiectionem
481 2282 512 2344 in
529 2282 668 2347 omnibus
684 2287 745 2346 tam
760 2282 902 2346 humilem
924 2301 1012 2366 quam
1036 2284 1225 2368 condignam.
1242 2325 1287 2336 -

83 2398 194 2485 lstec)
211 2396 319 2460 modus
333 2394 588 2478 Cysterciensium
597 2394 738 2459 abbatum
752 2395 924 2459 estinterse
936 2394 1121 2458 invariabilis
1130 2397 1342 2468 omnivicemu.
1351 2423 1401 2465 ιο..

179 2510 310 2575 lhiurea
326 2508 444 2573 decant
456 2513 564 2572 mutuo
581 2507 627 2571 sic
642 2507 706 2572 sibi
721 2505 867 2569 scribunt.
897 2506 983 2570 Prior
998 2506 1129 2588 priorem
1145 2507 1293 2590 appellat:

8 2641 11 2650 ¹
88 2619 232 2685 dilectum
260 2617 301 2702 d)
329 2617 361 2679 in
389 2616 509 2680 Christo
526 2616 672 2685 amicum,
703 2617 799 2680 virum
815 2616 961 2700 religione
983 2616 1198 2700 conspicuum,
1226 2637 1295 2682 cum

87 2729 276 2796 orationibus
294 2728 456 2791 fraternam
472 2726 503 2790 in
520 2726 640 2790 domino
656 2725 825 2791 karitatem.
860 2725 913 2791 Sic
931 2726 1063 2791 decanus
1080 2727 1205 2792 decano.

182 2839 378 2916 Primicerii,
387 2839 634 2926 archiepiscopi,
643 2838 798 2925 episcopi,
806 2838 1042 2911 archidiaconi,
1051 2837 1295 2904 cononicisccu·

84 2956 187 3024 lares,
203 2957 348 3016 rectores
363 2947 582 3017 ecclesiaram,
599 2948 788 3032 inferiorum
805 2947 953 3012 ordinum
970 2947 1081 3013 clerici
1095 2946 1141 3010 sic
1159 2947 1295 3012 scribunt

84 3065 167 3128 inter
185 3081 219 3124 sc
236 3078 295 3122 uno
312 3057 400 3120 modo
416 3057 542 3140 alterum
559 3056 737 3139 appellando
753 3057 849 3120 virum
866 3054 1082 3127 honorabilem,
1098 3057 1294 3139 prudentem:

84 3173 209 3238 Dilecto
228 3169 259 3231 in
276 3166 396 3230 Christo
424 3165 477 3229 tali
504 3164 678 3247 primicerio
700 3171 759 3228 etc.
784 3165 909 3230 salutem
939 3170 969 3229 ct
997 3165 1180 3247 septiformis
1198 3168 1295 3249 gratia

86 3278 241 3364 sapientie
265 3276 390 3348 illustri,
419 3274 466 3338 vel
499 3275 625 3339 salutem
655 3274 693 3337 de
728 3275 852 3339 Jericho
890 3275 921 3337 in
960 3275 1128 3340 ,ierusalem
1166 3276 1297 3342 feliciter

86 3386 262 3475 pervenire.

184 3495 347 3564 salutatio
374 3494 613 3559 scolasticorum
640 3494 829 3559 adinvicem.
863 3492 934 3556 Viro
952 3491 1123 3574 spectabili,
1139 3493 1296 3576 magistro,

88 3607 211 3672 doctori
234 3605 424 3669 decretorum
445 3602 481 3665 H.
504 3607 605 3666 rector
621 3603 770 3666 scolarum
791 3602 1001 3674 Wiennensis‚
1017 3601 1089 3666 licet
1110 3602 1296 3668 insulliciens

89 3725 123 3784 et
151 3716 296 3797 indignus
324 3714 452 3778 salutem
479 3719 511 3777 et
532 3713 676 3777 inscolis
697 3713 896 3796 philosophye
917 3712 1061 3776 malitiam
1085 3733 1226 3777 exercere
1249 3717 1296 3780 vel

90 3828 223 3891 salutem
251 3830 282 3888 et
310 3844 346 3887 ea
374 3823 454 3887 scire
483 3829 514 3887 et
542 3823 652 3887 docere
679 3822 711 3886 in
738 3822 846 3893 terris,
876 3841 934 3905 que
963 3820 1083 3884 domino
1104 3824 1244 3906 placeant
1265 3825 1297 3888 in

89 3937 232 4002 excelsis.
262 3973 306 3984 -
335 3934 388 3998 Sic
417 3933 508 3998 etiam
535 3933 661 3998 studens
689 3932 834 4015 magistro
862 3931 984 4014 proprio
1012 3933 1124 4014 poterit
1151 3934 1296 4009 scribere,

87 4047 200 4131 positis
224 4043 336 4109 debitis
359 4043 518 4108 adiectivis
541 4043 656 4116 laudis,
681 4043 817 4106 vocando
841 4062 909 4106 eum
933 4041 1076 4104 dilectum
1099 4041 1250 4109 dominnm
1267 4051 1298 4109 et

87 4155 271 4238 magistrum
288 4171 384 4216 suum.

186 4263 345 4352 Moqicter
359 4263 518 4349 discipulo
535 4261 580 4324 sic
597 4260 721 4324 scribit:
746 4260 911 4325 Karissimo
934 4260 1117 4344 preamando
1134 4261 1296 4345 dpdascalo

91 4395 146 4440 suo
175 4375 211 4437 ll.
233 4372 313 4436 bone
341 4371 450 4435 indolis
478 4372 577 4436 iuveni
599 4371 634 4435 ll.
662 4377 764 4435 rector
790 4370 859 4435 talis
887 4371 946 4433 loci
976 4368 1157 4435 salutem'et
1184 4371 1296 4435 fontem

89 4482 222 4549 scientie
241 4501 330 4565 quem
343 4481 497 4545 desiderat
512 4480 650 4564 adipisci.

186 4608 221 4679 a)
240 4608 381 4682 utriusque
394 4608 423 4664 V·
437 4637 473 4648 —
485 4609 518 4679 b)
532 4623 562 4664 se
576 4607 693 4666 salutant
703 4610 774 4667 fehlt
785 4611 815 4668 V.
827 4639 856 4653 -·
866 4609 906 4680 c),
918 4611 961 4666 est
974 4608 1044 4666 lsblt
1056 4609 1085 4666 ll.
1101 4608 1137 4679 d)
1152 4608 1253 4668 dilecto
1266 4607 1297 4664 V.
