3100 5116
263 318 341 389 400

264 512 318 556 nos
339 493 510 576 principes,
547 493 645 557 adhuc
674 492 878 559 voluntatibus
906 491 1040 554 indevoti
1060 492 1107 579 ¹),
1137 513 1197 555 non
1226 494 1380 557 sustinent
1409 513 1467 555 nec

262 602 454 685 permittunt,
484 607 514 666 ut
537 604 574 667 ad
597 625 651 668 vos
675 604 740 669 sine
763 603 849 687 gravi
872 606 975 665 nostro
998 601 1132 683 periculo
1156 606 1187 664 et
1203 603 1336 666 ecclesio
1360 607 1468 665 nostre

263 716 410 795 perpetuo
434 718 619 776 ‘nocumento
653 715 807 777 veniamus
843 712 882 775 ad
917 731 1053 793 presens.
1108 710 1172 774 Nos
1199 711 1325 794 insuper
1353 712 1469 775 lactum

265 822 416 904 generalis
434 821 552 885 concilii
568 823 702 905 proxime
719 822 760 910 a)
776 821 960 885 imminentis
978 818 1019 906 ²),
1036 823 1070 882 ut
1085 819 1124 882 ad
1139 819 1212 884 illud
1229 825 1351 885 nostras
1371 821 1470 884 sarci-

265 931 350 994 nolas
383 948 596 1012 componamus
631 936 662 994 et
689 931 729 995 ad
756 930 978 994 discutiendum
1009 948 1078 992 cum
1110 929 1221 993 nostris
1253 929 1472 1012 suffraganeis,

149 1056 192 1095 rol·
202 1055 254 1094 ωε.
265 1039 395 1125 qualiter
422 1045 554 1103 nostram
588 1038 791 1122 provinciam,
826 1039 856 1102 in
891 1039 1042 1102 anxietate
1072 1038 1200 1123 positam
1234 1043 1266 1102 et
1297 1039 1471 1122 direpcioni

266 1149 447 1233 expositam,
475 1150 678 1232 relinquamus
695 1170 712 1213 a
728 1154 825 1232 tergo.
858 1149 985 1231 Propter
1007 1146 1088 1232 quod
1111 1145 1229 1210 fidelem
1252 1152 1390 1212 nostrum
1412 1149 1471 1211 mi-

266 1258 452 1322 nisterialem
467 1257 505 1322 ad
521 1259 687 1324 maiestatis
705 1258 902 1322 eminenciam
920 1256 1118 1327 destinamus,
1138 1256 1317 1339 suppliciter
1336 1277 1468 1321 exoran-

267 1374 331 1442 tes,
355 1372 503 1452 quatenus
521 1368 578 1432 sibi
594 1369 706 1452 regalis
729 1367 889 1432 audiencie
912 1367 1030 1452 copiam
1052 1366 1263 1449 indulgentes,
1285 1366 1379 1430 dictis
1405 1368 1471 1431 suis

269 1498 372 1544 aurem
396 1477 559 1560 benignam
587 1483 618 1542 et
646 1478 798 1562 credulam
827 1476 1012 1542 concedatis.
1045 1476 1109 1540 Nos
1142 1475 1238 1539 eciam
1265 1494 1322 1558 per
1345 1476 1473 1540 dominii

268 1587 361 1652 vestri
378 1587 535 1652 districtus
552 1586 591 1650 ad
606 1587 720 1652 dictum
735 1591 938 1671 proponentes
956 1585 1116 1649 concilium
1128 1583 1281 1666 proticisci
1295 1583 1354 1648 sub
1368 1589 1474 1648 vestre

209 1781 211 1787 Ι
269 1697 441 1760 securitatis
463 1694 589 1758 brachio
612 1716 671 1759 una
694 1715 762 1758 cum
785 1699 888 1758 nostra
911 1694 1024 1758 familia
1047 1692 1197 1776 colligetis
1220 1693 1277 1756 sub
1293 1693 1474 1757 testimonio

269 1810 438 1871 vestrarum
454 1805 628 1888 patencium
644 1804 807 1868 literarum.

831 2099 895 2172 54.

658 2281 819 2362 ltplscopus
837 2279 987 2361 suppllcat
1004 2281 1077 2360 regl.

272 2441 323 2496 uin
335 2441 452 2513 Boeotos
463 2442 570 2514 forster!
587 2443 638 2495 dea
660 2440 747 2511 Ko'nip
766 2439 870 2511 liudolf
884 2438 941 2509 auf,
962 2439 1029 2492 oter
1046 2438 1091 2493 die
1109 2454 1199 2509 wepen
1212 2435 1288 2491 ihrer
1302 2435 1477 2492 Auesclrwei-

271 2538 374 2610 scupea
395 2536 452 2589 aad
480 2530 641 2590 Vertreeltcn
662 2531 745 2586 echon
773 2548 820 2585 cor
845 2529 911 2585 zwei
936 2526 1039 2584 Jadren
1063 2546 1112 2584 con
1137 2527 1191 2582 itm
1217 2525 1481 2583 exeommunicirten

628 2625 733 2677 Brdder
746 2622 791 2678 die
804 2620 873 2676 Ackt
884 2618 1107 2692 cuccuapreclrcn.

365 2772 509 2833 colmam,
523 2788 549 2842 p.
564 2768 624 2824 199,
639 2768 809 2838 {ludolphum
822 2769 900 2836 rogat
913 2769 965 2820 etc.
979 2765 1090 2828 Stellae,
1105 2781 1146 2820 no.
1161 2761 1224 2848 2l3.

365 2921 501 3002 Urgente
518 2937 572 2981 nos
588 2917 652 2979 iure
668 2914 790 2997 publico
808 2913 945 2997 cogimur
959 2912 1122 2996 populares
1138 2911 1263 2974 iniurias
1284 2914 1316 2972 et
1335 2929 1484 2973 excessus

276 3030 413 3116 publicos
429 3027 460 3090 in
482 3024 635 3108 regalibus
653 3023 745 3087 curiis
768 3023 965 3104 proclamare.
998 3019 1151 3084 Maiestati
1173 3019 1276 3102 itaque
1299 3018 1386 3101 regie
1410 3018 1482 3080 iuti-

277 3159 403 3210 mamus,
420 3135 592 3221 quod-tales
609 3133 646 3197 N.
665 3136 695 3195 et
709 3133 743 3195 Α.
762 3131 793 3194 in
808 3131 928 3215 placitis
945 3130 1055 3194 nostris
1078 3126 1207 3215 publicis
1231 3125 1336 3212 sepius
1359 3126 1483 3217 procla-

278 3250 350 3313 mati
368 3251 398 3310 et
414 3244 586 3308 denunciati
602 3243 662 3305 iam
684 3241 801 3323 pridem
823 3245 856 3304 ut
877 3240 1088 3304 malefactores
1112 3236 1237 3321 publici,
1255 3254 1310 3318 pro
1328 3256 1378 3308 eo,
1404 3235 1484 3321 quod

278 3359 389 3444 predas
406 3361 436 3420 et
451 3355 573 3439 rapinas
591 3358 621 3416 et
638 3351 732 3437 spolia
748 3350 908 3415 manifesta
925 3349 1079 3413 nocturnis
1093 3347 1267 3430 diurnisque
1280 3345 1484 3428 aggressibus

280 3472 310 3533 in
338 3465 497 3532 itineribus
525 3461 725 3545 frequentatis
749 3465 779 3523 et
795 3460 899 3524 stratis
924 3458 1055 3542 publicis
1080 3457 1297 3520 commiserunt
1325 3460 1358 3520 et
1386 3456 1485 3519 adhuc

280 3577 466 3645 committere
483 3595 542 3638 non
555 3571 732 3635 formidant:
752 3569 928 3634 invaserunt
940 3557 1098 3639 eeclesias,
1113 3565 1318 3651 spoliaverunt
1330 3584 1483 3647 pauperes

279 3687 469 3775 peregrinos,
484 3684 684 3747 iuramentum
700 3679 859 3765 prestitum
875 3676 962 3741 nobis
985 3675 1183 3745 violaverunt,
1205 3673 1427 3738 constituentes
1450 3693 1484 3734 se

375 3867 409 3930 a)
423 3863 545 3938 proximo
559 3863 586 3916 Z.

286 4057 611 4078 ρ...-

313 4184 336 4244 ¹)
356 4184 444 4232 Otakcr
458 4196 503 4228 von
516 4182 621 4228 Bdhmon
635 4179 681 4225 und
697 4176 809 4223 Heinrich
823 4189 868 4221 von
882 4175 974 4220 Balern.

310 4275 335 4335 ²)
357 4279 403 4321 Des
422 4272 563 4334 allgemcine
583 4269 714 4316 Concilium
733 4282 762 4311 nu
779 4267 853 4324 Lyon,
871 4265 909 4311 hei
930 4264 1043 4310 welchem
1057 4261 1200 4308 llrnbisehol
1210 4260 1335 4305 Friedrich
1355 4257 1482 4305 nnwcacnd

356 4381 413 4419 war,
429 4364 510 4409 werde
523 4375 558 4407 am
572 4363 595 4406 7.
608 4361 654 4406 Mai
669 4357 731 4405 1274
750 4357 858 4403 crdffnet.
873 4358 948 4401 Unser
966 4352 1034 4400 Briet
1045 4355 1153 4400 erwlhnt
1165 4352 1204 4395 die
1217 4351 1344 4408 llrtnuug,
1358 4351 1397 4395 die
1411 4361 1486 4406 nuper

358 4454 535 4516 stattgctnndon
550 4452 620 4506 habe,
633 4450 680 4496 nnd
693 4447 883 4500 decennnium,
896 4445 1000 4492 welche·
1014 4444 1121 4503 proxime
1134 4441 1328 4494 berorstehescr
1342 4441 1421 4487 ἀῆται
1434 4439 1485 4485 aloc

358 4548 388 4592 im
402 4546 507 4591 Februar
520 4544 579 4589 eder
591 4543 656 4589 ttldrs
670 4537 732 4587 1274
745 4537 905 4599 geschriebcn
920 4536 980 4584 scin.
