3100 5116
1193 319 1270 391 329

67 503 172 567 velitis
189 503 304 587 aliquid
320 501 470 574 intimare,
482 519 539 583 per
552 497 631 583 quod
649 496 737 561 avida
752 500 919 559 vestrarum
937 491 1155 558 exaltacionum
1171 498 1274 557 nostra

69 612 200 676 devocio
217 613 299 676 inter
315 611 442 693 adeptos
464 611 524 672 lete
542 604 767 689 tranquillitatis
783 603 888 666 modos
904 602 1052 667 tutissime
1069 603 1206 665 foveatur
1223 605 1275 686 a),

68 720 252 786 intimantes
270 725 302 784 et
317 719 495 782 mandantes
513 716 538 779 si
555 735 612 799 qua
629 713 794 785 volueritis,
818 710 956 794 quoniam
972 709 1059 774 nobis
1075 709 1158 773 iussa
1174 709 1276 774 vestra'
1313 795 1318 806 .

68 849 242 912 capessere
264 832 436 909 promptum
459 830 507 888 est
529 842 708 907 quecunque
731 819 891 904 protulerit
918 823 1018 882 vestra
1046 817 1276 902 magnificencia

67 937 253 1002 reverenda.

656 1135 719 1208 ao.
832 1095 869 1116 ”

454 1315 617 1397 Episcopus
634 1312 666 1377 ll.
684 1312 801 1376 domino
818 1329 907 1394 pape.

546 1473 635 1534 1276.
648 1474 810 1530 December.

70 1620 243 1693 Endiacbof
261 1618 406 1676 Friedrich
427 1636 479 1675 con
501 1618 633 1691 salzburg
652 1617 728 1674 tloeilt
749 1621 808 1674 dem
830 1619 929 1688 Papete
943 1615 1049 1673 Jotano
1061 1619 1130 1673 XXI.
1151 1618 1209 1686 mit,
1232 1619 1283 1676 wie

76 1712 196 1780 orakar,
220 1713 273 1768 der
286 1711 333 1767 elon
350 1712 407 1766 uod
423 1709 500 1766 aeine
517 1707 617 1765 Kircloc
636 1727 668 1764 eo
685 1709 748 1764 bort
759 1709 891 1781 cerfolgc‚
913 1707 972 1766 ciclo
985 1708 1093 1764 endlc'cfo
1106 1711 1166 1765 dero
1179 1711 1284 1783 Konga

492 1799 596 1872 flodolf
607 1800 787 1871 cntemorfen
798 1797 873 1854 loebe.

178 1947 262 2004 Gerb.
276 1945 303 2010 2,
316 1944 360 2001 ὅθ.
374 1946 503 2001 Boobmer
515 1944 725 2007 Reichssachen,
738 1961 782 1997 uo.
797 1942 858 1996 357.

172 2092 307 2156 Elevatis
336 2092 375 2154 ad
402 2091 500 2154 celum
527 2089 665 2153 manibus
694 2089 878 2171 redemptori
907 2095 1027 2162 nostro,
1055 2089 1112 2153 Dei
1133 2090 1193 2154 filio
1210 2092 1284 2156 Jesu

76 2200 218 2274 Christo,
230 2199 284 2264 leti
296 2200 401 2264 laudes
420 2197 599 2263 exsolvimus
618 2203 649 2261 et
666 2198 761 2280 ipsius
779 2198 885 2261 eximie
901 2197 1007 2280 pietati
1024 2198 1062 2261 ad
1080 2204 1193 2281 grates,
1211 2220 1285 2284 quas

77 2329 265 2394 possumus,
293 2308 445 2372 humiliter
467 2307 645 2371 inclinamus
654 2351 682 2390 ,‚
691 2306 741 2390 qui
759 2306 889 2369 ecclesie
907 2327 961 2370 sue
977 2308 1118 2391 precibus
1136 2316 1286 2382 exoratus,

78 2437 251 2503 personam
263 2423 394 2481 vestram
411 2415 634 2481 sanctissimam
651 2415 809 2479 collocavit
824 2415 856 2478 in
879 2415 1032 2498 speculam
1049 2418 1239 2492 eminentem,
1256 2426 1289 2484 ut

85 2528 128 2592 ab
147 2528 209 2592 alto
227 2526 344 2600 luceat,
374 2532 404 2591 et
425 2527 564 2589 relucens
581 2525 619 2588 ad
635 2525 731 2588 instar
748 2525 861 2606 fulgide
877 2527 1055 2608 margarite,
1083 2535 1200 2592 mentes
1222 2529 1289 2593 illu-

84 2637 186 2700 minet
206 2636 308 2718 populi
331 2635 496 2699 christiani.
530 2637 595 2698 Hoc
618 2654 691 2716 ergo
716 2635 824 2698 eodem
845 2635 926 2697 felici
942 2642 1078 2717 tempore
1096 2657 1165 2721 quo,
1189 2638 1288 2702 divina

83 2745 196 2828 gracia
211 2745 377 2816 revelante,
394 2744 476 2808 beati
493 2745 575 2809 Petri
599 2743 802 2827 apostolorum
824 2743 986 2825 principis,
1009 2751 1097 2826 pater
1112 2748 1288 2828 apostolice,

83 2854 258 2918 ascendere
274 2852 427 2917 meruistis
445 2853 649 2935 sollempniter
665 2851 883 2934 principatum,
906 2853 963 2915 Dei
987 2853 1079 2926 filius,
1110 2855 1288 2918 benedictus

83 2964 118 3026 in
135 2962 253 3034 secula,
270 2962 403 3026 visitavit
419 2961 601 3045 inpartibus
617 2963 770 3025 Alemanie
786 2962 905 3044 plebem
928 2982 1012 3025 suam
1036 2969 1066 3027 et
1082 2965 1178 3028 erexit
1194 2985 1288 3028 cornu

86 3070 198 3134 salutis
229 3069 325 3134 nobis.
361 3070 478 3134 Cornua
507 3070 628 3154 quidem
655 3069 726 3132 iusti
748 3070 893 3132 Dominus
917 3071 1057 3135 exaltavit
1079 3071 1136 3135 hoc
1152 3078 1288 3155 tempore

87 3186 121 3244 et
154 3181 309 3261 confregit
340 3199 452 3244 cornua
488 3179 678 3262 peccatoris,
718 3180 769 3262 qui
797 3177 836 3264 b)
869 3180 1014 3243 adversus
1048 3201 1157 3263 corpus
1190 3181 1288 3246 tocius

87 3289 227 3354 ecclesie
250 3289 501 3372 corrumpendum
518 3290 595 3353 etin
612 3295 745 3352 nostram
762 3309 867 3352 necem
884 3291 1055 3371 specialiter
1070 3292 1223 3356 ferebatur
1239 3291 1288 3378 c).

10 3475 14 3482 ⁸
84 3401 127 3463 Et
143 3397 218 3461 licet
233 3399 327 3471 multi,
345 3405 377 3462 ut
393 3399 555 3471 credimus,
573 3399 660 3462 huius
677 3398 721 3460 rei
735 3399 815 3480 apud
828 3391 958 3462 vestram
972 3400 1166 3464 clemenciam
1180 3402 1290 3464 fuerint

87 3508 258 3578 relatores,
287 3527 342 3570 nos
365 3513 466 3572 tamen
488 3487 785 3590 paternitativestre
810 3506 853 3569 rei
876 3512 962 3587 geste
980 3493 1138 3573 seriem‘et
1155 3511 1290 3573 ordinem

88 3616 232 3681 veritatis
249 3616 442 3699 presentibus
459 3617 637 3680 revelamus.

184 3725 289 3806 Nuper
326 3725 462 3807 quidem,
501 3724 588 3788 nobis
627 3725 665 3787 ad
702 3724 824 3806 propria
856 3725 1059 3789 remeantibus
1092 3728 1129 3790 de
1162 3729 1290 3794 concilio

87 3833 300 3916 Lugdunensi,
323 3840 353 3896 et
377 3835 512 3898 volentes
539 3854 574 3896 ea
602 3834 765 3916 prosequi,
795 3853 853 3916 que
878 3834 908 3897 in
931 3834 996 3916 ipso
1021 3837 1149 3900 concilio
1172 3840 1291 3903 fuerant

90 3941 255 4006 salubriter
284 3942 437 4013 ordinata,
469 3943 592 4006 illustris
625 3944 666 4027 d)
698 3963 750 4005 rex
780 3943 923 4006 Bolremie
955 3944 992 4006 ad
1025 3946 1071 4008 sui
1102 3949 1292 4028 presenciam

92 4071 149 4115 nos
178 4050 313 4122 vocavit,
342 4056 465 4114 vocatos
494 4071 637 4132 expresse
664 4050 833 4133 prohibuit,
862 4074 900 4114 ne
929 4053 1090 4126 decimam,
1120 4056 1292 4138 deputatam

91 4167 176 4224 terre
208 4165 314 4223 sancte
345 4179 400 4241 pro
433 4159 585 4231 subsidio,
628 4161 658 4223 in
690 4161 752 4223 suis
784 4161 945 4224 territoriis
977 4162 1079 4244 colligi
1110 4165 1291 4241 faceremus,

92 4288 171 4331 neve
205 4267 313 4349 aliquis
345 4273 479 4331 nostrum
508 4267 662 4331 salutifere
691 4269 790 4332 crucis
818 4268 942 4351 gloriam
971 4270 1150 4352 predicaret.
1183 4275 1293 4340 Postu-

93 4377 169 4440 lavit
201 4376 315 4449 eeiam‚
348 4384 381 4440 ut
408 4377 599 4441 iureiurando
629 4383 659 4441 et
688 4377 753 4442 aliis
783 4378 910 4442 diversis
945 4380 1140 4444 caucionibus
1169 4403 1293 4449 cavere·

191 4555 224 4626 a)
240 4558 376 4610 foveantur
388 4558 418 4610 V.
430 4585 463 4596 -
475 4555 506 4623 b)
522 4574 573 4626 quc
588 4555 668 4610 Gerb.
681 4584 713 4596 -
725 4557 757 4625 e)
771 4559 927 4612 ferebantur
946 4561 1014 4614 elata
1031 4560 1111 4614 Gerb.
1124 4593 1156 4601 -
1168 4565 1202 4634 d)
1217 4565 1294 4620 Otto·

98 4663 176 4700 carus
192 4647 272 4700 Gerb.
