3168 5124
1239 385 1286 458 21

101 557 231 640 epistola,
259 559 417 622 videlicet:
448 562 649 636 mandatum,
675 569 877 648 preceptum,
907 562 1089 638 conciliem,
1113 558 1291 627 mortorio,

99 669 308 754 supplicare,
332 671 505 735 volontatis
522 672 686 758 ccplcco‘o,
714 673 800 754 facti
830 673 1017 747 revocacio;
1051 669 1136 732 verbi
1172 667 1292 750 gracia:

9 843 10 856 ¹
100 776 296 842 ecclesiastici
312 779 369 842 viri
386 779 545 843 scribendo
568 781 631 843 suis
646 780 855 854 inferioribus,
880 781 905 843 si
922 787 991 844 sunt
1007 779 1120 850 clerici,
1138 778 1242 841 dicunt
1258 778 1293 857 a)

9 883 11 906 '
102 907 172 969 „per
199 906 358 951 censuram
386 889 657 962 ecclesiasticam“‚
675 890 701 952 si
728 911 799 954 vero
823 896 893 953 sunt
913 890 993 962 laici,
1014 895 1088 953 tunc
1111 887 1215 950 dicunt
1235 885 1295 948 eis:

9 1001 10 1088 ζ
102 996 253 1068 „volumus
271 997 503 1070 emendamus,
526 1004 674 1081 quatenus
696 999 755 1061 hoc
772 999 818 1060 vel
840 999 900 1062 hoc
922 998 1073 1061 faciatis“.
1107 999 1296 1081 Prcccptum

99 1103 211 1184 magnis
236 1105 376 1168 convenit
394 1106 479 1168 laicis
501 1107 591 1178 viris,
620 1107 671 1190 qui
693 1109 840 1189 premissa
861 1108 1038 1170 narracione
1056 1104 1209 1168 subiciunt
1229 1102 1296 1163 loco

98 1211 257 1293 peticionis
274 1212 313 1275 ad
335 1212 489 1276 subditos:
516 1215 718 1297 „precipimus
740 1215 833 1297 igitur
854 1214 940 1279 vobis
963 1214 1019 1278 sub
1043 1213 1166 1277 obtentu
1194 1209 1297 1292 gracie

98 1325 207 1394 nostre,
232 1326 381 1404 quatenus
413 1322 450 1386 ab
482 1323 589 1386 iniuria
621 1324 689 1386 talis
717 1325 845 1388 hominis
878 1323 1063 1387 desistatis“.
1099 1318 1300 1388 Consultorio

94 1431 214 1518 peticio
231 1431 354 1512 ponitur
369 1431 453 1494 verbi
469 1433 589 1513 gracia:
606 1434 750 1508 „consulo
766 1435 859 1514 igitur
871 1433 935 1504 tibi,
950 1437 1097 1515 quatenus
1110 1428 1300 1493 laudabiliter

97 1539 270 1614 inchoatum
298 1539 477 1623 principium
505 1539 563 1604 fine
593 1542 824 1605 commendabili
846 1547 876 1604 et
902 1539 1045 1605 laudabili
1072 1537 1298 1621 prosequaris“.

9 1673 11 1740 j
97 1647 175 1709 Idem
192 1652 244 1710 est
260 1647 296 1710 dc
314 1649 554 1715 ecbertocc'onc.
564 1689 608 1699 -
622 1651 867 1739 Supplicctoric
878 1650 1001 1739 peticio
1019 1653 1065 1711 θεῖ
1080 1646 1165 1710 verbi
1179 1645 1298 1727 gracia:

99 1756 257 1838 ‚supplico
285 1756 339 1820 tibi
367 1758 531 1821 amicorum
558 1757 733 1832 karissime,
763 1765 910 1843 quatenus
931 1758 1090 1841 pecuniam
1113 1754 1166 1818 tibi
1183 1775 1238 1837 per
1253 1773 1300 1815 me

10 1933 11 1936 Ἴ
98 1884 277 1928 concessam
298 1866 404 1929 harum
426 1867 514 1930 latori
537 1887 596 1930 non
609 1857 748 1932 ¹rennues
772 1866 892 1931 exibere
911 1867 981 1955 t)“.
1014 1865 1186 1929 Notandum
1201 1869 1302 1927 tamen

9 2003 11 2040 l
98 1975 174 2058 quod
188 1979 240 2036 est
253 1972 426 2036 differencia
442 1975 521 2038 inter
538 1976 708 2059 supplicare
726 1982 755 2040 et
770 1982 890 2058 petere:
907 1975 1070 2039 maioribus
1088 1973 1301 2055 supplicamus,

99 2083 220 2166 equales
244 2082 384 2164 petimus.
417 2083 491 2147 Item
513 2086 688 2150 volontatis
717 2086 864 2172 explecto
887 2085 953 2148 loco
980 2083 1140 2165 peticionis
1163 2081 1420 2164 penitorum-¹²¹·

98 2192 179 2254 verbi
207 2192 331 2274 gracia:
364 2193 519 2266 „volumus
548 2193 656 2275 igitur,
685 2199 718 2256 ut
745 2199 880 2257 nostrum
913 2192 1094 2255 desiderium
1125 2208 1302 2273 processum

10 2309 11 2344 i
98 2300 207 2363 habeat
230 2307 262 2363 ct
285 2299 445 2382 quodiam
467 2303 580 2364 l'actum
604 2306 650 2364 est
672 2322 726 2384 pro
749 2308 819 2364 uoto
842 2308 944 2365 nostro
968 2322 1003 2364 ex
1025 2319 1104 2363 nunc
1122 2305 1152 2361 θῖ
1168 2299 1198 2361 in
1214 2302 1302 2360 antea

99 2415 217 2474 maneat
234 2408 414 2472 illibatum“.
444 2411 540 2475 Facti
555 2412 732 2482 revocacr‘o,
750 2430 808 2493 que
826 2411 932 2482 eciam,
949 2416 982 2473 ut
1005 2409 1147 2481 diximus,
1165 2406 1303 2491 quando-

101 2537 155 2601 que
175 2523 209 2602 c)
228 2517 312 2581 cadit
327 2518 359 2580 in
374 2517 473 2581 locum
489 2518 658 2600 peticionis,
676 2519 802 2582 maxime
818 2519 918 2582 locum
933 2517 1025 2580 habet
1037 2519 1068 2580 in
1086 2518 1193 2581 litteris
1210 2535 1304 2598 papa·
1351 2558 1355 2564 -

101 2627 177 2692 libus
186 2650 195 2701 ;
212 2627 300 2691 verbi
314 2627 433 2709 gracia:
453 2627 659 2700 „Revocemus
672 2627 765 2709 igitur
777 2627 866 2691 talem
880 2627 1076 2698 sentenciam,
1094 2646 1182 2709 quam
1199 2633 1304 2688 contra

102 2757 248 2801 canonem
265 2738 401 2800 novimus
419 2756 487 2797 csse
502 2735 593 2798 latam
610 2735 682 2820 d).“
702 2736 934 2800 -Notandum
951 2736 1057 2808 eciam,
1076 2736 1155 2819 quod
1171 2736 1202 2798 in
1225 2731 1305 2796 omni

10 2837 11 2894 3
102 2847 254 2928 peticione
271 2859 364 2908 unum
380 2865 415 2907 ex
431 2844 528 2907 tribus
545 2850 593 2907 θεῖ
610 2845 879 2917 considerandum,
903 2845 1020 2907 scilicet
1035 2844 1082 2907 vel
1099 2846 1241 2908 honestas
1258 2840 1304 2902 vel

102 2955 289 3042 possibilitas
303 2959 355 3016 aut
366 2953 494 3016 utilitas:
511 2953 695 3016 honestas
712 2953 782 3016 ideo
796 2954 876 3036 quod
888 2955 986 3036 turpia
1002 2977 1063 3018 non
1079 2960 1148 3017 sunt
1164 2953 1305 3037 petendo,

103 3063 351 3150 possibilitas
369 3082 437 3125 nam
450 3062 572 3125 stultum
580 3068 626 3125 est
637 3067 741 3144 petere
755 3063 939 3145 quodpossit
950 3066 1014 3128 iure
1023 3064 1137 3146 negari,
1154 3063 1305 3127 utilitas

103 3176 244 3238 videlicet
277 3173 357 3256 quod
387 3169 432 3233 rei
462 3171 555 3252 petite
594 3170 749 3234 exaudicio
782 3173 864 3235 utilis
902 3193 970 3235 esse
1003 3179 1034 3236 et
1064 3195 1124 3236 non
1157 3172 1307 3255 superflua

103 3285 250 3347 rideatur.

555 3553 597 3616 lte
614 3553 806 3617 conclusione
822 3551 871 3638 e),

198 3755 346 3839 Sequitur
360 3752 397 3815 de
414 3751 617 3814 conclusione.
647 3753 703 3816 Est
717 3753 810 3836 igitur
825 3756 980 3820 conclusio
998 3775 1141 3820 summam
1160 3753 1308 3820 oracionis

108 3867 270 3950 explicans.
303 3862 475 3926 Notandum
491 3881 562 3924 vero
586 3861 666 3944 quod
690 3864 914 3928 conclusionum
937 3867 994 3930 alia
1011 3873 1056 3931 est
1073 3867 1309 3954 deprecatorio,

63 4039 66 4046 ,
109 3977 165 4041 alia
181 3975 397 4042 mandatorio,
415 3972 472 4034 alia
488 3971 677 4044 hortatorio,
700 3972 756 4034 alia
774 3978 997 4048 consolatorio,
1022 3978 1079 4040 alia
1102 3977 1308 4042 correctoria.

109 4086 206 4148 Prime
223 4090 287 4148 tres
303 4083 391 4146 facile
408 4085 536 4163 possunt
552 4081 713 4162 cognosci;
731 4085 946 4151 consolatorio
963 4086 1006 4148 sic
1023 4086 1072 4158 lit,
1087 4086 1173 4148 verbi
1189 4085 1309 4166 gracia:

113 4214 188 4269 „neo
216 4213 271 4256 uos
299 4211 379 4255 mors
405 4189 474 4253 talis
501 4208 631 4270 persone
653 4190 823 4271 perturbet,
854 4193 923 4275 quia
945 4214 1100 4275 speramus
1121 4193 1220 4276 ipsum
1243 4213 1312 4256 cum

201 4412 237 4480 a)
257 4407 414 4465 mandamus
427 4408 503 4463 vobis
517 4425 567 4479 per
581 4425 720 4464 censuram
734 4411 954 4478 ecclesiasticam,
969 4420 1099 4488 quatenus
1111 4419 1164 4474 hoc
1183 4421 1224 4476 vel
1238 4420 1305 4475 illud

111 4503 198 4558 statim
219 4501 284 4556 viris
300 4499 470 4572 presentibus
489 4499 605 4556 faciatis.
623 4502 783 4574 Prcoeptum
802 4506 830 4559 Z.
844 4537 878 4547 —
892 4507 924 4575 b)
946 4513 1074 4567 exhibere
1088 4512 1115 4564 Z.
1129 4540 1164 4549 -·
1178 4511 1209 4579 c)
1223 4529 1325 4584 quan·¹

113 4595 256 4668 doquidem
270 4593 296 4650 Z.
319 4623 347 4632 -
362 4592 397 4662 d)
411 4593 543 4662 prolatam
557 4593 584 4648 Z.
599 4594 630 4666 e)
645 4595 787 4653 Distinotio
801 4603 843 4658 xl.
