3168 5124
253 319 357 425 ‚sn

305 493 372 556 talis
389 493 560 556 monasterii
576 495 692 557 noviter
714 495 912 577 complantata
935 495 1033 578 dignis
1055 496 1263 578 frequentetur
1284 493 1451 557 honoribus
1468 498 1498 554 et

305 602 516 684 temporalibus
533 602 742 667 nichilominus
756 603 892 685 proficiat
914 604 1125 675 incrementis,
1158 603 1293 666 omnibus
1317 621 1391 664 vere
1414 601 1499 682 peni-

305 710 435 774 tentibus
443 732 479 775 ac
487 713 691 795 contritis,qui
705 712 743 775 ad
755 713 833 775 idem
841 713 1159 785 monasteriumcuius
1172 711 1262 775 beata
1268 712 1356 794 virgo
1364 715 1500 774 matrona

306 819 404 883 existit
420 820 470 907 a),
486 821 516 883 in
532 828 659 903 quatuor
673 821 815 904 precipue
831 821 1043 885 festivitatibus
1067 820 1201 884 eiusdem
1217 819 1343 901 virginis
1368 818 1501 900 gloriose

305 926 470 992 devotionis
487 949 577 992 eausa
593 929 788 993 confluxerint
814 935 845 993 et
861 930 1051 994 elemosinam
1074 949 1157 992 suam
1178 927 1290 991 ibidem
1306 926 1502 1010 reliquerint,

304 1056 360 1118 pro
388 1037 519 1120 qualibet
544 1038 610 1100 vice
637 1039 687 1102 Xlr
717 1039 781 1100 dies
810 1038 1004 1101 criminalium
1033 1038 1071 1100 de
1093 1038 1226 1100 iniuncta
1247 1037 1306 1098 sibi
1333 1034 1503 1118 penitentia

306 1145 539 1209 misericorditer
565 1147 730 1209 relaxamus
746 1146 936 1228 presentibus
964 1146 1002 1208 ad
1030 1145 1209 1209 decennium
1233 1144 1271 1231 b)
1299 1143 1449 1207 valituris.

663 1315 816 1377 'lractstus
834 1314 870 1376 de
887 1314 1136 1395 exemptionibus.

801 1419 927 1464 oretanum
944 1420 1003 1463 xnr.

394 1519 547 1600 Exemptio
559 1519 678 1600 proprie
692 1523 739 1581 est
751 1518 800 1581 ubi
813 1518 910 1600 aliqua
923 1517 1052 1581 ecclesia
1066 1515 1269 1580 conventualis
1287 1514 1505 1578 canonicorum

306 1613 487 1713 regularium
503 1626 550 1687 vel
566 1625 755 1697 secularium,
768 1626 981 1689 monachorum
994 1626 1041 1687 vel
1053 1625 1267 1688 monacharum
1283 1623 1459 1686 immediate
1468 1620 1506 1702 c)

305 1735 409 1797 subest
423 1755 511 1816 pape,
527 1734 568 1796 ita
583 1734 724 1797 videlicet
739 1739 771 1796 ut
787 1734 813 1795 si
829 1734 906 1797 infra
922 1734 1110 1816 metropolim
1127 1733 1251 1796 alicuius
1278 1729 1506 1813 archiepiscopi

306 1840 354 1902 vel
382 1839 543 1920 dyocesani
566 1839 700 1921 episcopi
728 1839 768 1902 sit
783 1839 824 1924 d)
841 1839 915 1910 sita,
944 1839 1152 1902 nichilominus
1180 1838 1431 1921 metropolitanus
1459 1835 1507 1900 vel

306 1948 493 2031 dyocesanus
510 1947 668 2029 episcopus
686 1947 777 2010 nichil
795 1947 868 2010 iuris
884 1947 995 2011 habeat
1010 1948 1041 2010 in
1057 1948 1182 2018 eisdem,
1200 1946 1255 2009 sed
1272 1947 1371 2010 omnia
1388 1945 1508 2009 directe

307 2061 337 2118 et
352 2054 522 2132 immediate
538 2057 688 2139 pertinent
704 2057 742 2118 ad
758 2076 874 2138 papam.
1496 2053 1499 2062 ⁴

394 2163 609 2245 Exceptionum
631 2162 688 2226 alia
709 2165 915 2235 aniversalis,
944 2164 1001 2225 alia
1025 2166 1249 2252 particularis.
1301 2164 1506 2231 Universalis

306 2278 368 2344 est,
409 2290 465 2354 que
494 2271 689 2334 universitate
717 2271 790 2333 iuris
825 2272 955 2352 pertinet
980 2273 1018 2334 ad
1047 2273 1198 2336 dominum
1218 2293 1336 2356 papam.
1361 2274 1404 2336 ita
1429 2270 1511 2354 quod

304 2382 533 2462 metropolitano
551 2380 591 2465 e)
612 2381 660 2443 vel
688 2381 858 2462 dyocesano
875 2378 914 2465 f)
938 2381 1028 2444 nichil
1056 2381 1129 2444 iuris
1156 2359 1312 2444 remaneat
1339 2381 1371 2444 in
1388 2380 1510 2448 eadem,

300 2490 516 2567 particularis
533 2495 590 2561 est,
618 2510 676 2572 que
703 2510 758 2571 pro
786 2495 871 2572 parte
901 2495 931 2553 et
957 2490 1103 2554 incertis
1129 2491 1250 2553 casibus
1281 2491 1319 2554 ab
1342 2488 1512 2554 eorundem

305 2595 511 2660 iurisdictione
529 2597 664 2659 eximitur
681 2605 711 2661 et
727 2598 784 2660 alia
800 2604 885 2680 parte
901 2599 1032 2681 pertinet
1059 2599 1097 2662 ad
1126 2599 1258 2674 eosdem,
1282 2597 1375 2662 Verbi
1392 2597 1511 2679 gratia:

305 2705 330 2766 si
358 2705 456 2787 aliqua
484 2704 614 2766 ecclesia
647 2710 787 2787 quantum
809 2705 847 2768 ad
868 2706 926 2769 hoc
949 2712 996 2770 est
1018 2685 1169 2788 exempta,
1202 2707 1281 2789 quod
1303 2707 1333 2769 in
1355 2727 1392 2769 ea
1410 2706 1511 2768 nullus

288 2813 465 2897 ,episcopus
480 2813 526 2907 vel
544 2813 789 2896 archiepiscopus
806 2816 901 2897 possit
924 2815 1022 2879 divina
1045 2817 1248 2897 suspendere,
1272 2820 1372 2878 tamen
1391 2815 1463 2900 quia
1481 2814 1512 2876 in

305 2942 358 2986 sua
372 2922 418 3005 a}
430 2921 552 3003 dyocesi
569 2927 617 2984 est
632 2921 700 2994 sita,
717 2923 857 2986 exhibeat
873 2923 900 2986 ei
916 2925 1116 2987 reverentiam
1133 2929 1163 2986 et
1181 2924 1335 2987 honorem,

335 3105 338 3112 ,
392 3032 465 3094 ltem
481 3033 705 3118 receptionum
721 3033 789 3097 olio
802 3036 997 3120 personalis,
1015 3035 1083 3098 otia
1098 3034 1222 3098 localis.
1238 3033 1428 3097 Personatis
1445 3035 1505 3100 est,

304 3140 356 3203 ubi
372 3138 618 3221 archiepiscopus
631 3141 677 3202 vel
692 3141 852 3224 episcopus
869 3142 1015 3230 eximitur,
1029 3148 1061 3205 ut
1073 3163 1090 3204 a
1102 3141 1194 3213 nullo,
1207 3161 1264 3204 nec
1281 3141 1371 3202 etiam
1388 3151 1406 3201 a
1424 3138 1509 3201 sedis

306 3249 471 3332 apostolice
493 3239 613 3329 legatis,
630 3268 686 3312 nec
709 3249 799 3312 etiam
822 3270 839 3312 a
860 3250 1008 3313 iudicibus
1026 3250 1172 3331 delegatis
1189 3247 1443 3313 excommunicari
1458 3247 1506 3309 vel

305 3357 444 3421 interdici
471 3357 569 3419 valeat
595 3357 643 3418 vel
670 3357 830 3442 suspendi,
847 3363 878 3420 et
899 3359 966 3421 talis
990 3357 1125 3440 exceptio
1142 3357 1310 3439 personalis
1327 3355 1450 3439 quidem
1476 3359 1507 3416 et

305 3465 496 3548 particularis
524 3471 625 3549 potest
652 3465 728 3537 dici,
758 3466 826 3548 quia
853 3466 1062 3530 nichilominus
1085 3468 1162 3530 forte
1185 3467 1215 3529 in
1238 3465 1417 3549 quibusdam
1439 3463 1508 3525 'aliis

307 3577 496 3658 dyocesanus
517 3579 638 3637 tenetur
658 3575 780 3656 proprio
804 3571 1048 3656 metropolitano,
1071 3575 1143 3637 licet
1164 3575 1195 3637 in
1217 3575 1310 3639 certis
1328 3571 1452 3635 casibus
1469 3569 1509 3633 sit

308 3687 471 3763 exemptus.
503 3682 613 3746 Verum
641 3683 667 3744 si
695 3683 883 3764 dyocesanus
911 3685 956 3746 sie
973 3670 1120 3756 eximitur,
1148 3684 1232 3747 utin
1257 3704 1293 3746 eo
1317 3682 1408 3745 nichil
1432 3681 1508 3743 iuris

305 3797 458 3864 remaneat
473 3791 712 3872 metropolitano,
729 3791 904 3855 universalis
923 3793 981 3854 dici
1006 3798 1108 3874 potest
1125 3793 1192 3854 talis
1210 3792 1346 3874 exceptio
1370 3797 1401 3853 et
1417 3790 1508 3852 etiam

307 3901 561 3985 personalis,quia
574 3901 618 3962 sic
632 3921 698 3963 cum
712 3901 850 3964 universo
863 3903 927 3965 iure
941 3901 1077 3964 eximitur
1087 3921 1227 3982 persona.
1242 3900 1368 3966 Locutio
1383 3905 1442 3970 est,
1452 3918 1509 3980 que

308 4011 396 4073 alicui
408 4011 486 4080 loco,
503 4010 561 4072 hoc
574 4015 621 4070 est
633 4009 762 4070 ecclesie
779 4009 875 4072 datur.
893 4009 1084 4072 Prohemium
1096 4008 1189 4090 igitur
1200 4007 1403 4089 exempcionis
1417 3999 1510 4070 debet

309 4141 377 4184 esse
394 4119 430 4181 de
446 4118 630 4200 plenitudine
642 4119 801 4200 potestatis
815 4119 896 4180 sedis
909 4118 1073 4200 apostolice
1087 4123 1117 4181 et
1130 4118 1167 4178 de
1180 4117 1336 4180 favorabili
1348 4115 1508 4199 privilegio

303 4229 466 4299 libertatis,
504 4228 545 4291 ita
583 4228 662 4310 quod
677 4226 717 4313 h)
746 4228 930 4310 exceptionis
962 4227 1086 4290 verbum
1117 4226 1284 4288 nullatenus
1317 4224 1505 4289 obmittatur.

308 4339 426 4403 Dicitur
442 4343 540 4399 autem
568 4336 598 4398 in
624 4336 682 4399 fine
708 4336 907 4410 „auctoritate
923 4337 980 4400 Dei
1005 4333 1214 4416 omnipotentis
1244 4340 1274 4396 et
1302 4334 1510 4415 apostolorum

404 4465 437 4534 a)
451 4464 573 4520 consistit
586 4466 613 4517 Z.
632 4465 700 4534 —d)
715 4467 756 4518 hir
769 4464 803 4518 ad
817 4463 842 4518 d.
856 4467 986 4534 perpetuo
994 4463 1020 4516 Z
1034 4491 1071 4500 -
1082 4464 1115 4531 e)
1128 4460 1306 4515 immedietate
1325 4463 1355 4515 V.
1379 4492 1408 4502 -
1429 4463 1466 4531 d)
1486 4460 1509 4514 si

311 4561 399 4613 tamen
414 4559 489 4611 metr.
502 4556 572 4612 V.-
581 4557 612 4622 e)
624 4555 833 4626 metropolitacio
847 4555 875 4610 V.
886 4587 914 4600 -
923 4553 953 4624 s)
962 4554 1121 4624 dyocesaeio
1136 4554 1164 4606 V.
1176 4580 1203 4591 -
1211 4552 1295 4622 y)sui
1311 4553 1424 4621 V.-d)
1437 4559 1467 4608 ul
1480 4557 1506 4610 Z.
