3100 5116
1209 299 1288 370 379

85 480 209 546 adstare
226 482 334 565 clypeo
351 503 387 544 ex
402 480 539 544 adverso.
564 480 675 546 Verum
692 477 772 562 quia,
790 477 867 542 sicut
884 495 988 560 nuper,
1018 474 1182 540 venerabili
1198 477 1234 540 N·
1249 474 1287 562 ¹),

83 590 302 654 llatisbonensi
333 588 486 673 episcopo,
515 591 671 671 gratanter
697 586 784 650 nobis
819 585 1005 656 insinuante,
1029 567 1209 654 didicimus,
1236 587 1289 646 tua

85 699 170 784 quod
186 699 359 782 precordia,
383 696 503 761 visitata
527 697 651 780 spiritus
674 697 793 760 fervore
817 693 971 779 paracliti,
1000 693 1127 777 pristino
1150 693 1286 775 mitigato

82 827 215 872 rancore
243 827 280 871 ac
308 807 526 870 intumescente
554 805 667 888 impetu
696 809 879 888 temperato,
912 803 950 866 ad
982 801 1093 865 bonum
1125 801 1287 866 concordie

82 914 263 1000 conspirent
273 915 320 1003 ⁸):
349 912 522 998 magnificat
550 912 649 977 anima
677 932 745 976 mea
772 912 947 981 Dominum,
977 911 1028 994 qui
1056 910 1111 974 tibi
1134 910 1226 982 dedit,
1255 915 1288 974 ut

1 1033 2 1038 ’
83 1043 258 1108 speramus,
283 1043 452 1108 agnoscere
475 1022 547 1106 quid
569 1022 658 1086 saluti
681 1027 733 1084 tue
756 1019 906 1104 expediat,
932 1018 1004 1105 quid
1026 1018 1144 1090 honori,
1162 1038 1229 1082 cum
1246 1019 1286 1082 sit

1 1203 2 1206 Ἴ
81 1138 174 1216 turpe
199 1133 289 1196 nimis
315 1133 498 1217 plenumque
524 1131 668 1215 periculis
696 1129 808 1194 odiosis
833 1127 943 1192 lethale
971 1129 1084 1191 ferrum
1111 1131 1141 1190 in
1169 1127 1286 1192 viscera

1 1259 2 1322 j
82 1241 210 1326 propria
243 1246 453 1323 contorquere.
487 1239 619 1311 Idcirco,
653 1239 679 1302 si
707 1239 828 1322 scriptis
855 1256 947 1321 opera
975 1241 1223 1321 compensentur,
1256 1237 1286 1300 in

1 1344 2 1418 ἶ
83 1349 193 1432 grume
210 1354 312 1413 nostre
329 1347 545 1432 plenitudinem
561 1353 592 1411 te
609 1347 799 1430 colligentes,
812 1346 1027 1430 synceritatem
1038 1351 1120 1410 tuam
1132 1345 1287 1410 hortamur

82 1457 239 1523 attencius
271 1464 302 1520 et
333 1475 491 1539 rogamus,
524 1462 672 1539 quatenns
703 1461 827 1540 propter
857 1455 954 1518 Deum
987 1459 1017 1517 et
1047 1460 1098 1518 tue
1129 1454 1284 1518 felicitatis

1 1549 2 1592 ³
79 1571 281 1651 augmentum
302 1585 362 1629 nec,
382 1585 442 1628 non
465 1565 505 1629 ob
522 1563 665 1648 generale
682 1565 780 1629 tocius
797 1563 952 1648 provincie
968 1564 1168 1635 commodum,
1191 1564 1285 1627 collo·

79 1681 150 1741 cata
167 1695 224 1760 pre
242 1674 347 1745 oculis,
366 1677 476 1757 quanta
492 1673 643 1756 pernicies
660 1695 697 1737 ex
713 1672 771 1736 hac
788 1674 921 1738 scissura
935 1671 1102 1736 domestica
1113 1673 1286 1756 provenerit

1 1767 2 1778 ἶ
77 1783 253 1868 reipublice
276 1782 441 1846 turbatrice
465 1787 496 1844 et
519 1781 618 1846 adhuc
641 1781 736 1846 maior
757 1781 961 1846 uerisimiliter
982 1781 1094 1865 poterit
1121 1781 1285 1864 pullulare:

78 1892 216 1957 animum
232 1896 316 1954 tuum
333 1890 371 1954 ad
387 1889 613 1955 indissociabile
630 1889 742 1954 bonum
763 1891 849 1973 pacis
874 1893 1019 1974 perpetue
1052 1909 1088 1953 ex
1104 1890 1206 1954 innata
1229 1890 1284 1954 tibi

79 1999 232 2065 modestia
245 1999 369 2063 studeas
382 1997 548 2062 efficaciter
559 1998 717 2072 inclinare,
730 2018 798 2062 cum
810 1997 877 2081 ipso
890 2017 1034 2081 germano
1046 2004 1098 2062 tuo
1114 2004 1144 2062 te
1161 1999 1285 2082 paciens

78 2107 235 2174 amicabili
262 2107 368 2171 sedere
397 2107 513 2171 couniri
538 2108 579 2196 ⁸).
613 2106 695 2172 Alias
720 2107 800 2170 enim
828 2106 1018 2172 dissimulare
1042 2127 1102 2170 non
1123 2127 1284 2190 possumus

1 2209 2 2275 l
78 2239 136 2282 nec
154 2216 314 2288 debemus,
333 2217 404 2299 quin
420 2215 505 2279 fratri
520 2220 572 2279 tuo
589 2216 737 2300 predicto,
761 2215 813 2299 qui
835 2214 922 2278 nobis
945 2221 992 2279 est
1012 2215 1137 2281 funiculi
1154 2216 1282 2300 duplicis

77 2329 212 2411 ligatura
240 2325 419 2388 coniunctus
437 2325 479 2413 l),
504 2329 663 2408 presertim
691 2345 759 2388 cum
786 2323 867 2407 apud
890 2329 921 2386 te
949 2325 1097 2389 lecturum
1119 2346 1153 2388 se
1177 2325 1284 2390 ollerat

77 2436 228 2522 quidquid
245 2434 348 2505 debet,
365 2433 403 2497 ad
419 2433 640 2517 propulsandos
663 2432 811 2500 violentos
835 2437 865 2496 et
888 2434 1070 2498 voluntarios
1094 2439 1192 2498 motus
1216 2439 1284 2499 tuos

77 2547 209 2611 viriliter
224 2543 412 2608 assistamus.

104 2842 128 2901 ¹)
150 2845 242 2890 Leone.

1 2911 2 2988 l
101 2933 126 2994 ²)
148 2941 196 2983 Das
215 2936 247 2981 ist
267 2935 321 2981 eine
341 2934 494 2994 lllnweisung
513 2936 554 2980 aul
571 2934 617 2980 den
636 2935 712 2978 11112.
732 2931 836 2979 Februair
857 2934 917 2980 1276
936 2949 964 2980 zu
984 2933 1108 2996 Ntirnberg
1129 2935 1203 2982 durch
1223 2937 1282 2984 Ver·

152 3029 267 3086 mittlung
285 3027 328 3071 der
346 3026 456 3072 Bischble
474 3027 522 3070 Leo
542 3039 589 3072 von
608 3026 766 3086 Regensburg
780 3027 827 3070 und
841 3026 936 3070 Berlolrl
951 3039 996 3071 von
1013 3026 1140 3085 Wirzburg
1153 3029 1282 3088 geschlos·

153 3131 230 3164 senen
249 3115 458 3162 Walleustillstand
477 3115 597 3162 zwischen
617 3115 662 3160 den
676 3117 800 3176 Herzogen
820 3130 841 3162 v.
855 3115 951 3172 Baiern,
970 3116 1120 3176 Plalzgrafen
1140 3117 1177 3163 hei
1197 3121 1283 3174 Rheiu,

154 3209 255 3269 Ludwig
272 3209 320 3253 und
340 3207 461 3254 Heinrich.
484 3209 531 3252 ber
548 3183 635 3253 Frieds
654 3208 705 3252 kam
723 3207 812 3253 111129.
830 3207 875 3252 ldai
897 3207 959 3252 1276
983 3221 1009 3252 zu
1025 3209 1122 3254 stands.
1143 3205 1284 3266 (huebner,

153 3298 382 3349 Wittelsbuchisebe
401 3299 522 3358 hugesteu
542 3300 566 3344 S.
586 3299 626 3352 67,
645 3299 676 3346 68
696 3297 742 3343 und
763 3293 822 3356 82);
840 3299 870 3343 im
890 3299 1029 3356 September
1048 3301 1095 3345 tuat
1117 3301 1229 3347 Heinrich
1243 3306 1285 3349 11111

155 3395 182 3438 11.
204 3391 308 3437 lludolf's
320 3389 385 3435 Seite
405 3390 452 3435 und
470 3401 495 3434 es
515 3381 596 3434 uurde
616 3389 655 3436 die
669 3389 717 3436 Ehe
735 3389 853 3436 awiseben
872 3391 923 3434 dem
938 3389 1018 3434 Sohue
1031 3391 1073 3434 des
1086 3391 1200 3450 Hernogs,
1215 3394 1281 3446 Otto,

154 3483 202 3528 und
218 3481 260 3526 des
274 3482 366 3540 Ktntgs
378 3481 483 3525 Tochter
497 3479 625 3526 Katharlua
641 3480 791 3525 verabredet.

103 3565 130 3631 3)
152 3575 200 3619 hus
214 3573 294 3617 dieser
307 3571 382 3618 stelle
396 3571 453 3630 geht
471 3571 567 3622 her-vor,
588 3570 641 3615 dass
660 3569 702 3615 de'r
721 3571 787 3615 Briel
805 3571 865 3614 noch
881 3582 923 3614 vor
937 3569 989 3616 dem
1003 3569 1140 3616 definitiven
1153 3572 1281 3618 Frieders-

154 3667 247 3711 schluss
261 3663 420 3723 geschrieben
434 3664 480 3718 ist,
493 3662 543 3708 also
557 3662 676 3708 zwischen
690 3660 741 3706 dem
756 3663 860 3707 Februar
873 3663 921 3706 und
934 3662 978 3706 Mai
994 3663 1063 3708 1276.

105 3747 132 3814 ¹¹)
155 3757 257 3813 Ludwig
270 3766 319 3800 war
333 3755 380 3799 seit
392 3753 456 3798 unde
469 3754 575 3800 October
590 3752 651 3799 1273
665 3752 708 3798 der
721 3753 817 3798 Gemahl
830 3753 1281 3810 (111701111111.11116011’1,Μ1111116ε,

153 3850 202 3893 und
215 3848 283 3893 aeine
297 3845 434 3892 Schwrster
445 3844 564 3890 Elisabeth
577 3857 626 3889 war
639 3843 676 3888 die
691 3843 811 3889 Gemahllu
824 3843 975 3898 meicherne,
989 3845 1031 3890 des
1045 3847 1132 3891 Grnlen
1146 3859 1191 3890 rou
1205 3846 1281 3901 Tirol,

154 3941 240 3985 dessen
263 3936 369 3981 Tuchter
387 3936 505 3981 Elisabeth
524 3935 614 3980 hereits
637 3935 667 3980 im
686 3933 789 3979 Febr-nar
809 3932 870 3978 1276
894 3934 935 3978 mit
956 3935 1063 3981 lludoll’s
1084 3937 1278 3995 erslgeborenem

154 4031 235 4076 Sobne
253 4027 368 4073 hlbrecht
386 4027 502 4072 vermlthlt
521 4039 577 4071 wer.
601 4027 680 4084 Ver-gl.
700 4024 822 4078 6061111161,
841 4024 917 4070 auoit.
939 4027 964 4069 ll.
984 4026 1011 4070 1111
1030 4027 1088 4084 Reg.
1103 4026 1157 4083 imp.
1172 4026 1227 4071 inde
1249 4028 1278 4072 ab

157 4121 227 4175 1246,
242 4134 266 4177 p.
279 4117 335 4163 476.
