3112 5118
647 475 708 544 38.
750 418 754 426 Ι

407 634 600 697 Romanorum
624 652 677 697 rex
701 635 755 696 tell
780 634 946 696 conventui.

388 771 391 777 ’
493 786 852 860 ammomumm

76 937 169 992 Urbrm
182 938 200 990 1
206 937 233 990 V.
246 921 377 1009 cmpficblt
388 933 446 992 oieb
458 936 510 990 den
525 935 639 990 chatcn
652 933 703 988 der
715 951 772 1018 eum
788 933 1024 1004 denerat-Capite!
1035 932 1063 988 fn
1076 933 1194 1003 Botognc
1206 947 1268 988 oer-

492 1029 644 1082 cammelteo
656 1023 855 1081 Domint'lrcuer.

166 1170 257 1241 Ripoll
272 1169 301 1237 1,
314 1169 376 1224 419.
391 1169 507 1226 Gerbert
521 1170 546 1238 l,
560 1169 603 1224 25.

163 1315 198 1377 ln
213 1315 353 1396 precelse
370 1313 525 1396 dignitatis
537 1314 662 1385 honore,
680 1332 737 1396 quo
751 1332 806 1375 nos
818 1312 940 1394 pretulit
952 1311 1097 1394 exaltator
1107 1309 1272 1382 humilium,

67 1422 161 1505 quasi
184 1421 284 1485 honus
312 1409 491 1505 inportabile
518 1420 631 1485 nostris
660 1425 708 1484 est
733 1419 867 1484 humeris
895 1419 1067 1501 alligatum,
1089 1417 1173 1480 cuius
1202 1417 1273 1480 dum

65 1529 312 1611 magnitudinem
328 1530 531 1593 venerandam
549 1536 579 1593 et
595 1528 774 1610 stupendam
786 1527 968 1591 attendimus
983 1526 1033 1613 α),
1045 1547 1106 1590 non
1121 1524 1271 1590 immerito

68 1637 283 1701 formidamus.
316 1636 404 1723 Un'de
421 1637 501 1700 sicut
518 1657 554 1700 ex
569 1635 742 1718 fragilitatis
764 1641 867 1700 nostre
891 1634 1138 1698 consideracione
1159 1634 1274 1715 mergi-

67 1766 169 1819 mur,
187 1746 233 1808 sic
264 1767 300 1808 ex
327 1744 436 1809 fiducia
465 1745 565 1809 divine
586 1745 628 1831 o)
657 1743 821 1807 clemencie
849 1743 1068 1826 quodammodo
1095 1742 1273 1813 relevamur,

71 1858 255 1938 sperantes,
283 1854 363 1936 quod
391 1853 478 1917 buius
501 1853 662 1936 procellosi
690 1851 781 1916 maris
802 1871 949 1935 prospere
971 1851 1101 1915 transire
1122 1841 1273 1933 possimus

69 1961 220 2034 insidiae,
255 1962 281 2022 si
316 1961 402 2025 nobis
430 1961 598 2044 impetretis
626 1960 732 2025 salutis
760 1960 915 2032 auxilium,
950 1960 1001 2042 qui
1029 1959 1134 2022 celesti
1163 1976 1274 2039 sponso

67 2070 101 2133 in
137 2074 242 2132 vestre
271 2069 462 2132 consciencie
492 2069 609 2132 deliciis
641 2069 752 2132 lectum
785 2069 923 2131 floridum
957 2067 1152 2150 properastis.
1194 2065 1273 2146 Quid

72 2177 157 2240 enim
186 2177 273 2240 vobis
301 2197 320 2239 a
347 2177 404 2240 Dei
431 2176 544 2259 pietate
580 2177 798 2258 denegabitur,
831 2176 910 2238 illam
942 2173 1126 2238 merentibus
1160 2171 1274 2237 habere

71 2283 246 2366 propiciam
285 2284 416 2348 candore
447 2283 590 2348 virtutum
623 2289 653 2346 et
686 2284 778 2348 odore
815 2303 941 2367 operum
977 2283 1157 2346 beatorum?
1196 2279 1274 2362 Quid

73 2392 158 2474 apud
186 2391 326 2474 reginam
352 2391 568 2473 prefulgidum,
595 2396 721 2455 matrem
747 2391 886 2464 Domini,
919 2391 1092 2473 angelorum
1117 2388 1275 2474 Dominam

72 2500 260 2582 gloriosam,
287 2505 388 2563 vestra
405 2499 599 2564 conversacio
616 2521 677 2563 non
692 2499 833 2572 habebit,
862 2519 986 2582 quorum
1008 2498 1122 2562 meritis
1139 2496 1278 2579 splendet

75 2609 231 2680 ecclesia,
265 2609 406 2690 exemplis
437 2609 521 2690 viget
553 2615 583 2672 et
613 2607 734 2692 proficit
760 2609 869 2691 religio
898 2607 1083 2671 christiana?
1118 2605 1196 2688 Quid
1227 2604 1277 2667 illa

72 2716 238 2780 beatorum
261 2716 343 2779 acies
366 2717 475 2779 vestris
497 2715 605 2805 votivis
629 2739 689 2780 non
710 2716 884 2799 impetrabit
905 2716 1081 2788 aflectibus,
1109 2733 1168 2797 que
1191 2712 1277 2776 vobis

72 2824 216 2908 propicia
233 2824 370 2888 redditur
392 2831 422 2888 et
444 2845 499 2906 pro
521 2825 617 2888 laudis
641 2825 739 2889 divine
760 2827 914 2908 preconiis
936 2831 968 2889 et
982 2825 1043 2888 vite
1059 2823 1174 2886 meritis
1190 2822 1278 2884 inno·
1390 2813 1394 2820 ⁴

73 2932 200 2995 centis?
240 2931 322 2994 Ecce
349 2931 432 3012 regis
462 2932 559 2994 eterni
586 2933 721 3014 graciam
749 2937 780 2996 et
808 2933 930 2996 celestis
962 2931 1046 2995 curie
1077 2950 1130 2994 vos
1162 2929 1277 2994 habere

71 3041 213 3103 favorem
227 3039 315 3102 claris
329 3039 515 3120 argumentis
527 3041 711 3122 presumitur
723 3046 753 3103 et
766 3040 861 3122 signis
874 3039 1042 3122 perspicuis
1056 3038 1276 3120 comprobatur.

72 3147 179 3228 Digne
208 3146 310 3229 itaque
337 3151 470 3210 vestram
497 3149 725 3212 universitatem
752 3168 806 3230 per
835 3149 893 3212 Dei
920 3148 1159 3212 misericordiam
1185 3147 1278 3211 obse-

75 3273 219 3326 cramus,
248 3258 394 3336 quatenus
416 3256 465 3337 pia
487 3256 687 3319 meditacione
708 3261 889 3338 pensantes,
918 3261 1061 3338 quantum
1077 3276 1113 3317 ex
1130 3277 1165 3318 eo
1182 3255 1279 3337 possit

73 3361 236 3424 imminere
260 3362 407 3444 stuporis,
437 3362 517 3446 quod
540 3364 590 3447 qui
612 3364 744 3445 pulveris
768 3369 799 3426 et
820 3363 929 3427 cineris
946 3363 1115 3427 essenciam
1132 3362 1277 3444 gerimus,
1357 3419 1369 3442 l

75 3470 239 3552 regnantis
265 3469 296 3532 in
325 3471 428 3554 secula
455 3491 511 3553 per
532 3473 727 3554 temporalem
750 3473 881 3554 gladium
897 3473 1001 3536 vicarii
1018 3470 1057 3556 b)
1074 3471 1147 3534 facti
1164 3490 1278 3544 sumus,

75 3578 138 3661 piis
168 3578 342 3641 oracionum
363 3584 531 3642 vestrarum
551 3580 693 3662 presidiis
716 3580 803 3644 nobis
825 3581 930 3663 gracie
953 3581 1052 3644 divine
1081 3579 1224 3661 suffragia
1240 3579 1279 3665 o]

77 3686 267 3767 impetretis,
305 3686 408 3749 humili
439 3687 664 3770 supplicacione
699 3690 903 3772 postulantes,
942 3695 975 3753 ut
1007 3689 1072 3753 eius
1104 3687 1279 3752 admiranda

77 3793 224 3876 potencia
253 3794 303 3859 det
330 3814 385 3876 per
415 3795 550 3876 graciam
579 3817 648 3859 esse
676 3798 858 3870 fortissima,
891 3817 948 3881 que
977 3802 1047 3860 sunt
1074 3796 1195 3877 fragilia
1224 3817 1280 3878 per

78 3907 238 3973 naturam,
268 3902 452 3966 debilitatem
474 3909 607 3967 nostram
630 3911 660 3967 et
682 3906 791 3969 robore
814 3907 919 3970 fulciat
935 3911 965 3969 et
981 3905 1091 3969 virtute
1107 3903 1277 3986 perfundat,

81 4013 195 4094 detque
213 4011 258 4072 sic
275 4011 362 4073 nobis
378 4013 538 4095 prosequi,
561 4012 641 4095 quod
657 4013 829 4095 inpotencie
845 4019 948 4078 nostre
965 4015 1094 4078 eredidit
1110 4019 1141 4076 et
1156 4012 1278 4074 humili-

78 4120 135 4182 tati
152 4118 314 4189 commisit,
332 4125 478 4201 quatenus
495 4119 526 4182 in
543 4119 637 4201 glorie
655 4141 708 4182 sue
725 4128 918 4202 augmentum
939 4128 1075 4185 transeat
1097 4126 1128 4183 et
1149 4120 1275 4202 populus

81 4226 267 4289 christianus
291 4245 347 4306 pcr
370 4247 424 4288 nos
448 4246 524 4307 pace
557 4233 588 4289 ct
612 4229 825 4311 tranquillitate
850 4229 988 4310 proficiat
1019 4235 1049 4293 et
1072 4228 1194 4292 tandem
1218 4228 1277 4290 illis

82 4355 117 4398 ac
134 4336 223 4399 nobis
241 4339 346 4398 eterne
364 4335 507 4398 claritatis
525 4336 626 4398 radius
643 4337 802 4400 illucescat
819 4337 872 4421 β).

120 4537 123 4541 -
170 4513 955 4584 mmnmu-mmomu-mnmmw.
