3100 5116
644 660 706 731 53.

208 839 455 921 trcbleplscopvs
473 840 642 921 congaudet
657 839 830 921 tmperetorl
846 839 884 902 de
904 857 959 903 sua
974 838 1132 903 electione.

479 995 557 1050 1274.
573 997 694 1050 februar
706 995 775 1051 oder
786 997 866 1052 blare.

67 1141 234 1215 dratieclrof
239 1142 384 1198 Friedrich
394 1144 429 1198 ll.
442 1160 491 1196 con
504 1142 633 1214 Soleburg
646 1144 769 1214 beyrdeot
778 1142 890 1215 freoodip
903 1141 947 1198 die
959 1142 1130 1215 ctottgebobte
1140 1144 1272 1214 Krdouop

65 1233 98 1284 K.
112 1232 241 1304 Redolfe
261 1235 303 1287 olo
322 1233 365 1287 εἰη
382 1235 432 1288 der
452 1233 551 1288 Kirclve
568 1236 625 1289 und
642 1233 701 1288 dem
720 1230 819 1288 Reiebe
836 1231 1051 1306 beilbrv'npendee
1063 1233 1203 1305 deceptrice
1215 1235 1272 1288 ond

64 1322 141 1377 dictet
160 1324 215 1377 deo
235 1323 322 1394 Kovvip
340 1342 383 1378 om
402 1323 480 1378 einen
500 1323 676 1394 Geleitebrv‘ef
687 1324 738 1395 Γᾶν
758 1322 833 1380 aeine
850 1323 930 1380 ltec‘oe
950 1342 1009 1378 zum
1028 1323 1176 1379 Concilium
1197 1322 1265 1378 neele

632 1415 712 1484 Lyco.

759 1543 775 1564 t

165 1558 292 1618 Gerbert,
306 1559 331 1622 l,
344 1559 371 1614 d.

159 1702 333 1768 Recolende
355 1705 528 1796 festivitatis
550 1705 679 1771 iocunda
702 1705 881 1778 celebritas,
909 1726 968 1790 qua
990 1725 1087 1788 nuper
1109 1705 1140 1768 in
1169 1705 1268 1787 capite
1337 1784 1341 1791 Ι
1364 1745 1367 1752 1

61 1809 216 1896 principis
234 1812 373 1876 coronati
388 1813 506 1895 regium
523 1813 662 1878 diadema
684 1815 803 1880 refulsit
824 1812 862 1900 ¹),
887 1815 1011 1880 multam
1026 1814 1056 1876 in
1074 1811 1173 1886 nobis,
1196 1813 1269 1877 licet

65 1923 249 1988 absentibus
272 1942 418 2005 corpore,
445 1923 566 2006 peperit
589 1927 619 1986 et
641 1923 792 2008 expressit
813 1923 970 1988 materiam
986 1922 1174 2006 gaudiorum.
1207 1922 1272 1987 Nos

64 2035 192 2098 eosdem
215 2031 256 2115 a)
278 2032 403 2114 gloriari
420 2037 540 2114 oportet
556 2032 593 2095 de
610 2033 716 2116 gracia
732 2033 877 2116 temporis
901 2033 1041 2116 oportuni
1065 2038 1096 2097 et
1114 2032 1271 2116 oportuni-

62 2150 127 2207 tate
146 2142 256 2204 ominis
272 2141 417 2223 graciosi‚
442 2161 502 2226 quo
520 2141 623 2205 divine
639 2142 849 2206 miseracionis
869 2143 1023 2225 operacio,
1041 2141 1132 2206 rebus
1144 2142 1273 2226 publicis

62 2248 322 2334 naufragantibus
349 2249 509 2324 miserata,
537 2251 777 2316 misericorditer
804 2251 962 2316 suscitavit
990 2251 1048 2315 sibi
1075 2251 1106 2314 in
1141 2272 1273 2335 persona

61 2366 167 2425 vestra
189 2365 344 2423 terrenum
366 2358 522 2432 vicarium,
544 2361 693 2425 victurum
716 2361 1033 2434 feliciter,⁴recturum
1056 2361 1215 2446 equaliter,
1241 2368 1272 2426 et

62 2476 210 2556 potenter
231 2470 263 2533 in
287 2469 453 2536 christiano
474 2472 587 2555 populo
609 2476 813 2554 regnaturum.
846 2471 885 2534 ut
906 2472 973 2557 quis
1000 2471 1112 2553 poterit
1139 2474 1273 2536 nostram

63 2580 233 2647 eeclesiam
254 2578 436 2662 prohibere,
460 2601 497 2643 ne
520 2580 558 2644 de
582 2580 775 2645 successibus
798 2580 954 2665 prosperis
976 2581 1057 2645 sacri
1078 2580 1198 2665 imperii
1221 2581 1272 2647 diu

62 2689 226 2772 fluctivagi
241 2689 407 2772 glorietur,
435 2709 504 2752 cum
520 2694 675 2753 terrenum
690 2690 865 2773 possideat,
894 2711 951 2754 nec
966 2709 1110 2774 possesso
1127 2691 1272 2773 gaudeat,

63 2801 121 2863 nisi
140 2802 288 2883 quantum
305 2797 367 2861 divi
383 2797 510 2879 Augusti
534 2817 588 2860 sua
606 2818 661 2861 nos
679 2798 890 2863 munificencia
914 2798 1096 2871 ditaverunt,
1113 2803 1145 2861 et
1161 2799 1273 2863 ditatos

62 2907 224 2979 munifice,
253 2907 386 2970 tuicione
408 2906 512 2989 regia,
540 2912 661 2990 sceptro
685 2907 786 2971 ferreo
809 2908 955 2971 ferientes
984 2907 1078 2971 duces
1103 2905 1273 2981 rebellium,

63 3015 274 3080 defenderunt
306 3012 344 3077 ab
376 3013 516 3078 hostibus
556 3021 586 3079 et
623 3015 680 3080 sub
719 3016 774 3079 alis
806 3036 861 3079 sue
892 3015 1034 3098 potencie
1067 3012 1274 3078 favorabiliter

63 3128 216 3190 aluerunt.
236 3162 280 3170 -
297 3122 390 3186 Huius
414 3144 487 3205 ergo
511 3129 613 3187 nostre
638 3123 865 3188 sublimacionis
894 3146 953 3188 non
981 3125 1191 3196 immemores,
1216 3146 1275 3189 non

62 3234 198 3317 ingrati,
216 3231 416 3296 devocionem
434 3231 584 3306 debitam,
601 3253 691 3318 quam
708 3232 748 3318 b)
764 3239 919 3307 tenemur,
936 3233 1062 3317 imperio
1079 3238 1170 3318 atque
1188 3233 1275 3298 vobis

64 3344 240 3415 offerimus,
268 3346 303 3405 ot
324 3342 487 3424 imperioso
510 3343 650 3425 potencie
672 3341 793 3426 gladio,
820 3343 884 3406 Deo
908 3343 1063 3426 propicio,
1090 3344 1228 3426 regnetis
1244 3344 1275 3407 in

63 3453 178 3517 finibus
204 3450 424 3536 quodammodo
448 3452 626 3515 seculorum.
652 3490 696 3500 -
718 3451 803 3515 Hane
826 3458 926 3516 autem
950 3458 1052 3516 nostre
1076 3451 1274 3517 subiectionis

63 3560 340 3644 promptitudinem
354 3560 505 3643 corporali
517 3565 622 3624 nostra
634 3561 796 3642 presencia
808 3561 961 3625 maiestati
974 3561 1058 3644 regie
1075 3563 1275 3645 personaliter

64 3671 297 3740 obtulissemus,
315 3671 340 3731 si
357 3668 444 3733 nobis
461 3669 768 3752 tempestivusvester
780 3672 919 3743 nuncius,
933 3671 1129 3735 vocacionem
1145 3676 1275 3735 vestram

65 3784 226 3851 deferens,
255 3778 448 3850 advenisset,
482 3800 537 3862 per
565 3799 653 3862 quem
682 3779 779 3842 eciam
806 3778 894 3846 vobis
922 3780 1142 3843 transmisimus
1169 3779 1274 3844 literas

64 3893 172 3954 nostre
203 3887 380 3951 devocionis
408 3887 595 3969 propositum
624 3888 809 3970 explicantes
828 3888 868 3976 ²).
904 3889 966 3954 Sed
996 3893 1027 3951 et
1052 3889 1276 3953 circumdantes

160 4089 197 4155 a)
212 4089 257 4140 fur
271 4084 416 4151 „eosdem“
432 4083 514 4154 igitur
528 4084 547 4136 Z
562 4085 616 4138 und
630 4085 757 4138 Gerbert.
775 4119 805 4127 -
821 4087 854 4154 b)
867 4085 945 4140 dafdr
960 4106 990 4139 su
1006 4087 1078 4141 lesen
1092 4105 1152 4158 qua.

67 4259 402 4276 ..-...-—-—-———-

92 4403 117 4463 1)
138 4406 258 4459 Krdnung
271 4397 380 4444 Rudoll'c
394 4412 422 4442 zu
435 4399 528 4445 bachen
546 4399 617 4453 1273,
631 4399 736 4443 October
749 4400 789 4444 tl.

95 4492 121 4552 ⁸)
141 4496 174 4541 Eo
193 4493 225 4537 ist
247 4485 472 4542 ramesiensem,
492 4488 546 4532 dass
565 4489 593 4532 u.
614 4487 706 4534 audolr
723 4489 797 4534 durch
811 4490 882 4536 cinca
893 4491 1061 4548 Abgeoaudteu
1074 4489 1120 4534 den
1134 4489 1277 4537 ssrsbtochcl

138 4581 268 4630 Friedrich
280 4593 324 4624 nur
336 4579 451 4639 Krdnung
465 4578 574 4624 eluladeu
590 4578 655 4623 lless.
