3096 5128
268 370 345 442 126

265 563 330 606 rum
344 549 513 609 nostrorum
524 565 679 610 numerum
688 567 844 620 resecans,
858 547 989 612 Cesarea
1003 548 1104 611 manui
1117 549 1294 612 fulcimenta
1306 548 1474 619 tribueret,

263 657 294 715 ct
311 672 406 717 annos
421 654 551 736 Augusti
567 658 723 738 regnantis
740 661 907 739 apponeret
924 661 953 719 et
970 662 1111 739 augeret!
1137 658 1163 721 Ο
1187 662 1296 722 nature
1321 657 1472 727 felicitas,

263 762 368 844 quanti
383 761 532 845 privilegii
547 766 738 846 prerogativa
754 766 922 848 principem
939 766 1042 829 ditasti
1056 766 1187 837 felicem,
1205 766 1379 828 concedens
1397 765 1472 828 aliis

263 870 342 952 quod
359 869 461 935 deficit
476 871 506 934 in
522 877 552 934 te
568 873 651 955 ipsa!
669 874 755 937 llunc
769 879 880 937 trames
896 875 1027 938 racionis
1044 873 1219 948 antistitem,
1235 874 1316 938 bunc
1325 874 1471 956 erigebat

262 977 381 1041 iusticia
398 979 603 1051 defensorem,
622 980 673 1063 qui
691 1001 816 1045 servans
833 1003 998 1064 congruam
1015 981 1176 1066 utrobique
1192 983 1382 1064 temperiem,
1413 1001 1473 1044 co-

262 1093 350 1150 natus
372 1088 546 1169 cupiditatis
569 1090 748 1172 infringeret
770 1098 801 1155 ct
824 1092 889 1156 eius
913 1111 1031 1156 morsus
1050 1090 1170 1155 illicitos
1185 1092 1367 1155 refrenaret.
1405 1091 1465 1154 eui

262 1194 321 1256 iam
340 1195 482 1259 virtutum
503 1195 652 1282 incipiunt
673 1198 808 1262 invidere
832 1199 967 1263 misteria
990 1199 1102 1264 invidie
1119 1200 1248 1283 quadam
1270 1200 1387 1283 specie,
1416 1199 1471 1284 qui

263 1322 323 1365 non
340 1303 446 1366 ardore
463 1303 564 1366 livoris
582 1307 741 1370 emulantis
752 1308 874 1391 quidem
891 1308 1030 1373 destruat
1046 1309 1187 1380 animum,
1205 1308 1308 1371 sedin
1327 1308 1468 1390 pravita-

142 1413 250 1458 ¹‘⁰·⁶³t·
262 1409 301 1474 tis
318 1411 441 1475 odorem
457 1411 575 1476 facibus
592 1413 685 1477 allicit
705 1417 850 1480 caritatis.
875 1417 964 1481 Vivat
986 1418 1088 1500 igitur,
1111 1419 1191 1480 vivat
1212 1417 1335 1480 iocundi
1358 1417 1470 1480 Fride-

260 1520 317 1583 rici
333 1538 442 1582 nomen
457 1521 488 1582 in
503 1522 631 1603 populo,
658 1530 833 1588 succrescat
853 1525 883 1587 in
905 1525 1003 1607 ipsum
1024 1525 1125 1589 fervor
1147 1525 1320 1589 devocionis
1346 1546 1365 1588 a
1389 1527 1469 1589 sub-

137 1693 141 1698 ,
262 1628 344 1698 ditis,
371 1626 440 1691 fidei
467 1631 605 1693 meritum
630 1631 695 1713 ipsa
719 1638 815 1696 mater
836 1632 988 1698 fidelitatis
1011 1633 1042 1696 in
1065 1634 1262 1698 subiectionis
1286 1635 1460 1717 exemplum

266 1737 386 1801 studeat
406 1737 607 1803 inflammaret

847 1961 886 2038 6.

261 2138 427 2202 fridericus
451 2141 615 2222 imperator
631 2145 737 2206 centra
752 2162 873 2226 popum,
903 2145 1054 2207 narrando
1072 2141 1187 2207 cuidam
1207 2141 1340 2223 principi
1363 2158 1466 2204 exces-

790 2271 840 2315 sus
859 2253 934 2315 cius.

537 2407 616 2462 1210.
630 2410 683 2464 iuli
699 2409 740 2465 18.
757 2409 781 2462 io
795 2411 930 2464 castricio
945 2411 1081 2466 obsidione
1094 2409 1193 2466 Esculi.

354 2553 458 2616 Emula
475 2573 580 2635 regum
598 2559 628 2617 et
649 2555 817 2637 principum
841 2554 922 2618 orbis
942 2561 1083 2620 terre-
1101 2557 1198 2620 tocius
1221 2555 1394 2638 reipublice
1418 2557 1467 2618 in-

264 2661 451 2724 commodum
481 2661 696 2726 subministret.
723 2663 1029 2728 Huillard-Brdholles
1053 2666 1091 2737 ὅ,
1117 2663 1361 2735 1014-1017,
1385 2665 1466 2727 ller-

263 2789 389 2833 mannus
411 2768 581 2834 Altabensis
609 2771 648 2833 M.
675 2772 720 2880 G'.
736 2772 907 2854 Scriptores
928 2773 985 2844 if,
1010 2773 1093 2846 388,
1121 2774 1251 2836 Riihmcr
1273 2773 1350 2855 fleg.
1374 2773 1462 2837 Frid.

264 2898 311 2941 no.
332 2877 407 2942 993.

353 2988 396 3051 nn
419 2988 491 3052 ocu.
510 2988 646 3052 vatican.
671 3008 708 3050 110
733 2989 821 3052 aesc
845 2974 1203 3054 marcellianorum:
1226 2990 1404 3054 blidericus
1428 2991 1464 3054 n.

263 3117 292 3180 g.
318 3102 376 3160 etc.
403 3096 512 3159 dilecto
535 3095 665 3178 principi
689 3102 720 3160 et
743 3097 811 3159 duci
835 3098 964 3161 Saxonie
988 3098 1115 3179 gratiam
1133 3117 1217 3161 suam
1235 3103 1293 3162 etc.
1320 3099 1354 3162 S.
1373 3100 1463 3162 Pcrtz

264 3206 353 3269 Arcb.
373 3206 405 3276 c,
424 3204 498 3269 393.

835 3424 872 3501 7.

265 3609 429 3674 iridericus
457 3608 619 3691 imperator
648 3608 777 3686 cluibus,
816 3608 1009 3686 significando
1044 3610 1190 3690 quomode
1229 3609 1358 3690 quedam
1397 3628 1464 3690 pre·

264 3721 362 3784 vincia
392 3719 423 3781 fn
453 3719 579 3782 adventu
609 3735 663 3780 sne
695 3718 751 3780 sibi
783 3719 890 3782 deuote
913 3719 1092 3795 occurrerit,
1119 3736 1177 3780 non
1201 3719 1358 3795 obstante,
1386 3718 1464 3799 qued

465 3846 544 3909 popu
561 3844 625 3889 curn
642 3844 660 3888 a
676 3827 840 3890 dilectione
857 3845 911 3888 suu
926 3825 1058 3890 libcntcr
1074 3827 1261 3890 retraxisset.

821 3986 901 4038 1251.
998 4017 1008 4028 .,

355 4133 398 4196 Ex
415 4133 479 4196 eius
497 4132 612 4215 gracia,
631 4131 681 4216 qui
694 4131 785 4194 vitam
799 4134 931 4193 nostram
945 4129 1023 4192 inter
1036 4149 1139 4192 ensem
1153 4130 1315 4212 hostisseu
1329 4129 1462 4212 gladium

264 4244 337 4308 texit
358 4241 594 4305 misericorditer
611 4246 641 4304 et
656 4240 785 4322 protexit
807 4278 851 4288 -
874 4238 1105 4321 omnitempore
1126 4237 1287 4320 benignius
1309 4239 1460 4322 aspirare.

264 4351 355 4416 Niclrt
377 4370 435 4413 von
450 4349 626 4419 friedrich,
649 4349 780 4412 sondcrn
803 4368 861 4412 von
885 4347 1006 4411 Konrad
1022 4348 1069 4411 lV.
1095 4347 1187 4412 Siehe
1206 4346 1336 4410 Btibmer
1353 4347 1462 4409 Fontes

264 4482 322 4523 rer.
338 4459 582 4522 Germanicarum
597 4459 628 4530 2,
643 4458 718 4529 229,
733 4478 779 4520 wo
792 4457 907 4539 jedoch
924 4459 971 4519 fiir
990 4458 1098 4539 „regni
1115 4451 1276 4520 scilicet
1292 4456 1462 4518 hereditate

265 4573 409 4658 paterna“
428 4566 514 4648 regni
532 4566 681 4648 Sycilie
699 4571 756 4627 etc.
775 4585 812 4627 zu
828 4564 913 4627 lesen
928 4562 977 4627 ist.
