3100 5116
1223 287 1300 358 403

100 468 129 527 et
150 461 283 526 lucidius
304 461 351 525 vir
372 460 535 541 religiosus
559 461 655 523 frater
671 463 705 524 H.
729 462 755 548 1)
780 460 1010 543 magnificencie
1036 466 1137 523 vestre
1162 466 1307 525 oretenus

100 570 268 636 nunciabit.
304 569 456 652 Quidquid
474 589 546 651 ergo
565 570 647 633 eirca
663 571 834 636 huiusmodi
858 571 995 634 culminis
1020 569 1168 652 magnalia
1188 570 1307 643 decent,

99 679 321 744 animadvertat
343 678 472 742 solerter
493 678 661 760 prudencia
679 685 797 752 vestra,
821 670 1007 762 rescriptum
1030 677 1135 752 nobis,
1153 681 1180 742 si
1195 679 1306 762 placet,

101 809 155 852 sue
170 787 367 872 beneplacita
383 787 555 852 voluntatis.

684 995 746 1066 57.

101 1158 206 1220 lorino
229 1157 396 1239 prlrllegll‚
420 1175 478 1238 quo
501 1157 653 1239 prluclpes
670 1156 822 1220 liemcule
844 1157 1014 1240 approbunt
1034 1161 1148 1235 emula,
1172 1167 1232 1240 'que
1255 1176 1308 1220 rei

101 1266 304 1328 hunnorum
325 1267 517 1347 recognmst,
546 1267 734 1330 confirmarit
758 1286 812 1330 seu
835 1267 989 1331 innovarit
1013 1267 1140 1330 ecclesie
1168 1267 1308 1331 domne.

672 1405 762 1461 1279:

106 1533 267 1606 Willebrief
285 1537 335 1590 der
356 1535 502 1591 deutschen
524 1535 727 1605 Reicdosrtrcten
751 1555 784 1590 zu
808 1537 903 1600 Allem,
936 1553 992 1589 mue
1017 1536 1105 1610 Ko'nip
1127 1534 1233 1606 liudolf
1250 1503 1308 1588 dem

201 1629 301 1697 Popote
313 1626 445 1681 Nicotaus
457 1629 505 1681 Ill.
521 1630 578 1682 und
590 1629 639 1682 der
655 1627 751 1682 Kirede
764 1628 945 1700 zupeetanden
958 1628 1015 1680 uod
1026 1625 1151 1697 deetdtipt
1162 1624 1215 1679 dot.

197 1774 266 1826 llon.
282 1772 372 1827 Germ.
385 1773 410 1834 d,
425 1772 488 1826 422.

197 1920 262 1982 Nos
283 1918 438 2001 principes
460 1919 579 2001 imperii
604 1921 753 1983 universis
770 1902 944 2000 presentem
961 1919 1104 2001 paginam
1120 1917 1305 2000 inspecturis

104 2033 252 2096 salutem!
284 2027 496 2110 Compleetens
526 2029 564 2092 ab
587 2029 658 2091 olim
680 2031 815 2092 Romana
838 2028 880 2114 o)
905 2028 1037 2091 eeclesia
1062 2027 1190 2112 quadam
1220 2025 1307 2111 quasi

103 2157 253 2224 germana
282 2137 410 2200 caritate
440 2137 649 2211 Germaniam,
678 2139 760 2202 illam
789 2159 826 2202 eo
853 2144 974 2202 terrene
1003 2137 1158 2220 dignitatis
1187 2138 1307 2200 nomine

105 2247 277 2318 decoravit,
294 2246 375 2330 quod
393 2250 548 2329 estsuper
565 2266 653 2309 omne
671 2267 780 2310 nomen
793 2248 1001 2329 temporaliter
1016 2250 1133 2311 tantum
1150 2249 1308 2330 presiden-

104 2361 186 2422 cium
220 2375 314 2438 super
344 2362 475 2427 terram,
515 2357 655 2438 plantans
684 2358 715 2419 in
744 2377 780 2420 ea
802 2357 973 2439 principes,
1009 2362 1154 2440 tanquam
1183 2356 1308 2420 arbores

105 2469 294 2552 preelectus,
312 2473 342 2529 et
358 2465 462 2548 rigans
476 2467 543 2530 illas
556 2468 664 2548 gracia
677 2468 834 2548 singulari,
853 2466 926 2530 illud
940 2466 1023 2530 dedit
1036 2468 1079 2531 eis
1092 2467 1310 2530 incrementum

106 2578 245 2640 mirande
261 2577 415 2659 potencie,
433 2581 466 2640 ut
481 2577 577 2658 ipsius
592 2576 724 2639 ecclesie
738 2577 919 2639 auctoritate
936 2576 1059 2646 suffulti,
1078 2576 1167 2638 velud
1184 2595 1310 2658 germen

106 2691 239 2753 electum
267 2707 323 2769 per
349 2688 484 2768 ipsorum
518 2687 715 2758 electionem,
745 2689 826 2750 illum
849 2688 900 2770 qui
923 2688 1009 2750 frena
1036 2686 1163 2749 Romani
1191 2687 1309 2768 imperii

104 2802 228 2863 teneret
244 2797 429 2878 germinaret
446 2798 496 2879 b).
530 2799 587 2861 llic
611 2804 658 2860 est
680 2798 752 2861 illud
774 2797 920 2861 luminare
944 2797 1041 2860 minus
1063 2798 1095 2859 in
1119 2796 1308 2860 firmamento

106 2906 242 2970 ecclesie
255 2905 422 2976 militantis,
439 2925 495 2988 per
510 2908 657 2970 luminare
675 2907 782 2977 maius,
806 2905 919 2969 Christi
941 2906 1099 2975 vicarium,
1115 2906 1306 2968 illustratum.

105 3017 162 3079 Hic
180 3020 240 3085 est,
258 3015 314 3099 qui·
327 3014 512 3078 materialem
530 3015 662 3097 gladium
680 3015 718 3078 ad
735 3016 829 3097 ipsius
847 3019 951 3078 nutum
969 3015 1082 3077 excutit
1099 3020 1129 3076 et
1146 3016 1307 3086 convertit,

105 3129 138 3188 ut
156 3125 224 3188 eius
242 3123 376 3206 presidio
393 3128 548 3205 pastorum
565 3130 671 3206 pastor
688 3124 808 3188 adiutus
833 3145 905 3189 ores
928 3123 986 3186 sibi
1012 3123 1144 3187 creditas
1162 3123 1309 3207 spirituali

103 3234 209 3318 gladio
239 3233 427 3317 protegendo
456 3235 656 3305 communiat,
685 3235 843 3317 temporali
870 3237 1005 3298 refrenet
1033 3239 1064 3298 et
1092 3233 1242 3317 corrigat,
1272 3235 1310 3298 ad

102 3344 269 3408 vindictam
297 3342 521 3415 maleficorum,
549 3344 669 3407 laudem
694 3365 765 3406 vero
795 3345 991 3409 eredencium
1020 3351 1051 3409 et
1078 3343 1235 3408 bonorum.
1270 3346 1310 3410 Ut

197 3507 232 3576 a)
255 3505 304 3560 sibi
317 3506 390 3560 Rom.
405 3509 489 3560 mater
504 3507 531 3560 Z.
555 3539 585 3546 --
607 3506 638 3576 b)
651 3505 832 3577 germinarent
846 3508 873 3560 Z.

178 3821 242 3852 murs
255 3819 281 3852 er
293 3806 353 3852 nach
366 3805 537 3865 Allerheiligcn
552 3802 623 3862 (Nor.
639 3801 675 3862 1.)
691 3805 813 3874 lzdllund
826 3820 870 3851 vor
883 3805 924 3850 dee
938 3806 1031 3863 Peplos,
1046 3807 1121 3851 echon
1136 3808 1165 3851 im
1180 3807 1312 3852 December

179 3895 244 3942 12⁷4
256 3896 383 3956 erlolgter,
397 3895 524 3942 Riieliliehr
543 3896 603 3941 uach
622 3896 706 3941 ltalien
724 3896 884 3955 gesehricben
905 3895 966 3940 sein.
981 3919 1015 3927 —
1029 3897 1083 3942 Was
1098 3897 1151 3942 hier
1163 3897 1187 3941 iu
1201 3897 1310 3942 nunnicht

179 3999 322 4049 genommeu
334 3988 424 4040 wurde‚
437 3986 485 4032 trat
498 3986 564 4032 nieht
578 3986 623 4030 ein.
639 3986 732 4046 Gregor
744 3987 771 4030 X.
786 3987 870 4032 kehrte
884 3988 943 4041 eret,
957 3987 1069 4032 uaclrdem
1084 4001 1110 4032 er
1123 4001 1158 4032 am
1171 3986 1198 4032 dl
1206 3988 1312 4033 October

178 4080 223 4124 mit
236 4079 288 4124 dem
301 4079 396 4138 Kduige
410 4077 496 4123 liudoll
510 4076 533 4132 in
547 4079 669 4123 Leusonne
689 4078 942 4138 zusammengetroffeu
963 4092 1025 4134 war,
1043 4079 1103 4124 nach
1117 4079 1199 4124 ltnlieu
1212 4079 1310 4133 zurici,

181 4185 220 4218 um
234 4171 309 4217 sehon
323 4185 359 4217 am
374 4173 413 4217 10.
426 4172 521 4225 lanum,
535 4171 597 4215 olme
610 4169 699 4216 Rudoll
709 4172 813 4230 gelirdnl
827 4186 855 4216 zu
869 4172 955 4226 huben,
968 4172 1074 4218 dnselbst
1087 4187 1116 4217 zu
1130 4173 1236 4218 sterben.

131 4264 156 4323 ¹)
176 4263 279 4310 Gerhcrl
292 4263 374 4308 nimmt
386 4276 424 4315 nn,
437 4261 550 4307 Heinrich
564 4275 609 4305 von
623 4263 683 4319 lucy,
700 4261 805 4307 Rudoll'e
819 4263 922 4317 Freuud,
942 4263 1060 4309 unclimalo
1074 4264 1174 4308 Bischol
1191 4261 1310 4308 vonBueel

177 4355 225 4401 und
239 4355 320 4411 opiter
332 4352 476 4399 llrzbisehol
487 4365 534 4397 rou
547 4351 630 4405 Malui,
645 4353 680 4396 nei
694 4353 807 4411 gemeint.
822 4355 866 4398 Duo
880 4354 912 4398 iot
926 4353 992 4398 nicht
1006 4369 1034 4398 zu
1048 4355 1175 4399 beweiseu.
1196 4356 1310 4414 Dagegen

176 4446 253 4506 hingt
272 4445 314 4489 mit
328 4458 436 4490 unserem
450 4445 528 4490 llriele
541 4445 740 4492 unhrocheinliclr
755 4445 870 4504 folgeude
883 4445 953 4490 Notiz
968 4446 1010 4489 der
1023 4445 1081 4489 dnn.
1097 4445 1229 4490 Basileuses
1244 4448 1272 4490 ad
1286 4462 1306 4492 a.

178 4538 240 4583 1275
255 4538 285 4581 Μ.
301 4538 328 4582 G.
343 4539 383 4582 SS.
401 4536 439 4592 17,
455 4537 501 4582 197
513 4549 660 4582 zusammen:
684 4537 745 4580 Infra
760 4536 899 4581 dominicum
914 4549 985 4593 posce
999 4537 1063 4580 veuit
1076 4537 1171 4594 legatus
1185 4539 1310 4585 Basileam.

1033 4618 1090 4672 26⁹
