3100 5116
1213 352 1289 424 393

84 499 138 570 bus
167 505 360 591 precavendo
388 515 419 574 et
445 511 589 596 precipue
617 513 827 600 religiosorum
853 518 988 586 locorum
1004 525 1290 590 commoditatibus

85 617 199 698 iugiter
214 618 413 705 intendendo,
435 637 468 695 ut
482 649 538 714 per
552 626 704 693 lubricum
720 628 809 692 buius
826 630 887 693 vite
904 635 1112 697 transcursum
1129 635 1292 700 salubriter

85 739 295 810 transeuntes,
313 743 416 802 eterne
433 735 629 800 beatitudinis
645 737 760 819 premia
778 757 1009 823 consequamur.

176 849 305 913 Noverit
326 848 421 930 igitur
442 867 569 931 presens
595 851 660 910 etas
685 852 716 910 et
739 849 915 914 successiva
931 852 1105 934 posteritas,
1124 854 1205 938 quod
1222 874 1290 918 cum

84 958 291 1022 venerandum
322 958 441 1038 cunctis
469 957 506 1021 N.
536 957 763 1028 monasterium,
797 960 877 1042 quod
910 960 949 1024 ad
977 981 1031 1025 nos
1062 969 1093 1027 et
1123 963 1289 1028 Romanum

85 1065 243 1148 imperium
259 1067 431 1130 immediate
450 1070 591 1151 spectare
608 1065 788 1138 dinoscitur,
802 1066 963 1151 discipline
976 1072 1143 1147 monastice
1160 1070 1290 1135 lumino-

85 1175 178 1240 sitate
213 1176 408 1259 prerodians,
439 1173 477 1238 ab
511 1172 679 1237 illustribus
712 1174 900 1257 principibus
933 1177 1044 1243 suisset
1059 1178 1100 1266 a)
1132 1180 1290 1244 fundatum

85 1283 250 1367 magnifice
273 1305 330 1348 nec
358 1304 418 1348 non
441 1283 547 1369 amplis
570 1282 704 1364 legatum
726 1283 962 1366 privilegiorum,
979 1285 1163 1360 libertatum,
1180 1288 1289 1351 iurium

87 1413 210 1478 quoque
249 1393 468 1457 munificenciis
506 1391 698 1474 insignitum:
746 1413 800 1455 nos
839 1395 1002 1459 eorundem
1040 1396 1288 1480 predecessorum

88 1507 262 1567 nostrorum
291 1503 428 1586 vestigiis
457 1502 648 1574 inherentes,
684 1503 734 1586 qui
769 1505 984 1568 monasterium
1012 1505 1109 1588 ipsum
1142 1510 1288 1569 auxerunt

86 1612 256 1677 honoribus
286 1620 316 1678 et
343 1613 498 1677 favoribus
516 1611 705 1696 ampliarunt,
727 1611 918 1675 attendentes
941 1616 1038 1678 eciam
1060 1617 1180 1679 sincere
1198 1615 1290 1678 devo·

86 1721 186 1785 cionis
204 1721 345 1785 allectum
362 1726 393 1784 et
409 1720 478 1783 fidei
496 1720 668 1806 puritatem,
695 1738 753 1803 qua
771 1719 874 1783 dilecti
892 1721 992 1786 devoti
1009 1725 1114 1795 nostri,
1139 1724 1233 1788 abbas
1259 1729 1290 1785 ct

86 1836 257 1895 conventus
275 1830 411 1894 eiusdem
427 1830 614 1901 monasterii,
631 1833 734 1893 nostre
757 1829 949 1893 celsitudinis
970 1832 1096 1914 gloriam
1114 1834 1290 1897 indesinen-

87 1942 156 2005 oius
173 1941 407 2024 amplectuntur,
424 1935 594 2023 predictum
610 1937 825 2001 monasterium
843 1959 984 2005 unacum
997 1941 1134 2005 omnibus
1150 1943 1289 2026 personis

86 2055 118 2112 et
140 2049 234 2112 rebus
258 2050 356 2113 eidem
379 2049 522 2120 annexis,
545 2046 602 2110 sub
619 2051 723 2110 nostra
740 2051 770 2111 et
786 2047 904 2130 imperii
920 2049 1108 2130 protectione
1126 2053 1288 2136 recipimus

84 2158 225 2246 speciali,
241 2159 431 2242 privilegium
448 2178 465 2221 a
483 2159 563 2222 clare
579 2156 805 2220 recordacionis
818 2157 855 2221 N.
874 2163 905 2221 ct
920 2158 978 2222 alia
995 2179 1115 2244 quoque
1131 2161 1289 2244 privilegia

84 2289 101 2331 a
118 2269 198 2334 divis
215 2267 446 2352 imperatoribus
463 2273 495 2332 et
508 2265 633 2349 regibus
646 2265 696 2338 N.,
713 2265 983 2351 predecessoribus
1001 2269 1123 2342 nostris,
1141 2269 1199 2332 sibi
1216 2290 1289 2334 con-

85 2401 186 2454 cessa,
215 2380 348 2463 gracias,
376 2380 547 2453 libertates,
570 2377 785 2441 concessiones
802 2383 833 2440 et
849 2377 915 2442 iura
932 2397 1125 2463 quecunque,
1150 2379 1288 2462 predicto

84 2490 269 2554 monasterio
293 2489 470 2554 successive
493 2487 625 2559 indulta,
643 2491 731 2569 prout
749 2488 807 2551 beo
826 2487 925 2550 omnia
947 2488 1021 2559 rite,
1043 2489 1093 2574 pie
1111 2508 1147 2552 ac
1163 2489 1288 2574 provide

84 2604 155 2664 sunt
178 2619 344 2670 concessa,
371 2599 403 2662 in
427 2599 575 2663 universis
599 2602 630 2660 et
652 2597 777 2678 singulis
795 2597 858 2661 suis
875 2597 1026 2672 articulis,
1049 2619 1086 2663 ac
1110 2602 1136 2664 si
1151 2607 1288 2665 tenorem

83 2708 312 2791 privilegiorum
328 2709 462 2793 ipsorum
479 2708 516 2771 de
533 2707 626 2771 verbo
642 2705 822 2770 adverbum
845 2706 939 2770 videri
963 2709 1153 2791 contigisset,
1170 2712 1288 2792 prefato

82 2817 283 2889 monasterio,
298 2815 402 2882 abbati
418 2821 449 2881 et
465 2816 626 2882 conventui
650 2815 686 2878 dc
710 2815 898 2898 benignitate
922 2817 1007 2899 regia
1029 2817 1195 2883 liberaliter
1211 2838 1285 2882 con-

81 2926 248 2998 firmamus,
266 2927 443 2992 innovamus
466 2931 497 2990 ct
518 2926 609 2991 buius
631 2926 738 3007 scripti
753 2925 924 3008 patrocinio
941 2927 1174 2992 communimus.
1207 2927 1288 2991 Nulli

81 3057 160 3120 ergo
177 3037 271 3101 liceat
287 3044 346 3102 etc.

173 3198 258 3253 Einen
282 3199 342 3253 dem
360 3199 488 3271 unsrigeu
508 3199 742 3270 gleicblautcnden
762 3198 883 3268 Eingang
902 3198 970 3254 babo
989 3199 1034 3254 iob
1053 3205 1130 3255 unior
1142 3199 1275 3256 Auderem

79 3293 105 3358 ip
120 3292 175 3347 den
189 3289 272 3346 Urlrlr.
290 3292 321 3345 ll.
340 3289 462 3346 liudoli's
481 3293 524 3346 fiir
544 3291 586 3347 die
606 3291 723 3345 llircben
742 3307 792 3345 von
807 3290 890 3345 llainz
905 3290 987 3363 (lleg.
1006 3291 1278 3362 Rud.no.142)uud

82 3401 135 3437 von
148 3381 256 3439 Lilttich
271 3381 354 3454 (lieg.
368 3382 435 3437 liud.
449 3398 492 3438 no.
505 3382 576 3454 203)
590 3381 734 3454 gefuuden.

660 3570 724 3642 lo.

78 3719 188 3781 tome
204 3715 366 3800 privilegii,
384 3735 443 3798 que
458 3719 622 3798 inperator
636 3713 809 3798 privilegiet
825 3713 956 3796 aliquem
973 3716 1053 3798 quel
1075 3717 1172 3798 pessit
1187 3715 1286 3781 iecere

590 3824 780 3890 tabelliones.

82 3984 137 4041 uin
156 3983 336 4040 kaisoelicbee
357 3983 542 4055 pantaptem,
566 3981 696 4039 wodurob
713 3983 866 4039 Janandem
884 3984 935 4039 das
953 3983 1045 4046 Itecbt,
1063 3983 1231 4039 Tobotiionen
1253 4001 1286 4037 au

426 4091 567 4139 anconem
580 4073 682 4130 erblicb
695 4074 855 4147 thancpert
868 4075 946 4130 wird.

176 4220 278 4285 Claret
294 4220 412 4307 imperii
428 4220 575 4285 celsitudo
593 4220 712 4330 decoris
729 4226 761 4284 et
772 4220 938 4305 splendidis
951 4219 1093 4284 irradiata
1105 4218 1284 4302 fulgoribus,

82 4331 155 4394 dum
183 4330 330 4395 ministris
359 4330 488 4413 stipatur
515 4328 640 4413 ydoneis
677 4334 707 4393 et
736 4329 831 4411 ipsius
860 4329 962 4394 officia
997 4328 1121 4392 salutari
1152 4327 1285 4392 fidelium

84 4441 265 4507 devotorum
279 4439 426 4522 regimine
443 4439 622 4521 diriguntur.
640 4439 695 4503 Est
712 4438 791 4502 enim
808 4439 866 4502 hec
880 4443 983 4502 nostra
1000 4436 1130 4502 salubris
1148 4443 1179 4501 et
1195 4443 1284 4502 cauta

176 4566 211 4634 a)
226 4566 310 4622 fuisse
324 4565 354 4618 V.
