3112 5118
1182 343 1252 414 191

66 513 149 574 immo
167 530 203 571 ex
223 511 326 572 divine
342 497 553 592 precepcionis
572 511 682 581 edicto,
700 511 966 593 quemadmodum,
995 532 1052 594 que
1074 512 1131 575 Dei
1146 515 1211 577 Deo
1229 522 1260 578 et

66 639 119 702 que
136 623 206 681 sunt
223 619 348 681 Cesaris
366 618 469 681 cesari
492 619 620 700 quisque
645 618 734 682 debet
752 619 805 705 a),
823 620 921 681 eidem
943 621 1009 701 regi
1032 621 1164 685 debitum
1187 643 1260 686 con·

65 726 149 808 digne
177 725 372 788 obedicionis
390 726 576 789 exsolventis
610 731 799 798 reverenter,
831 726 896 787 Deo
929 727 1035 788 exinde
1067 729 1258 808 gratitudinis

64 831 190 896 afferetis
208 853 319 895 munus
336 832 374 896 ad
391 834 494 912 gracie
510 833 739 904 incrementum,
757 839 788 896 et
799 829 912 914 'preter
934 834 1016 896 sedis
1039 835 1204 915 apostolice
1228 842 1260 899 et

63 938 152 1020 ipsius
183 940 272 1020 regis
304 940 456 1020 graciam,
489 959 578 1022 quam
611 940 697 1002 vobin
723 959 778 1021 per
801 940 860 1001 hoe
883 939 1001 1021 plenius
1034 941 1258 1023 comparabitis,

63 1046 261 1109 vendicabitis
292 1046 379 1110 vobis
410 1047 620 1110 nichilominus
660 1052 689 1109 et
724 1047 783 1109 hoc
818 1049 924 1111 merito
959 1051 1092 1112 favorem
1128 1051 1257 1112 omnium

63 1156 246 1235 populorum.

152 1313 221 1369 coe.
236 1313 319 1367 wru.
333 1313 364 1366 a.
379 1312 430 1366 101
445 1315 497 1368 unu
511 1315 605 1368 curru.
620 1315 682 1374 eoa,
695 1317 739 1368 m.
756 1299 990 1368 recemundo
1004 1331 1044 1384 ep.
1060 1318 1111 1368 aa.
1124 1315 1255 1370 universo

61 1405 159 1475 populis
177 1405 316 1458 civitatum
335 1409 361 1456 et
378 1404 497 1458 locorum
511 1404 644 1458 Alemanie
663 1403 811 1473 constitutis
831 1405 877 1456 sal.
894 1408 921 1456 et
934 1421 956 1458 a.
971 1406 995 1456 b.
1011 1402 1113 1473 (Perta,
1131 1405 1211 1458 Arch.
1225 1407 1252 1466 7,

62 1494 126 1566 900)
148 1495 202 1548 und
225 1494 295 1549 cod.
315 1494 419 1570 Troyes
438 1512 479 1546 no.
500 1493 534 1547 93
554 1487 628 1547 Aluxss
651 1497 701 1548 etc.
721 1511 778 1547 ven.
803 1493 929 1547 fratribus
953 1494 1175 1563 archiepiscopis,
1199 1496 1257 1566 epi-

63 1588 150 1657 scopis
170 1586 216 1639 dil.
238 1584 278 1636 fil.
291 1585 341 1637 No.
360 1601 392 1636 m.
412 1582 459 1654 (1)
480 1583 608 1644 ducibus,
627 1584 838 1644 marchionibus,
860 1584 1000 1637 comitibus
1019 1585 1132 1654 aliisque
1146 1585 1254 1638 Romani

63 1675 159 1746 imperii
185 1675 354 1745 principibus
382 1689 432 1743 per
451 1674 631 1728 allemanniam
650 1673 801 1727 constitutis
821 1675 935 1728 salutem
954 1676 1003 1726 otc.
1029 1673 1089 1726 Dat.
1109 1673 1256 1744 Anagnieb

62 1767 114 1822 llal.
134 1768 226 1837 Sptbr.
247 1764 391 1819 Pontico.
412 1780 435 1816 a.
455 1763 480 1816 1.
500 1765 581 1817 Areh.
604 1764 631 1822 7.
649 1763 710 1817 920.
734 1793 769 1804 -
791 1764 859 1816 Dass
882 1763 1005 1818 Wilhelm
1026 1779 1070 1818 um
1094 1762 1169 1816 disse
1190 1764 1256 1826 Zeit,

63 1857 217 1910 nameutlich
233 1855 261 1907 in
279 1852 527 1915 dedeutschland,
551 1853 716 1922 lreineswegs
735 1853 875 1921 allgemein
895 1855 1038 1908 auerlraent
1055 1871 1122 1914 war,
1144 1855 1255 1908 beneist

63 1947 116 2000 eine
134 1945 263 2000 Urlrunde
282 1961 329 1997 aus
348 1943 395 1996 der
414 1943 488 1996 Nune
507 1960 556 1997 von
575 1944 669 1996 Zilricb
691 1943 804 2014 (Archiv
824 1940 994 2012 Wettingen)
1015 1960 1072 1996 vom
1093 1942 1134 1996 lt.
1154 1943 1256 2010 August

63 2033 137 2094 rata,
150 2036 194 2089 die
208 2037 298 2105 llopp,
312 2033 630 2102 EidgeudssischeBtinde
644 2033 673 2096 ll,
689 2031 750 2094 149,
764 2033 837 2087 dnm.
851 2032 869 2084 l
882 2033 995 2093 anfribrt,
1011 2032 1037 2084 in
1052 2032 1098 2086 der
1112 2049 1141 2086 es
1154 2033 1254 2087 heiest:

63 2125 196 2180 wilhelmo
208 2127 284 2180 Rom.
298 2141 364 2194 rege
377 2125 403 2176 in
416 2123 543 2193 inferiori
553 2122 707 2178 Alamannia
719 2125 858 2193 regnante.

634 2420 697 2488 47.

520 2594 598 2676 laps
613 2545 797 2677 inperatori.

523 2752 623 2806 11275.
643 2753 798 2806 [lecember.

66 2896 279 2954 Dnndecbrcc'den
294 2896 369 2952 eines
381 2899 494 2968 Papetce
509 2895 632 2967 (Grepor
645 2897 676 2948 X.
685 2895 717 2963 1)
737 2913 772 2948 an
791 2895 867 2949 einen
888 2896 985 2950 Kaieer
999 2897 1019 2965 (
1017 2894 1103 2968 Kdnc'q
1115 2896 1219 2967 liudolf
1223 2898 1254 2966 ?)

65 2989 110 3058 fiir
126 2991 176 3042 den
203 2988 365 3059 Treetbrief,
388 2989 440 3041 den
462 3005 492 3040 er
513 2985 565 3041 itm
585 2987 613 3040 in
635 2987 724 3042 rainer
745 2985 812 3040 noch
834 2987 1024 3040 andanemcen
1047 2987 1193 3042 Kranlcbeit
1213 2987 1259 3040 bat

530 3076 679 3130 zukommea
693 3078 788 3130 laesere.

157 3224 286 3282 Gerbert,
299 3223 326 3285 2,
341 3223 384 3277 30.

152 3366 242 3448 Quod
255 3367 416 3448 imperialis
432 3365 568 3432 culminis
582 3365 707 3428 altitudo
720 3363 789 3426 letis
802 3366 915 3448 gaudet
928 3363 1037 3447 ubique
1051 3365 1258 3436 successibus,

70 3481 180 3552 gratum
210 3474 300 3538 nobis
329 3480 376 3537 est
403 3495 462 3538 non
489 3473 639 3540 modicum
665 3477 695 3538 et
717 3477 892 3553 acceptum,
916 3476 1019 3554 utpote
1042 3473 1092 3553 qui
1114 3472 1258 3539 honorem

69 3579 179 3663 imperii
194 3589 310 3664 tueque
326 3580 480 3644 felicitatis
498 3586 690 3662 augmentum
703 3579 745 3642 ita
758 3598 878 3659 semper
893 3578 1057 3640 amavimus
1070 3585 1101 3642 et
1114 3599 1258 3652 amamus,

71 3694 100 3750 ut
114 3696 161 3753 tue
177 3687 409 3769 magnificencie
427 3689 584 3750 comodum
601 3693 735 3750 nostrum
752 3685 925 3766 specialiter
940 3691 1122 3767 reputemus.
1151 3689 1184 3751 ln
1199 3688 1258 3751 biis

72 3800 166 3884 itaque
178 3808 327 3881 ¹tanquam
343 3797 502 3887 karissimo
525 3798 557 3860 in
573 3797 691 3860 Christo
714 3795 774 3858 lilio
797 3786 935 3878 paternis
948 3795 1106 3859 affectibus
1124 3817 1259 3880 congau-

74 3906 190 3980 dentes,
222 3906 435 3969 sublimitatem
452 3925 510 3988 qua
526 3905 676 3987 premines
694 3922 913 3974 ammonemus,
943 3910 975 3967 ut
998 3911 1259 3987 quantumcunque

73 4034 228 4079 successus
246 4013 284 4097 b)
301 4013 450 4076 mundane
466 4011 676 4095 prosperitatis
694 4010 836 4080 arrideat,
860 4009 1028 4072 nullatenus
1047 4012 1258 4075 excellenciam

73 4121 324 4186 consideracionis
342 4121 458 4183 interne
471 4139 489 4181 a
501 4120 622 4199 superni
636 4117 801 4180 conditoris
814 4135 916 4178 amore
934 4117 1075 4180 deflectat
1091 4117 1129 4203 c]
1145 4119 1260 4201 pariter

74 4236 100 4292 et
113 4235 234 4302 timore,
266 4229 334 4310 quia
352 4229 416 4290 sine
434 4227 524 4290 dubio
541 4245 617 4288 vana
635 4225 842 4288 delectacione
858 4224 1053 4296 deducimur,
1083 4225 1107 4287 si
1130 4235 1258 4309 quanto·

72 4338 137 4402 libet
151 4339 275 4420 fastigio
293 4337 441 4400 mundane
458 4334 648 4397 sublimitatis
666 4333 746 4404 elati,
769 4332 941 4396 transitorie
955 4333 1108 4396 felicitatis
1123 4335 1259 4398 obleeta-

155 4504 187 4571 a)
203 4503 286 4554 debet
301 4516 342 4552 arn
355 4499 446 4551 Raude
461 4498 490 4573 V.
504 4527 539 4536 -
554 4497 585 4564 b)
601 4497 772 4550 successibus
786 4495 815 4548 V.
830 4527 864 4534 —
879 4496 910 4560 c)
925 4499 952 4547 te
966 4493 1060 4548 flectet
1074 4495 1103 4547 V.
