3116 5124
1144 343 1218 434 127

55 525 117 574 laren
133 491 305 582 llbcrschriit',
329 518 377 573 das
397 535 429 575 an
452 515 503 573 den
525 517 683 572 Erebischot
706 534 757 571 von
772 513 835 572 Colo
850 516 1013 584 gerichtcte,
1037 517 1095 572 dem
1109 516 1158 572 wir
1171 517 1220 573 da·

57 613 95 666 ber
112 612 294 666 unhedsnhlich
318 610 365 664 das
384 610 479 666 [latum
502 609 551 664 des
574 627 606 666 an
628 608 659 666 K.
674 608 791 666 Richard
814 608 983 682 geriehleten
1002 609 1107 666 Brietes
1132 609 1219 681 gehen

55 706 148 758 tornac.

567 1043 568 1046 ’
607 1022 666 1095 12.

391 1245 469 1328 lupo
484 1245 649 1327 apostolico
666 1241 745 1306 sodis
762 1240 873 1318 legato.

591 1405 672 1474 mco.

59 1589 170 1642 menz·
187 1589 233 1642 IV.
255 1588 416 1661 Kloqebrc'ef
432 1589 497 1660 older
518 1589 569 1644 den
596 1589 701 1644 Verluat
721 1604 772 1642 ooo
793 1587 923 1642 Damiettc
944 1585 1001 1639 uod
1028 1581 1225 1652 Aufforderuap

61 1697 85 1732 cn
98 1679 164 1734 ouen
181 1681 315 1753 hepatem,
337 1681 366 1736 in
384 1681 454 1736 olleo
473 1679 589 1736 Kc'c'cden
614 1680 703 1736 coium
720 1680 832 1734 Procius
847 1677 897 1748 [ἢν
914 1675 1026 1748 Ludwip
1044 1675 1090 1728 IX.
1109 1673 1166 1726 und
1181 1672 1227 1728 die

271 1773 385 1846 Bettunq
398 1773 446 1827 des
458 1769 575 1842 heilc'qen
587 1771 694 1827 Laccdca
709 1772 804 1827 Gebcte
816 1767 992 1826 onzuordneo.

128 1917 350 1979 unumunurm.
364 1919 490 1974 Francos.
503 1919 598 1989 script.
612 1919 639 1983 ὅ,
650 1916 713 1974 tlt.
815 1905 834 2004 Ἀ

128 2085 318 2169 Propinatum
349 2084 435 2148 nobis
467 2084 506 2150 ab
526 2083 654 2166 ,oriente
683 2083 746 2148 dire
774 2081 979 2148 amaritudinis
1007 2079 1343 2146 calcaneorum-2⁷1»

59 2191 165 2258 lacrimis
187 2195 374 2266 haurientes,
397 2194 428 2257 in
444 2214 545 2258 amara
560 2194 649 2257 nimis
677 2200 708 2258 et
724 2194 821 2258 tristia
835 2212 1029 2276 prorumpere
1047 2190 1182 2272 cogimur
1198 2194 1229 2251 et

59 2301 234 2381 potissimum,
252 2321 341 2387 quem
358 2323 480 2385 gravem
497 2303 577 2368 intus
594 2304 751 2376 sentimus,
768 2302 920 2366 insinuare
938 2300 1082 2365 dolorem.
1122 2298 1161 2363 Et
1177 2296 1227 2360 ubi

60 2413 225 2476 mestitudine
242 2418 327 2478 tanta
345 2413 548 2496 deprimimur,
566 2411 714 2496 quomodo
727 2412 876 2496 possimus
890 2426 1059 2475 sermonem
1069 2407 1228 2491 lugubrem

63 2541 106 2584 non
129 2523 283 2605 prolerre?
318 2525 398 2606 Sepe
428 2523 549 2607 quidem
577 2521 625 2587 illa
656 2521 808 2586 orientalis
836 2519 920 2604 regio
949 2518 1091 2584 absinthii
1118 2516 1227 2602 poculo

60 2627 149 2694 Christi
170 2631 345 2696 amaricavit
373 2631 551 2704 eeclesiam,
580 2651 651 2716 sepe
679 2630 761 2715 pavit
788 2631 884 2714 ipsam
907 2648 978 2692 esca
1001 2628 1091 2701 fellis,
1108 2633 1138 2692 et
1155 2627 1228 2690 dure

63 2737 246 2805 tribulationis
270 2747 416 2825 punctura
444 2740 595 2812 confodit;
632 2739 687 2803 sed
715 2759 794 2803 nunc
828 2740 856 2802 ei
889 2738 1105 2803 amarissimam
1131 2735 1231 2802 intulit

61 2848 210 2928 pociorem,
240 2871 320 2919 nunc
338 2847 427 2914 etiam
445 2870 511 2913 eam
532 2850 677 2912 immense
699 2848 828 2913 tristicie
850 2850 964 2912 ferculo
989 2848 1114 2913 saciavit
1136 2852 1168 2910 et
1183 2845 1229 2909 sui

61 2955 146 3020 luroris
162 2959 262 3042 gladio
280 2961 426 3023 acerrime
444 2959 570 3043 pupugit
586 2964 618 3021 et
633 2958 774 3041 perfodit.
808 2958 890 3022 lllalo
913 2957 1014 3042 itaque
1038 2954 1229 3020 adversitatis

61 3061 186 3149 inopinate
215 3069 303 3132 calici
319 3067 361 3155 a)
378 3068 619 3151 supe1·lundimus
642 3087 743 3131 aorem
759 3067 872 3140 fletum,
890 3073 920 3132 et
935 3069 1018 3150 potui
1041 3073 1101 3131 tam
1117 3064 1228 3130 acerbo

63 3172 159 3240 uberem
173 3179 364 3242 lacrimarum
379 3177 508 3260 pluviam
525 3177 735 3252 immiscemus.
764 3177 874 3260 Liquet
891 3177 968 3240 enim
985 3174 1134 3247 omuibus,
1150 3175 1230 3258 quod

63 3279 209 3351 latissimus
222 3290 253 3350 in
261 3286 380 3350 Christo
393 3283 470 3349 lilius
487 3290 600 3356 noster,
616 3307 668 3348 rex
680 3285 807 3348 Franoie
824 3285 957 3356 illustris,
973 3306 1027 3368 pro
1043 3283 1228 3348 liberacione

63 3397 123 3457 terre
139 3404 256 3470 sancte,
286 3415 392 3479 quam,
421 3396 452 3459 in
469 3399 671 3480 contemptum
688 3394 800 3460 Christi
824 3401 854 3458 et
876 3392 1006 3458 fidelium
1030 3394 1095 3456 eius
1119 3394 1230 3477 obpro·
1272 3421 1278 3440 =

61 3487 648 3593 briam,occupatamdetinentrlyqurcni,
662 3505 760 3568 crucis
774 3504 843 3568 olim
856 3502 1229 3586 suscepitblsignaculum

61 3615 84 3673 et
96 3632 153 3677 cum
168 3619 290 3700 copiosa
307 3614 465 3687 comitum,
491 3613 653 3686 baronum,
670 3613 812 3678 nobilium
836 3619 866 3676 et
887 3613 1012 3677 aliorum
1030 3611 1229 3683 multitudine,

61 3717 178 3807 tanquam
201 3703 329 3790 ulcionis
353 3724 528 3789 iniuriarum
544 3723 662 3788 Domini
679 3723 802 3798 anxius,
829 3724 900 3788 illuc
928 3723 1054 3788 ferventi
1079 3721 1228 3786 desiderio

61 3835 251 3898 transfretavit.
285 3834 349 3900 Sub
378 3833 463 3898 cuius
492 3833 627 3928 studioso
653 3834 763 3897 ducatu
792 3834 836 3897 sic
865 3854 1010 3916 prospere
1032 3832 1126 3916 ipsius
1148 3837 1229 3896 terre

62 3943 197 4022 negocium
214 3947 344 4029 dirigere
362 3944 443 4029 oepit
459 3943 633 4016 altissimus,
651 3945 730 4027 quod
746 3965 799 4006 rer
815 3943 880 4027 ipse
898 3944 1049 4008 civitatem
1065 3939 1230 4008 Dammia-

61 4055 119 4123 tom,
134 4075 186 4138 que
203 4064 250 4120 est
266 4056 416 4126 introitus,
434 4055 514 4118 sicut
531 4055 637 4128 scitur,
653 4054 775 4137 Egypti,
803 4060 945 4139 tanquam
962 4074 1060 4118 secam
1077 4051 1229 4116 difficilem

61 4157 203 4248 fortemque
237 4166 342 4229 clavim
371 4165 462 4228 multo
491 4162 600 4227 robore
624 4163 786 4228 stabilitam
803 4203 846 4212 -
864 4183 952 4248 quam
977 4162 1086 4226 dudum
1102 4163 1229 4248 populus

63 4264 225 4338 Christianus
253 4295 312 4338 non
346 4273 461 4357 absque
490 4292 598 4355 magna
626 4273 673 4336 sui
701 4253 1026 4354 sanguinis'elfusione
1050 4273 1177 4337 obtinuit
1199 4277 1230 4335 et

61 4379 161 4446 tandem
191 4392 296 4449 eventu
331 4385 453 4448 sinistro
480 4383 612 4466 perdidit
642 4423 687 4470 -.
718 4404 786 4447 mox
813 4389 846 4448 ut
879 4384 917 4447 ad
951 4384 1047 4466 ipsam
1081 4383 1226 4467 applicuit

140 4621 170 4689 a)
183 4623 270 4679 calicis
284 4625 313 4679 V.
328 4654 362 4664 -
376 4623 408 4693 b)
423 4624 543 4696 suscepit
555 4622 623 4677 fehlt
635 4623 667 4678 V.
