3100 5116
757 575 761 582 ’
827 607 890 678 aa.

256 782 423 864 Imperator
447 782 590 847 fretrlbus
613 784 727 848 ordinis
749 784 987 850 lerosellmltaul
1015 777 1174 866 prlrlle'gle
1202 801 1256 847 sna
1285 785 1453 849 condrust

623 940 703 998 lete.
716 942 861 998 December
874 943 899 995 5.
913 942 1076 1013 Nureuberg.

255 1088 287 1142 K.
310 1085 415 1157 Redolf
435 1088 557 1158 deatdtr‘pt
581 1090 641 1143 dem
663 1087 904 1145 lobanniterordea
932 1089 986 1144 olle
1010 1088 1084 1144 aeine
1106 1089 1322 1161 yeyerrwdrtr'qen
1345 1090 1407 1145 und
1425 1089 1452 1144 ia

256 1175 374 1247 Zubunft
381 1177 553 1248 rcebtmdaar'p
564 1195 597 1232 zu
602 1177 788 1235 emerseram
794 1178 970 1252 Beeitrunyen
982 1181 1040 1236 und
1050 1179 1096 1235 aa
1107 1197 1155 1236 ron
1167 1180 1260 1234 omnen
1280 1181 1451 1252 Vorydnperm

652 1265 705 1324 r'lrm
716 1268 869 1342 yewddrten
882 1269 1054 1342 Petrilepr‘en.
1438 1271 1442 1278 ’

346 1414 472 1477 Gorbert,
485 1413 512 1477 f,
525 1412 568 1468 13.

344 1560 410 1626 Etsi
417 1560 454 1625 de
467 1560 578 1644 regalis
590 1561 734 1643 procedat
745 1560 952 1625 benivolencia
965 1560 1115 1644 largitate,
1128 1559 1286 1623 universos
1299 1558 1450 1642 regularis

251 1670 449 1736 observancie
464 1671 653 1754 professores
669 1669 756 1735 solite
773 1672 969 1754 protectionis
991 1675 1021 1734 et
1043 1670 1146 1753 gracie
1167 1669 1337 1753 patrocinio
1366 1687 1451 1733 com·

252 1781 378 1852 munire,
395 1781 587 1846 honorabiles
609 1785 709 1844 tamen
731 1780 840 1844 fratres
865 1781 978 1844 ordinis
1000 1779 1157 1864 hospitalis
1179 1780 1278 1844 sancti
1300 1778 1451 1845 lobannis

249 1891 503 1962 Jerusalemitani,
521 1889 581 1976 qui,
598 1895 700 1973 spreta
716 1889 845 1953 seculari
856 1888 977 1961 milicia,
992 1894 1095 1954 contra
1107 1890 1256 1974 paganico
1267 1887 1450 1974 pestilencie

251 2000 371 2084 agmina
393 2000 595 2082 producentes
616 1998 766 2083 intrepide
788 1997 895 2062 vexilla
922 1997 1047 2062 victorie
1064 1999 1244 2070 Christiane,
1272 2019 1328 2063 sue
1351 2000 1449 2063 eciam

133 2108 338 2193 ramesiga
355 2109 465 2172 milicie
482 2107 670 2172 rubricantes
687 2107 881 2191 insanguine
905 2107 1030 2191 gloriosi
1051 2108 1176 2172 martirii
1198 2113 1342 2173 strennue
1360 2109 1450 2173 dimi-

251 2219 348 2284 cando
365 2238 432 2282 cum
449 2217 587 2282 barbaris
604 2217 791 2289 nacionibus,
807 2218 946 2300 preciose
962 2219 1050 2282 morti
1073 2238 1106 2281 se
1129 2219 1250 2282 tradere
1267 2239 1328 2282 non
1342 2218 1450 2283 formi-

250 2326 339 2399 dant,
368 2347 385 2390 a
409 2327 494 2410 regie
517 2326 703 2390 celsitudinis
725 2325 849 2390 brachio
871 2330 955 2390 tanto
978 2327 1090 2392 debent
1110 2327 1260 2390 attencius
1283 2328 1449 2398 confoveri,

250 2442 393 2521 tantoque
406 2436 561 2501 sublimius
574 2435 724 2508 honorari,
739 2439 850 2520 quanto
861 2437 1032 2499 fervenoius
1044 2456 1099 2520 pro
1109 2436 1285 2500 defensione
1297 2435 1449 2500 katholico
1549 2480 1550 2483 ,

250 2546 320 2611 fidei
345 2550 509 2610 noscuntur
531 2544 563 2607 in
586 2545 694 2608 castris
719 2544 876 2607 dominicis
893 2545 1032 2608 militare.
1066 2546 1143 2629 Quia
1159 2548 1252 2630 igitur
1266 2547 1450 2630 prelibatum

251 2656 386 2721 ordinem
401 2655 526 2718 fratrum
541 2653 699 2737 hospitalis
715 2653 889 2737 supradicti,
907 2654 992 2717 ouius
1009 2655 1111 2740 utique
1128 2655 1297 2720 sanctitatis
1314 2656 1400 2726 odor,
1418 2661 1449 2718 ut

250 2766 325 2831 odor
339 2765 405 2847 agri
419 2762 511 2846 pleni,
534 2763 583 2827 cui
606 2763 750 2826 Dominus
771 2762 935 2834 benedixit,
960 2762 1116 2828 suavitatis
1138 2765 1360 2829 oblectamento
1377 2786 1450 2849 pre-

251 2873 422 2940 cordialiter
438 2892 493 2936 nos
509 2871 626 2942 refecit,
642 2872 833 2954 prerogativa
855 2872 967 2935 favoris
988 2873 1197 2955 amplectimur
1218 2875 1394 2958 singularis,
1419 2883 1450 2939 et

251 2983 391 3070 quoniam
414 2973 494 3045 idem
510 2979 583 3044 ordo
602 2980 768 3045 dinoscitur
781 2981 884 3065 tytulis
901 2979 939 3044 ab
956 2980 1078 3066 antiquo
1095 2983 1203 3047 llorere
1219 2985 1394 3069 conspicuis
1410 3005 1446 3050 ao

250 3094 396 3159 honorum
413 3099 443 3154 et
458 3090 629 3155 libertatum
645 3090 761 3153 eximiis
777 3089 897 3153 dotibus
913 3090 1067 3173 insigniri:
1092 3112 1147 3156 nos
1168 3093 1273 3157 intimo
1296 3095 1447 3159 desiderio

251 3204 419 3288 cupientes,
437 3200 516 3285 quod
533 3200 580 3264 sui
596 3199 703 3263 famosi
720 3199 849 3263 nominis
866 3205 997 3284 nequeat
1013 3201 1182 3267 obnubilari
1204 3204 1366 3277 serenitas,
1391 3225 1447 3267 nec

251 3318 346 3377 status
369 3310 416 3374 sui
442 3308 626 3393 prosperitas
648 3308 798 3372 laceretur
819 3308 850 3371 in
872 3308 989 3392 aliquo,
1019 3311 1066 3374 vel
1083 3311 1277 3395 dispendiose
1296 3318 1446 3398 tangatur,

253 3421 368 3486 devotis
390 3438 492 3483 eorum
519 3415 793 3500 supplicacionibus
815 3416 966 3488 inclinati,
995 3418 1122 3502 predicti
1146 3421 1259 3486 ordinis
1282 3422 1395 3488 fratres
1419 3429 1449 3484 et

252 3552 356 3620 omnes
382 3527 591 3615 possessiones
618 3545 721 3590 eorum
744 3531 776 3589 et
796 3526 892 3599 bona,
922 3547 980 3612 que
1003 3530 1033 3592 in
1049 3533 1273 3613 presenciarum
1290 3533 1448 3617 possident

251 3641 353 3707 autin
376 3642 530 3724 posterum
546 3636 633 3700 iustis
655 3635 752 3700 modis
772 3636 985 3719 possidebunt,
1014 3639 1053 3702 ad
1080 3640 1283 3705 imitacionem
1311 3642 1448 3706 divorum

250 3752 474 3836 imperatorum,
491 3746 741 3830 predecessorum
757 3751 937 3818 nostrorum,
960 3751 991 3810 et
1012 3767 1118 3831 regum
1141 3750 1354 3825 Romanorum,
1378 3772 1449 3838 pre-

252 3861 332 3926 dicta
348 3857 517 3943 priuilegia,
532 3859 620 3939 prout
637 3855 775 3939 superius
792 3860 861 3919 sunt
874 3860 1026 3928 annotata,
1044 3861 1074 3919 et
1090 3858 1247 3924 uniuersos
1265 3865 1296 3924 et
1312 3862 1449 3945 singulos

249 3970 392 4037 articulos
407 3987 489 4039 suos,
503 3985 607 4030 omnes
623 3964 747 4049 insuper
762 3965 955 4037 donaciones,
972 3966 1189 4050 indulgencias,
1205 3971 1339 4052 gracias,
1355 3971 1448 4037 liber-

249 4087 329 4146 tates
357 4083 388 4141 et
413 4077 477 4141 iura
499 4072 609 4158 prefati
630 4074 743 4138 ordinis
766 4074 910 4139 fratribus
932 4095 950 4138 a
974 4075 1110 4160 preclare
1132 4080 1276 4145 memorie
1292 4081 1449 4148 Friderico

251 4194 433 4280 imperatore
449 4190 563 4261 ultimo,
586 4188 803 4272 predecessore
826 4194 928 4253 nostro
945 4189 999 4278 a),
1017 4193 1087 4253 ante
1108 4190 1198 4254 latam
1219 4191 1252 4254 in
1267 4212 1338 4256 cum
1354 4194 1450 4278 depo-
1545 4187 1546 4190 '

255 4303 379 4370 sicionis
396 4299 592 4370 sentenciam,
609 4302 639 4360 et
655 4316 672 4361 a
689 4296 751 4361 suis
763 4298 1021 4372 antecessoribus,
1038 4300 1268 4385 imperatoribus
1282 4308 1313 4367 et
1324 4305 1451 4388 regibus

256 4413 467 4482 Romanorum,
484 4409 541 4473 rite
558 4427 594 4472 ao
609 4407 733 4490 provide
750 4406 859 4472 tradita
876 4413 906 4470 et
923 4428 1079 4482 concessa,
1096 4429 1132 4474 ac
1155 4410 1180 4474 si
1196 4411 1336 4493 predicta
1353 4413 1451 4477 omnia

345 4557 379 4626 a)
393 4555 464 4613 Frid.
479 4556 570 4612 ultimo
583 4554 752 4625 imperatore,
766 4557 872 4630 prodeo.
885 4563 979 4614 nosue
992 4559 1018 4613 Ζ.
