3100 5116
290 307 368 382 374
399 369 403 378 .

286 485 344 549 lice
361 485 559 568 relinquimus
576 490 607 548 et
623 485 799 569 exponimus
818 486 1017 551 dirimendam
1038 487 1083 573 1);
1107 490 1264 570 procerte
1283 490 1315 550 et
1340 485 1486 550 constanti

287 600 443 667 tenentes,
472 591 553 678 quod
569 593 777 676 indempnitati
800 595 920 660 cavebit
943 595 1061 677 imperii
1086 601 1189 660 vestra
1205 594 1432 679 inobliquabilis
1447 594 1484 682 a)

285 702 437 768 rectitudo
453 703 504 784 b).

858 985 921 1056 24.

284 1159 341 1224 lex
358 1178 413 1241 per
430 1177 518 1241 quem
535 1161 699 1242 inperator
720 1161 857 1243 probibet
873 1160 1012 1226 elvltstes
1029 1160 1177 1224 lle-sule
1198 1159 1302 1226 faeere
1326 1161 1480 1242 magistros

822 1270 937 1333 elvisus.

692 1481 771 1536 1232.
790 1481 897 1538 ianuar.
918 1484 1066 1554 Ravennae.

323 1680 488 1738 Frieds‘iob'e
501 1683 535 1737 11.
554 1683 727 1753 Verordnunp
738 1698 823 1753 peperi
836 1681 880 1735 die
893 1679 1049 1738 Autonomie
1061 1681 1112 1734 der
1127 1681 1220 1736 stede
1233 1681 1442 1737 Deuteeblonds.

374 1826 649 1883 Huillard·Bre'eholles
662 1827 690 1890 l,
701 1825 765 1882 286.

290 1993 294 2000 ·
369 1970 447 2033 Dum
464 1971 503 2055 e)
520 1970 652 2033 Romane
668 1968 872 2032 monarchiam
890 1967 1045 2049 dignitatis
1068 1968 1133 2050 ipso
1155 1974 1291 2041 auctore,
1317 1987 1474 2053 perquem

277 2099 368 2162 reges
384 2083 513 2162 regnant
530 2084 561 2142 et
576 2077 729 2162 principes
746 2076 883 2141 obtinent
899 2077 1111 2160 principatum,
1129 2075 1179 2159 qui
1196 2096 1289 2159 super
1312 2082 1422 2160 gentes
1445 2081 1474 2139 et

276 2207 372 2271 regna
395 2186 551 2252 constituit
574 2187 676 2250 sedem
699 2191 847 2257 nostram,
876 2183 1083 2267 principaliter
1104 2189 1261 2249 teneamus
1280 2191 1311 2249 et
1327 2187 1421 2250 simus
1445 2186 1472 2248 in

275 2295 436 2380 potestatis
463 2295 649 2377 plenitudine
672 2293 844 2358 constituti:
869 2295 1091 2386 imperatoriam
1109 2294 1257 2358 condecet
1273 2294 1471 2365 maiestatem,

277 2426 342 2478 eos,
358 2425 415 2487 per
429 2423 505 2487 quos
523 2405 604 2488 cepit
621 2408 650 2469 et
666 2403 824 2488 inquibus
840 2401 980 2466 consistit
997 2408 1099 2466 nostre
1115 2403 1211 2486 glorie
1234 2403 1399 2476 celsitudo,
1423 2405 1470 2487 qui

277 2521 308 2579 et
324 2512 425 2579 vocati
442 2494 512 2577 sunt
528 2512 684 2576 nobiscum
707 2513 739 2575 in
759 2517 876 2596 partem
899 2510 1120 2583 sollicitudinis,
1146 2516 1178 2575 ut
1193 2531 1211 2575 a
1227 2517 1332 2576 nostra
1349 2511 1471 2577 celsitu-

276 2625 346 2687 dine
369 2623 463 2685 decus
486 2620 635 2703 recipiant
656 2630 688 2686 et
711 2620 863 2694 decorem,
885 2641 946 2684 non
968 2620 1065 2684 solum
1080 2621 1111 2684 in
1127 2621 1260 2704 antiquis
1276 2621 1341 2685 suis
1357 2619 1469 2685 iuribus

274 2732 353 2796 tueri
376 2730 490 2814 pariter
512 2735 543 2794 et
565 2729 681 2803 lovere,
697 2731 798 2802 immo,
814 2729 845 2792 in
868 2734 1013 2813 quantum
1036 2729 1154 2811 equitas
1177 2729 1250 2793 sinit
1272 2734 1304 2794 et
1326 2731 1470 2813 permittit

274 2842 369 2914 racio,
386 2841 472 2904 novis
489 2844 520 2902 et
535 2837 672 2903 honestis
688 2844 748 2901 tam
766 2839 839 2902 iuris
856 2856 946 2921 quam
962 2838 1064 2920 gracie
1081 2837 1255 2901 muneribus
1279 2837 1426 2902 decenter
1440 2845 1468 2902 et

274 2949 491 3016 honorabiliter
506 2948 662 3012 decorare.

365 3168 399 3236 a)
422 3165 588 3237 inopinabilis
602 3166 767 3233 cern-o)
786 3164 878 3220 Bodm.
899 3164 952 3218 und
972 3165 1012 3219 St.
1034 3166 1120 3219 baben
1141 3165 1210 3220 noch
1230 3166 1377 3239 folgenden
1396 3168 1468 3225 Sata:

273 3256 413 3314 Caeterum
427 3271 510 3327 super
523 3255 594 3310 illius
608 3255 722 3311 benivoli
735 3257 833 3311 favoris
852 3259 880 3311 et
899 3255 1099 3326 benivolenciae
1119 3256 1275 3313 favorabilis
1288 3258 1463 3326 exhibicione,

273 3366 351 3422 quam
365 3363 461 3402 censae
476 3351 585 3401 nostrae
600 3347 722 3402 iusticias
742 3347 865 3420 graciose
883 3346 1066 3418 praetenditis,
1086 3347 1157 3400 iuxta
1179 3347 1249 3419 quod
1269 3349 1359 3404 fidelis
1380 3355 1467 3406 nostm

272 3441 304 3496 N.
324 3456 409 3511 nuper
428 3437 461 3491 de
480 3441 586 3492 vestrae
599 3436 769 3493 beatitudinis
790 3437 903 3509 pedibus
923 3437 956 3492 ad
976 3453 1025 3492 nos
1044 3437 1151 3491 rediens
1172 3439 1313 3502 enarravit,
1334 3441 1357 3494 si
1371 3459 1423 3498 non
1436 3442 1465 3495 ad

274 3536 387 3605 quamn
401 3531 474 3586 vobis
489 3529 626 3591 debemus,
639 3533 727 3583 tamen
741 3529 776 3582 ad
795 3534 907 3599 quantas
928 3526 1084 3592 sufficimus,
1105 3528 1253 3600 graciarum
1273 3533 1398 3588 totaliter
1421 3549 1466 3587 nos

272 3621 447 3695 provolvimus
460 3621 588 3682 actiones,
601 3623 677 3692 grets
691 3620 855 3690 recipientes
868 3623 896 3672 et
914 3618 1021 3688 placita,
1036 3635 1085 3672 nec
1104 3635 1156 3673 non
1170 3619 1361 3677 invariabiliter
1374 3623 1464 3679 obser·

269 3719 363 3769 ventes
385 3728 454 3784 quae
474 3728 523 3782 per
551 3711 664 3765 dilectos
692 3711 784 3766 fideles
813 3712 918 3764 nostros
946 3709 977 3762 N.
1003 3711 1030 3763 et
1054 3709 1085 3762 N.
1115 3710 1141 3762 in
1177 3712 1349 3766 beatitudinis
1380 3719 1466 3771 vestre

269 3803 428 3878 praesencia
450 3808 512 3857 suut
531 3805 652 3858 tractata.
678 3835 706 3843 —
724 3803 755 3872 r)
770 3800 835 3855 Cum
849 3801 875 3853 Z.

269 3978 594 3991 Μ

295 4067 320 4160 1)
341 4107 364 4150 ln
388 4103 463 4150 einem
486 4102 566 4147 Briels
588 4115 639 4146 vom
665 4102 702 4146 1⁰.
726 4100 771 4146 blei
794 4100 856 4146 12⁷5
880 4096 995 4157 (Boeeel,
1017 4102 1074 4146 Cod.
1095 4102 1214 4148 Morsviae
1236 4101 1260 4159 l,
1276 4103 1336 4162 1⁵2)
1359 4106 1464 4153 schreibt

340 4194 468 4256 Gregorll.
479 4208 508 4239 au
518 4195 619 4240 otaker:
633 4191 772 4250 praesertim
783 4204 835 4264 oum
847 4193 871 4236 et
882 4192 944 4237 idem
954 4206 997 4238 rex
1007 4188 1237 4252 (seil.lludolpbus)‚
1249 4194 1328 4241 missis
1342 4198 1364 4242 ei
1379 4198 1408 4243 ad
1421 4199 1464 4243 boc

337 4285 530 4344 persuasionibus
553 4285 679 4336 inductus,
703 4281 771 4327 nobis
794 4295 868 4340 nuper
889 4295 943 4328 suas
965 4284 1047 4330 literas
1070 4284 1212 4339 destinavit,
1234 4299 1332 4344 quarum
1356 4289 1461 4348 inspecto

340 4380 425 4424 tenore
439 4389 569 4434 speramns,
582 4376 655 4434 ipsum
668 4376 698 4420 de
716 4374 779 4420 dieta
792 4374 921 4419 concordia
934 4375 1025 4420 nostris
1038 4374 1195 4432 beneplacitis
1208 4377 1346 4434 pariturum.
1369 4381 1415 4426 llas
1434 4381 1464 4425 ist

339 4471 394 4513 sine
413 4467 577 4528 besugnsbme
595 4467 637 4512 sut
652 4479 738 4512 nnssrn
760 4465 832 4520 lirici,
850 4465 893 4510 der
914 4467 962 4512 also
982 4479 1025 4511 vor
1042 4466 1096 4512 dem
1116 4466 1153 4511 10.
1173 4467 1217 4514 blei
1231 4467 1463 4528 nonagenariam

337 4571 388 4603 sein
402 4570 473 4602 muas.
