3112 5118
14 4601 180 4808 h·-

291 293 369 364 att

289 463 464 536 rubricavit,
480 469 541 528 tam
558 467 700 546 patenter
717 480 804 546 quam
820 468 961 543 potenter
977 481 1165 534 succurrere,
1179 463 1260 546 quod
1270 465 1328 527 Dei
1344 467 1470 548 populus,

290 573 451 654 permulta
467 578 604 652 tempora
620 569 657 633 ab
674 569 813 633 hostibus
830 570 929 633 crucis
946 570 1058 633 Christi
1074 570 1205 634 afflictus
1228 573 1343 654 pariter
1365 578 1395 636 et
1410 593 1473 636 con·

291 679 412 744 strictus
428 679 482 765 o),
504 679 542 741 ad
565 677 676 742 Christi
698 677 823 758 gloriam
853 677 1045 759 sepulchrum
1065 678 1182 741 Domini
1211 680 1362 762 intrepide
1388 681 1473 743 valeat

290 787 423 851 visitare.
441 825 486 835 -
501 785 546 848 Ad
564 785 644 868 quod
663 784 753 847 ardor
770 785 913 847 desiderii
930 785 960 846 in
976 784 1063 848 nobis
1081 805 1115 847 eo
1138 786 1352 850 vehemencius
1376 807 1474 850 accen-

291 895 385 966 ditur,
414 914 472 976 quo
501 892 644 956 naturalis
667 891 813 973 genitoris
836 891 931 954 nostri
954 911 1039 965 ossa,
1081 893 1119 955 ob
1142 891 1276 956 crucifixi
1303 895 1428 976 gloriam
1443 896 1473 978 h)
1538 955 1541 984 Δ

289 1008 372 1064 extra
389 1001 487 1065 natale
504 1000 599 1062 solum
620 1018 748 1081 peregre
765 999 803 1086 c)
821 999 893 1063 inibi
912 1000 1115 1083 quiescencia,
1138 1001 1296 1065 sollicitius
1314 1004 1437 1066 cottidie
1450 1003 1475 1064 iu
1537 987 1541 1082 ξ

288 1109 399 1173 nostris
413 1108 555 1172 cordibus
567 1107 768 1173 revolvuntur.
781 1109 820 1174 Et
832 1109 899 1192 quis
911 1108 1072 1189 prohibere
1085 1109 1195 1190 poterit
1206 1108 1309 1182 filium,
1324 1131 1361 1172 ex
1373 1111 1473 1173 intimis
1539 1107 1541 1114 ⁴

289 1215 783 1298 cordisconcupiscereinpaterno
800 1217 912 1280 tumulo
919 1216 1084 1280 subterrari
1091 1217 1143 1304 d),
1161 1218 1274 1280 exulem
1287 1239 1343 1300 pro
1357 1239 1394 1282 eo
1409 1217 1474 1304 non,

289 1325 340 1406 qui
357 1325 443 1388 exilio
461 1329 491 1387 et
506 1323 626 1385 miseric
644 1343 677 1384 se
693 1323 827 1395 tradidit,
842 1323 957 1386 deliciis
975 1323 1101 1386 atlluens
1120 1325 1268 1406 paradisi!
1285 1325 1368 1388 inter
1384 1331 1474 1388 cetera

288 1455 360 1498 vero
376 1433 414 1517 e)
431 1431 657 1497 desiderancius
687 1431 847 1513 concupita
870 1431 1053 1498 desiderium
1080 1432 1264 1496 indefessum
1286 1433 1420 1516 gerimus
1433 1436 1474 1522 s),

289 1563 348 1606 una
363 1530 520 1605 vobiscum
536 1540 649 1604 habere
666 1541 846 1625 colloquium
863 1547 893 1605 et
920 1547 1097 1614 tractatum,
1120 1541 1247 1625 qualiter
1262 1561 1321 1623 pax
1349 1543 1409 1605 iam
1432 1540 1476 1606 diu

290 1649 461 1732 disperdita·
483 1648 562 1711 inter
583 1647 772 1712 christicolas
806 1650 1001 1722 reformetur,
1034 1669 1124 1730 super
1147 1648 1281 1712 omnibus
1303 1649 1474 1714 tractatibus

289 1779 344 1842 per
359 1739 459 1821 vestre
476 1756 616 1820 melliflue
632 1756 753 1838 pietatis
767 1757 957 1820 dulcedinem
970 1777 1038 1820 cum
1050 1762 1153 1821 nostro
1167 1757 1346 1822 cancellario
1359 1757 1473 1829 habitis,

291 1866 453 1932 ollcrentes
470 1863 617 1933 animam,
646 1883 772 1948 corpus,
800 1865 947 1937 honores,
975 1887 1025 1929 res
1050 1871 1081 1929 et
1097 1867 1194 1932 omnia
1210 1873 1313 1930 nostra
1330 1867 1369 1930 ad
1384 1872 1474 1932 vestre

288 1974 479 2057 beneplacita
495 1972 673 2036 sanctitatis.
704 1973 744 2036 Et
758 1979 792 2036 ut
807 1973 899 2037 verbo
919 1981 1065 2039 consonet
1081 1975 1181 2056 operis
1198 1975 1364 2056 gratitudo,
1380 1975 1471 2066 beati·

289 2083 402 2148 tudinis
429 2087 529 2145 vestre
551 2081 646 2162 pedes
671 2080 787 2146 devotis
812 2082 940 2154 osculis,
970 2101 1038 2145 cum
1054 2082 1139 2146 vobis
1160 2083 1326 2164 placuerit,
1348 2084 1475 2150 volumus

290 2191 482 2271 contingere,
510 2207 546 2251 ac
573 2188 652 2251 facie
681 2190 720 2253 ad
747 2189 860 2254 faciem
881 2210 1011 2271 persono
1033 2195 1133 2254 vestre
1156 2191 1346 2254 sanctissime
1367 2191 1473 2273 pertrui

289 2300 414 2370 visione.
432 2336 476 2346 -
492 2297 537 2360 Ad
559 2297 618 2360 hec
641 2317 732 2379 super
754 2297 973 2368 controversia,
997 2317 1054 2381 que
1076 2299 1230 2362 internos
1253 2305 1400 2380 exparte
1423 2317 1473 2360 una

290 2415 321 2474 ct
333 2407 531 2472 clarissimum
547 2407 722 2469 comitem
736 2407 948 2478 Sabaudie,
964 2405 1083 2470 fidelem
1092 2412 1279 2478 nostramet
1290 2413 1379 2489 parte
1389 2407 1474 2470 altera

290 2517 434 2588 vertitur,
462 2514 659 2578 amicabiliter
680 2515 743 2586 vel,
772 2514 892 2578 iusticia
907 2514 1075 2586 mediante,
1104 2514 1168 2577 sine
1185 2515 1313 2596 strepitu
1330 2515 1475 2597 sopienda,

290 2626 391 2694 taliter
407 2623 494 2688 ambo
512 2623 717 2694 convenimus,
734 2623 815 2705 quod
832 2644 886 2686 nos
903 2641 994 2684 unum
1011 2629 1041 2686 et
1055 2622 1121 2704 ipse
1135 2642 1236 2685 comes
1246 2623 1385 2694 alterum,
1401 2623 1472 2686 viros

289 2736 427 2818 ydoneos
444 2732 481 2796 ad
500 2736 631 2796 vestram
655 2731 767 2797 curiam
789 2731 1041 2802 transmittemus,
1070 2731 1122 2812 qui
1142 2751 1197 2793 nos
1220 2731 1425 2794 concordandi
1445 2729 1476 2794 ad

290 2844 420 2912 invicem
442 2840 596 2904 habebunt
610 2839 774 2922 plenariam
789 2844 980 2925 potestatem.
1013 2839 1089 2922 lpsis
1105 2859 1177 2902 vero
1195 2859 1254 2902 non
1268 2839 1476 2903 valentibusiu

290 2972 379 3018 unam
407 2951 595 3015 concordare
624 2949 826 3019 sentenciam,
855 2947 941 3012 ambo
970 2947 1168 3030 promittimus
1184 2947 1263 3010 bona
1285 2945 1363 3019 fide,
1392 2947 1473 3010 verbo

290 3061 406 3127 arbitrii
422 3059 515 3124 vestri
531 3063 624 3129 stare,
641 3062 755 3120 certam
771 3055 917 3120 habentes
934 3057 965 3119 in
976 3056 1103 3120 Domino
1121 3054 1271 3128 fiduciam,
1284 3057 1366 3139 quod
1380 3077 1416 3118 en
1427 3075 1475 3140 quo

290 3177 360 3257 post
374 3172 471 3234 Deum
487 3169 526 3232 ad
542 3168 653 3232 nullum
669 3166 768 3238 alium,
786 3186 875 3249 quam
891 3166 929 3228 ad
950 3185 1004 3236 vos
1027 3171 1058 3228 et
1079 3169 1303 3229 sacrosanctam
1320 3167 1475 3229 Romanam

289 3281 452 3346 ecclesiam
468 3276 579 3340 babere
596 3275 730 3340 volumus
746 3273 896 3355 retugium
912 3294 966 3338 seu
978 3279 1158 3356 respectum,
1171 3275 1250 3357 quod
1263 3276 1365 3338 omnia
1381 3281 1475 3340 nostra
1539 3321 1541 3362 ἒ

289 3388 430 3472 negocia,
447 3393 591 3469 tanquam
608 3381 796 3447 dilectissimi
813 3380 876 3454 filii,
893 3401 1014 3464 semper
1029 3381 1167 3445 habeatis
1183 3382 1382 3463 paternaliter
1404 3402 1476 3446 con·

290 3498 441 3562 mendata.
460 3532 504 3544 —
521 3494 561 3556 Et
576 3498 609 3555 ut
624 3509 836 3573 prosperorum
853 3509 1051 3554 successuum
1073 3495 1243 3570 nostrorum
1270 3491 1408 3572 auspicia
1434 3511 1477 3554 vus
1540 3509 1541 3584 J

290 3627 370 3672 nunc
386 3603 428 3690 q]
446 3624 505 3667 ncn
521 3604 561 3690 b)
575 3603 698 3672 lateant,
715 3598 802 3662 vobis
818 3598 1010 3680 presentibus
1026 3605 1130 3662 notum
1145 3596 1207 3670 liat,
1227 3599 1309 3682 quod
1320 3599 1476 3682 principes,
1539 3613 1541 3666 j

289 3718 437 3786 barones,
460 3712 615 3782 civitates,
643 3713 746 3771 castra
769 3713 799 3770 et
823 3707 881 3770 alia
902 3706 982 3771 bona
998 3706 1077 3770 sacri
1093 3707 1210 3788 imperii
1226 3725 1281 3788 per
1298 3706 1475 3770 Alemaniam

289 3830 393 3890 nostre
425 3821 568 3886 obediunt
598 3817 777 3883 unanimiter
808 3815 928 3880 dicioni.
952 3854 996 3864 -
1013 3815 1221 3898 Supplicamus
1250 3815 1353 3897 itaque
1382 3823 1475 3880 vestro

289 3931 483 4000 sanctissime
499 3929 616 4013 pietati,
633 3932 781 4011 quatenus
797 3924 866 3988 talis
888 3924 945 3986 viri
962 3924 1002 4012 β)
1020 3924 1108 3987 dictis
1125 3923 1298 3996 credentes,
1316 3923 1476 3987 ministeriu

289 4044 357 4108 vive
384 4039 485 4111 vocis,
519 4037 607 4101 nobis
636 4033 801 4117 dignemini
829 4034 1003 4116 patefacere
1031 4036 1132 4094 vestre
1159 4030 1352 4112 beneplacita
1379 4030 1477 4094 volun-

291 4152 362 4216 tatis
380 4148 434 4235 γ).

382 4312 417 4382 α)
445 4310 551 4365 attritus
578 4309 608 4362 ll.
641 4337 674 4346 -
700 4305 733 4374 d)
759 4305 870 4376 gloriam
895 4305 943 4358 sub
970 4302 1057 4356 crucis
1093 4301 1231 4369 signaculo
1257 4300 1367 4371 e(xtra)
1393 4301 1424 4355 ll.
1448 4327 1478 4339 ν

292 4401 325 4466 e)
340 4400 482 4471 peregrine
495 4401 526 4454 K.
549 4427 579 4438 -
602 4397 636 4466 d)
651 4396 798 4450 subterrari
814 4393 881 4448 tehlt
900 4393 929 4446 V.
949 4409 972 4445 u.
993 4392 1021 4444 Ζ.
1040 4421 1066 4429 -
1083 4392 1114 4460 c)
1130 4391 1202 4444 robis
1214 4391 1241 4444 Z.
1266 4419 1295 4430 —
1313 4390 1346 4461 f)
1367 4391 1477 4460 gerimus
1540 4385 1541 4406 ³

296 4491 364 4546 fehlt
377 4493 405 4545 Z.
418 4509 445 4544 u,
459 4489 489 4544 V.
508 4518 534 4528 -
550 4489 585 4558 p)
600 4505 668 4540 nunc
681 4487 750 4540 t'ehlt
763 4487 793 4538 ll.
811 4515 840 4526 -
855 4482 890 4551 b)
905 4501 955 4538 non
970 4500 1010 4537 am
1025 4481 1114 4536 Raude
1129 4483 1157 4535 V.
