3108 5118
746 517 749 522 '
842 493 902 570 tl.

618 679 813 741 bononorum
830 695 883 739 rex
900 675 1112 740 cardinalibus.

787 834 860 887 linde
876 831 955 886 lule.

274 985 359 1054 lr'c‘oip
385 982 490 1052 liudolf
512 979 656 1036 beocbrocrt
684 978 742 1032 eiob
773 977 817 1032 bei
845 979 903 1062 clem
928 977 1057 1048 Mopioter
1082 967 1207 1030 Beraord
1236 994 1286 1030 coa
1314 977 1465 1042 casteneto,

393 1073 542 1126 erwdbltcm
555 1065 672 1138 Bieobof
681 1083 729 1120 coa
743 1066 812 1130 Albi,
828 1069 892 1120 doce
904 1065 962 1119 ecio
975 1065 1054 1136 Eifer
1064 1065 1113 1136 fito
1125 1065 1170 1120 iba
1184 1065 1298 1120 aboites*
1308 1067 1356 1121 eei.

363 1217 478 1270 Gerbert
490 1213 516 1274 2,
530 1213 572 1266 31.

362 1340 477 1404 Blande
503 1338 592 1402 faciei
621 1341 722 1400 vestra
754 1357 862 1400 serena
892 1335 1069 1420 placiditas,
1102 1336 1287 1424 agendorum
1319 1337 1469 1419 regalium

272 1449 420 1512 hactenus
444 1467 503 1509 non
520 1446 636 1527 ignara,
658 1457 717 1508 non
734 1443 844 1527 pavida
865 1443 1054 1526 procuratrix
1076 1448 1106 1505 et
1127 1444 1232 1514 lotrix,
1261 1444 1307 1507 sic
1330 1465 1403 1526 erga
1428 1445 1469 1530 o]

272 1576 327 1618 nos
349 1553 541 1617 instinctibus
563 1552 704 1617 virtuosis
727 1551 862 1621 incaluit,
887 1550 992 1632 sicque
1014 1551 1108 1613 valuit
1134 1557 1346 1636 propotentes,
1376 1555 1470 1636 quod,

273 1668 360 1746 patre
376 1667 477 1724 nostro
495 1660 684 1724 sanctissimo
707 1659 826 1722 domino
843 1679 922 1743 papa
939 1659 1102 1722 dumtaxat·
1114 1666 1255 1744 excepto,
1288 1683 1350 1725 non
1366 1663 1473 1724 imme-

272 1771 330 1832 rito
353 1769 559 1853 principaliter
580 1769 665 1834 vobis
689 1768 869 1832 ascribimus
892 1767 1023 1850 quitquit
1044 1768 1167 1832 honoris
1185 1745 1221 1832 ¹et
1247 1771 1347 1850 gioria
1375 1770 1472 1832 subli-

271 1876 417 1939 macionis
441 1880 543 1938 nostre
564 1874 739 1958 progressui
763 1873 885 1936 dextera
910 1873 1073 1957 apostolice
1102 1875 1325 1942 consolacionis
1348 1875 1470 1938 adiecit.

271 1984 365 2048 Vobis
390 1983 468 2045 enim
491 1981 687 2046 fidentissime
711 1981 845 2064 quelibet
866 1982 975 2044 mentis
997 1987 1100 2044 nostre
1122 1982 1266 2046 interiora
1290 1984 1473 2054 deteximus,

272 2092 382 2156 vestris
398 2090 530 2152 humeris
546 2089 665 2173 pondus
687 2093 717 2150 ct
739 2108 815 2151 onus
832 2109 905 2151 eure
928 2089 1026 2151 tocius
1043 2093 1072 2150 et
1089 2089 1300 2154 sollicitudinis
1317 2092 1472 2154 sarcinam

205 2253 207 2256 .
276 2201 464 2282 inponentes,
489 2219 523 2260 ex
540 2217 599 2280 quo
617 2197 721 2279 utique
736 2200 897 2280 peroptata
912 2197 1062 2280 processit
1077 2197 1192 2262 utilitas
1210 2203 1240 2261 et
1255 2201 1416 2282 proiectus
1433 2199 1472 2284 b)

270 2306 384 2391 prodiit
411 2310 577 2388 exoptatus.
611 2306 721 2368 Verum
749 2304 787 2366 de
816 2322 911 2374 novo,
940 2304 1020 2386 quod
1049 2305 1141 2366 corde
1168 2307 1255 2386 gravi
1271 2307 1311 2390 c)
1333 2308 1472 2378 ierimus,

273 2415 371 2476 visum
404 2420 449 2476 est
481 2413 567 2475 nobis
599 2412 780 2494 quibusdam
810 2411 1019 2495 probabilibus
1051 2414 1250 2484 coniecturis,
1283 2416 1368 2497 quod
1399 2436 1476 2498 erga

275 2543 330 2584 nos
353 2521 554 2584 verisimiliter
577 2521 733 2582 immutata
756 2520 795 2582 sit
816 2520 866 2583 illa
887 2521 1049 2583 laudabilis
1072 2524 1172 2584 vultus
1200 2523 1294 2584 vestri
1324 2524 1476 2587 serenitas

276 2636 306 2692 ct
330 2635 505 2712 exasperata
528 2629 566 2691 sit
588 2629 696 2690 lenitas
719 2628 798 2690 bone
820 2628 938 2691 mentis.
974 2631 1073 2712 Super
1096 2648 1155 2712 quo
1178 2631 1284 2692 merito
1309 2633 1477 2696 vehemens

278 2737 384 2799 intima
399 2741 500 2799 nostre
517 2737 640 2798 aculeus
658 2735 849 2798 amiracionis
862 2737 990 2819 perculit
1004 2737 1045 2823 d)
1059 2758 1094 2798 ex
1109 2737 1154 2798 rei
1166 2737 1338 2801 huiusmodi
1356 2741 1478 2804 insolita

275 2847 417 2909 novitate.
443 2837 543 2906 Testis
561 2843 639 2905 enim
656 2848 702 2905 est
719 2843 952 2905 incontaminate
970 2844 1161 2906 consciencie
1177 2845 1348 2928 integritas,
1367 2850 1475 2931 quavis

275 2951 398 3014 testium
415 2949 607 3033 deposicione
625 2948 831 3031 sollempnior‚
860 2949 940 3030 quod
963 2970 1019 3032 per
1040 2969 1094 3012 nos
1119 2950 1210 3013 nicbil
1228 2972 1362 3036 unquam
1378 2954 1474 3016 verbo

277 3063 329 3122 aut
345 3077 435 3142 opere
449 3057 544 3119 extitit
561 3061 771 3139 attemptatum
787 3076 841 3117 seu
855 3056 944 3118 etiam
958 3057 1147 3138 cogitacione
1158 3066 1379 3144 presumptum,
1392 3063 1474 3143 quod

275 3167 362 3229 vobis
379 3165 516 3227 debuerit
533 3163 732 3248 displicencic
744 3163 881 3246 spiritum
897 3165 1069 3247 peperisse,
1097 3166 1189 3228 bnmo
1210 3185 1331 3252 semper
1346 3169 1378 3230 in
1393 3170 1473 3232 votis

275 3271 435 3334 babuimus
458 3277 487 3334 et
510 3272 608 3334 adbuc
633 3271 663 3331 in
685 3271 782 3332 animo
806 3271 938 3352 gerimus
961 3273 1167 3344 incessanter,
1191 3274 1278 3337 vobis
1302 3280 1333 3337 et
1350 3278 1472 3345 vestris,

275 3393 346 3442 cnm
362 3377 400 3442 ad
416 3379 474 3441 hoc
491 3377 626 3464 aptitudo
643 3377 787 3462 temporis
804 3379 942 3462 oportuni
960 3399 993 3442 se
1009 3381 1126 3451 offeret,
1149 3382 1299 3462 graciosis
1316 3380 1348 3446 et
1365 3387 1472 3468 amplis

277 3489 385 3552 adesse
412 3486 567 3550 favoribus
590 3491 620 3549 et
642 3485 847 3549 beneticeucie
868 3491 969 3549 vestre
992 3485 1217 3569 profusionibus
1238 3489 1472 3555 habundancius

277 3597 421 3679 aspirare.
454 3597 519 3657 Hoc
548 3599 664 3663 autem,
694 3594 896 3676 qualicunque
919 3614 1065 3658 excausa
1086 3596 1214 3679 prodeat
1237 3603 1339 3661 motus
1361 3605 1471 3672 vester,

277 3703 400 3766 arbitrio
417 3707 517 3765 vestro
535 3722 642 3764 secure
659 3701 853 3771 subiecimus,
870 3701 951 3767 iuxta
969 3702 1049 3785 quod
1077 3709 1177 3766 vestre
1205 3705 1471 3791 circumspectioni

274 3811 398 3874 libuerit
419 3805 514 3872 libere
541 3808 716 3872 decidenda.
751 3809 944 3893 Quapropter
970 3815 1104 3874 vestram
1134 3817 1249 3876 attente
1278 3815 1470 3900 deposcimus

275 3919 483 3988 honestatem,
512 3922 662 3999 quatenus
679 3917 906 3979 excusacionem
923 3922 1058 3983 nostram
1074 3919 1172 3982 animo
1190 3921 1288 3984 velitis
1306 3930 1470 3987 mansueto

276 4027 431 4110 suscipere
459 4029 489 4086 et
517 4044 535 4086 a
561 4023 670 4086 mentis
698 4027 798 4086 vestre
821 4025 953 4086 sacrario
977 4025 1107 4108 quitquit
1130 4026 1240 4090 nebule
1263 4032 1310 4092 vel
1335 4033 1470 4094 rancoris

276 4136 398 4197 sinistre
431 4130 611 4215 suspicionis
644 4130 792 4214 inpressio
825 4135 977 4200 suaserat,
1011 4152 1103 4215 scopa
1136 4133 1173 4219 e)
1204 4141 1289 4198 recte
1323 4140 1471 4222 opinionis

276 4243 465 4321 abstergere,
482 4237 602 4320 bospite
619 4236 755 4300 veritatis
772 4236 960 4299 caritativius
976 4237 1158 4302 introducto.

365 4382 399 4451 a)
418 4397 482 4450 ergo
496 4380 523 4431 Z.
541 4409 567 4418 -
585 4381 617 4447 b)
632 4383 774 4450 provectus
787 4379 814 4432 Z.
828 4409 863 4418 -
877 4381 908 4448 c)
932 4380 1040 4450 gravide
1060 4383 1077 4433 Z
1099 4383 1151 4436 und
1165 4383 1194 4438 V.
1210 4414 1242 4425 -·
1258 4387 1293 4454 d)
1308 4389 1428 4455 pereutit
1443 4391 1470 4444 ll.

276 4504 309 4514 -
324 4474 355 4543 e)
371 4488 451 4542 seapa
466 4471 492 4522 Ζ.
