3108 5118
853 461 918 531 21.

655 636 766 702 dnus
782 637 814 702 1.
830 638 1026 704 buum
1040 644 1112 722 regi.

842 798 923 852 1273.

284 942 352 998 Eine
375 941 556 1005 lausum,
579 945 625 998 die
646 946 727 1017 Ιιιςε
747 953 826 999 mer
845 944 968 1016 fre-der
979 944 1140 1018 Hmschuft
1158 963 1291 1021 pervum,
1314 947 1420 1020 heyiedt
1430 947 1483 1004 rich

502 1044 587 1091 nter
598 1035 646 1090 die
660 1035 816 1091 Multi!
826 1038 884 1092 ud
894 1038 947 1091 den
960 1034 1058 1092 Sat-c
1075 1039 1125 1092 dec
1138 1039 1256 1094 Kaisers.

371 1181 486 1235 Gerherl
497 1183 524 1242 2
537 1182 556 1234 ‘l
567 1183 620 1236 ud
632 1183 776 1244 Βιᾶιιιι,
787 1201 816 1254 p.
827 1183 864 1237 Β
877 1183 1055 1239 :broichano

373 1329 433 1410 Qui
445 1338 594 1414 vergente
605 1332 842 1416 mundiresperc
853 1335 885 1396 in
897 1333 1007 1396 dichus
1022 1333 1266 1397 uostrisllomani
1279 1333 1485 1398 monarchiam

283 1438 419 1522 imperii,
448 1440 508 1505 iauu
530 1442 623 1505 veluti
647 1442 678 1505 iu
701 1441 829 1524 pedihus
851 1441 994 1506 fictilibus
1021 1443 1232 1516 fluctuantem,
1259 1463 1353 1506 aureo
1382 1445 1483 1526 capite

283 1549 452 1622 decorarit,
476 1570 551 1634 rege
566 1550 708 1614 uidelicet
721 1551 837 1615 honore
852 1559 884 1614 et
898 1551 995 1634 gloria
1011 1551 1165 1624 decorato,
1188 1572 1241 1615 rex
1254 1571 1375 1635 regum,
1401 1553 1483 1616 diues

281 1660 312 1720 iu
346 1677 469 1730 omnus,
501 1659 553 1742 qui
581 1680 649 1722 curn
676 1661 759 1723 nuxit
785 1681 840 1744 pre
866 1659 1065 1743 participibus
1092 1662 1155 1722 suis
1183 1663 1322 1743 argentei
1348 1663 1482 1745 pectoris

280 1768 446 1851 prudencia
471 1767 640 1832 Salemonis
663 1777 756 1853 atquc
780 1769 903 1841 divitiis,
926 1771 1019 1842 icrro,
1043 1769 1161 1833 scilicet
1183 1770 1347 1834 victoriose
1370 1771 1481 1835 milicie

280 1879 394 1960 gladio,
412 1900 465 1942 ere
490 1879 711 1950 nichilominus,
723 1877 757 1941 id
772 1885 821 1942 est
836 1879 968 1942 omnium
983 1878 1126 1943 uirtutum
1142 1879 1298 1964 preconio,
1314 1880 1346 1942 in
1362 1899 1480 1943 omnem

280 1994 390 2050 terram
419 1996 450 2052 et
476 1990 507 2052 iu
533 1987 610 2052 fines
637 1987 720 2052 orbis
747 1994 829 2050 terre
856 1990 954 2070 ipsum
977 1988 1036 2050 sihi
1065 1988 1096 2051 in
1119 1987 1327 2071 predestinato
1352 1990 1478 2072 imperio

281 2096 420 2160 stahilcm
453 2097 546 2161 saciat
576 2104 608 2161 et
637 2117 693 2180 pcr
723 2098 826 2160 secula
858 2097 1040 2179 gloriosum!
1076 2097 1152 2161 Hinc
1182 2104 1283 2161 vestre
1314 2099 1479 2181 imperialis

281 2205 464 2269 excellencie
481 2205 669 2288 dignitatem,
692 2213 835 2290 tanquam
851 2206 890 2269 ad
913 2207 1055 2270 thronum
1072 2205 1168 2288 glorie
1186 2207 1382 2280 accedentes,
1408 2209 1480 2271 civi-

280 2324 390 2388 tatem,
418 2335 536 2380 omnem
564 2316 768 2379 substanciam
797 2322 829 2378 et
855 2335 1003 2400 personas
1031 2321 1150 2379 nostras
1178 2314 1366 2380 confidenter
1394 2318 1478 2381 uobis

281 2426 455 2497 offerimus,
483 2427 559 2489 certi
587 2425 668 2510 quod
695 2445 751 2508 per
777 2445 833 2487 ros
859 2433 892 2488 et
918 2425 948 2486 in
971 2424 1059 2489 uobis
1075 2426 1208 2507 graciam
1235 2425 1424 2490 inveniamus
1449 2428 1479 2500 in

280 2534 389 2599 auxilio
413 2541 578 2619 oportuno,
605 2535 656 2618 qui
684 2534 796 2597 dudum
811 2534 850 2597 ah
874 2534 981 2597 alicnis
1004 2535 1151 2617 possessi,
1180 2534 1297 2598 diucius
1322 2535 1435 2600 suimus
1451 2537 1479 2599 in

280 2645 393 2707 misera
410 2645 564 2708 seruitute.
598 2643 806 2727 Quapropter,
823 2662 1003 2726 quesumus,
1019 2642 1156 2706 firmetur
1170 2643 1337 2707 clemencia
1352 2644 1478 2710 thronus

280 2753 364 2836 regis
381 2758 424 2824 et,
446 2753 516 2815 dum
540 2753 578 2814 de
603 2752 710 2815 alienis
733 2752 772 2815 ad
796 2752 962 2836 proprium,
985 2752 1023 2814 de
1047 2752 1147 2816 multis
1166 2752 1204 2815 ad
1220 2773 1311 2816 unum
1328 2755 1479 2818 dominum

281 2863 498 2933 convertimur,
511 2868 542 2923 et
559 2881 627 2923 cum
642 2861 731 2923 modo
748 2861 922 2945 temporalis
938 2866 1042 2924 nostra
1059 2862 1099 2924 sit
1115 2861 1198 2925 salus
1214 2861 1245 2923 in
1261 2882 1353 2925 manu
1369 2869 1478 2937 restra,

281 2971 419 3034 domine!
451 2969 530 3033 oculi
557 2975 657 3032 vestre
686 2970 809 3052 pictatis
833 2971 879 3032 sic
904 2990 959 3032 nos
980 2970 1165 3052 respiciant,
1193 2975 1226 3034 ut
1249 2973 1316 3054 regi
1342 2993 1400 3036 non
1418 2979 1476 3036 tam

280 3099 401 3152 secure,
425 3099 514 3162 quam
537 3077 683 3141 letissime
706 3079 872 3141 serviamus
884 3077 920 3163 ¹).
955 3076 1035 3140 Sane
1060 3078 1139 3161 quod
1160 3079 1240 3141 hanc
1256 3081 1475 3161 professionem

275 3183 385 3252 'debite
408 3187 562 3251 seruitutis
586 3206 623 3250 ac
646 3185 809 3258 fidelitatis,
834 3207 853 3248 a
875 3186 993 3249 nunciis
1016 3191 1116 3249 vestre
1139 3187 1305 3250 maiestatis
1330 3190 1476 3274 requisiti,
1542 3269 1544 3276 ξ

281 3319 343 3362 nou
357 3299 496 3369 lecimus,
514 3317 573 3360 non
585 3294 665 3358 aliud
681 3294 774 3358 suerit
786 3294 944 3357 dilacionis
959 3295 1092 3366 occasio,
1108 3295 1165 3356 nisi
1180 3295 1259 3377 quod
1272 3296 1475 3362 affectavimus
1542 3277 1544 3356 l

281 3428 338 3471 nos
353 3406 554 3489 personaliter
574 3410 678 3468 vestre
701 3404 878 3487 conspectui
901 3402 1130 3486 magnificencie
1153 3409 1341 3486 presentare.
1372 3406 1474 3470 Verum
1543 3397 1544 3422 ³

282 3518 394 3582 latores
406 3517 610 3599 presencium,
627 3535 704 3598 quos
721 3515 759 3577 ad
775 3515 835 3578 hoc
850 3521 975 3597 propter
991 3535 1075 3578 suam
1090 3515 1280 3578 honestatem
1294 3536 1331 3578 ex
1344 3516 1474 3580 omnihus
1542 3499 1544 3526 l

284 3627 373 3691 nohis
385 3627 543 3707 elegimus,
560 3624 778 3687 transmisimus
790 3623 830 3686 ad
849 3631 952 3687 nostre
969 3623 1135 3706 legacionis
1151 3623 1325 3705 mysterium
1338 3626 1370 3688 in
1381 3629 1474 3688 uestra

163 3736 430 3818 ra.m,imperiali
454 3736 539 3798 curia
561 3732 842 3818 prosequedum2),
869 3738 966 3794 ratum
990 3739 1021 3794 et
1047 3737 1165 3814 gratum
1192 3730 1324 3796 habituri
1342 3734 1473 3818 quitquid
1542 3735 1544 3820 l

284 3864 340 3927 per
351 3845 473 3909 cosdem
486 3863 589 3906 eoram
600 3848 703 3904 restra
714 3841 873 3904 maiestate
888 3842 1073 3923 propositum
1089 3841 1179 3905 fuerit
1196 3842 1285 3923 uelo)
1305 3847 1469 3907 tractatum.
1542 3871 1544 3910 t

375 3973 410 4041 ι)
425 3972 493 4023 etz.

313 4194 336 4252 ¹)
354 4192 410 4236 llier
431 4192 545 4236 sentient
563 4190 617 4236 siue
636 4191 709 4234 utcu
727 4189 779 4234 roo.
800 4188 841 4240 52,
861 4201 900 4232 ιο.
921 4188 938 4230 6
956 4187 1076 4246 folgende,
1095 4187 1143 4232 fast
1161 4186 1269 4232 wortlich
1289 4187 1473 4247 gleichlruteudc

348 4275 451 4326 tonet,
468 4275 559 4320 welche
575 4274 689 4330 ihrigeu
704 4274 744 4318 dic
764 4272 1003 4333 sinutugnworce:
1023 4270 1161 4316 Benedictio
1179 4271 1274 4315 claritas
1285 4275 1332 4316 ete.
1346 4304 1352 4315 .
1365 4303 1371 4316 .
1383 4304 1389 4316 .
1401 4283 1469 4315 sceu-

352 4357 439 4410 torn,
454 4359 495 4402 die
510 4358 562 4403 rich
577 4358 618 4403 hei
635 4357 739 4403 nutem
755 4358 801 4401 nd
819 4357 939 4401 Βοᾶιιιι
955 4353 1045 4408 finden,
1062 4353 1108 4400 tut

315 4437 399 4497 ²)Dic
423 4452 471 4483 ιιι
495 4439 624 4498 folgenden
641 4440 725 4485 worte
748 4439 827 4484 reue·
852 4439 892 4483 hei
918 4437 1021 4483 cerunt
1044 4436 1091 4480 nd
1119 4436 1242 4481 Bodnaun.
1269 4435 1332 4480 stro
1348 4432 1469 4480 derrelheu

352 4522 427 4565 ndns
446 4535 473 4567 ec
493 4522 562 4564 doru:
591 4521 624 4566 hd
647 4522 694 4566 hoc
715 4535 782 4579 qm
804 4521 927 4578 plurim
950 4519 1090 4577 indige-us,
1113 4520 1139 4563 ut
1162 4531 1205 4578 pro
1229 4517 1297 4563 nohis
1313 4517 1406 4562 recitata
1421 4513 1465 4560 fids
