3116 5124
19 4605 120 4725 k

921 679 982 750 15.

531 859 606 938 lap·
630 858 771 939 episcopo
789 857 819 922 ll.
836 876 927 940 super
942 860 1150 923 caniseiane
1167 861 1355 926 rlsltatlorls.

766 1017 845 1071 laza.
860 1017 913 1073 Juli
927 1019 970 1072 ll.
984 1019 1111 1090 Anagnia.

357 1183 460 1256 Grepor
477 1183 521 1237 IX.
538 1180 645 1254 forden
666 1179 744 1236 einen
760 1180 877 1252 Birriof
890 1182 941 1236 der
957 1182 1120 1238 lornbarder‘
1138 1191 1215 1238 anter
1233 1181 1396 1255 Androhaay
1415 1190 1511 1254 merge

348 1271 444 1345 Strafe
455 1271 520 1343 auf,
540 1271 582 1328 oei
592 1270 648 1328 cicli
661 1272 829 1346 refraganti,
848 1283 925 1328 mater·
937 1274 996 1328 dem
1010 1276 1146 1347 Regular-
1158 1276 1215 1330 aad
1226 1275 1430 1330 Sicularclerara
1440 1276 1510 1330 reiro

346 1363 461 1418 Dr'ureee
476 1373 582 1435 alreage
595 1361 786 1418 Kirrlreaaarlrt
803 1381 835 1417 aa
851 1361 1023 1430 hardheim,
1042 1365 1100 1418 aad
1116 1364 1201 1420 durrlr
1215 1365 1458 1422 marboneorum
1470 1367 1510 1419 arri

345 1453 457 1525 Predigl
467 1454 512 1510 die
524 1451 609 1510 durch
621 1454 744 1508 Ketrerei
753 1452 878 1508 bedrolue
889 1453 1012 1511 Beinlreit
1022 1455 1070 1511 dea
1086 1455 1218 1511 Glaalerre
1232 1457 1334 1512 wieder
1346 1457 1506 1512 herzeretelleo.

433 1637 514 1700 Ecce
537 1635 617 1700 venit
632 1637 713 1700 Deus
735 1635 935 1720 sempiternus
952 1645 983 1701 et
994 1637 1156 1712 Dominus,
1172 1638 1222 1722 qui
1239 1639 1376 1703 fundarit
1392 1637 1506 1702 terminos
1536 1679 1538 1712 ,

343 1744 424 1808 orbis
441 1751 537 1817 teme,
554 1745 649 1808 citans
666 1767 720 1809 nos
737 1747 766 1808 in
783 1765 857 1809 voce
873 1746 1045 1828 archangeli
1070 1754 1100 1810 et
1121 1748 1153 1810 in
1173 1747 1244 1810 tuba
1265 1748 1425 1812 norissima
1441 1749 1462 1829 ¹)
1480 1744 1505 1806 al
1536 1721 1538 1778 ²

345 1854 502 1918 concilium
519 1855 671 1938 generale,
687 1854 766 1918 labia
783 1854 847 1918 eius
864 1855 1075 1938 indignacione
1092 1862 1161 1920 sunt
1172 1858 1258 1940 plena
1275 1864 1307 1920 et
1322 1859 1421 1940 lingua
1435 1856 1505 1937 ipsius

343 1962 426 2048 quasi
435 1963 512 2048 ignis
526 1963 672 2029 devorans
680 1965 720 2052 ²).
732 1963 888 2046 Quomodo
901 1965 992 2047 igitur
1004 1965 1186 2031 dormientes
1199 1972 1229 2030 et
1241 1972 1377 2030 amantes
1389 1964 1504 2048 sompnia,

342 2072 475 2138 iacentes
492 2073 522 2138 in
536 2073 624 2138 lectis
641 2071 782 2136 eburneis
799 2080 830 2138 et
844 2073 1036 2138 lascivientes
1052 2074 1083 2137 in
1105 2074 1251 2138 cubilibus
1274 2075 1356 2147 suis,
1385 2071 1503 2158 quomodo

342 2182 420 2247 diem
437 2182 582 2248 adrentus
606 2181 669 2246 eius
686 2181 862 2265 cogitabunt
877 2191 928 2247 aut
943 2184 1094 2266 quomodo
1111 2191 1192 2248 stare
1207 2190 1351 2267 poterunt
1367 2184 1403 2247 ad
1422 2182 1502 2245 viden·

340 2291 410 2356 dum
432 2294 520 2356 eum?
556 2291 629 2382 Cum
657 2291 868 2356 revelabuntur
895 2292 993 2356 omnia
1015 2293 1193 2357 abscondita
1215 2293 1406 2358 tenebrarum
1425 2289 1501 2354 infelix

340 2401 496 2486 impiorum
513 2401 631 2466 nuditas
648 2400 820 2484 apparebit,
843 2422 901 2465 non
918 2402 975 2466 erit
994 2403 1097 2474 locus,
1119 2401 1170 2465 ubi
1187 2402 1300 2466 lateant
1316 2402 1430 2474 miseri,
1448 2398 1497 2462 nuli

341 2517 454 2574 stantes
471 2517 540 2576 ante
556 2509 684 2586 tribunal
697 2509 825 2581 Christi,
855 2516 886 2572 ut
901 2510 1022 2574 audiant
1038 2530 1143 2575 rocem
1159 2511 1279 2584 iudicii,
1305 2512 1357 2596 qui
1373 2511 1407 2575 ad
1422 2527 1497 2573 rocon

341 2619 554 2684 obturaverunt
576 2617 692 2682 consilii
714 2637 802 2681 aures
824 2638 904 2682 suas.
932 2619 977 2682 Ad
1005 2621 1211 2684 contusionem
1240 2620 1335 2703 igitur
1355 2625 1493 2705 perpetuen

339 2728 505 2792 evitandam
523 2733 553 2791 et
572 2717 698 2792 ardores
722 2726 921 2808 sempiternos
944 2727 1156 2801 declinandos,
1184 2734 1305 2812 oportet
1328 2749 1441 2800 omnes,
1461 2723 1491 2807 qui

338 2836 482 2920 assumpti
510 2842 579 2900 sunt
606 2836 643 2899 ad
671 2855 776 2918 agrum
804 2835 984 2899 dominicum
1013 2837 1223 2910 excolendum,
1252 2858 1379 2920 manum
1400 2857 1416 2899 a
1434 2827 1490 2918 pala

337 2945 437 3014 debite
465 2946 582 3029 flagello
611 2946 807 3010 correctionis
824 2951 964 3010 excultare
992 2953 1023 3010 et
1045 2946 1187 3010 zizaniam
1216 2965 1234 3010 a
1261 2947 1351 3030 fruge
1378 2943 1487 3010 dominica

339 3075 498 3140 separare,
527 3078 564 3119 ne
586 3054 757 3138 contagium
773 3061 855 3118 tante
884 3054 1087 3138 corrupeionis
1116 3055 1228 3119 electos
1259 3055 1372 3120 inliciat
1397 3061 1423 3119 et
1439 3052 1489 3115 filios

338 3168 394 3231 Dei
422 3186 490 3230 cum
520 3163 587 3228 filiis
622 3163 709 3227 huius
742 3163 844 3228 mundi
872 3164 946 3229 hora
975 3165 1133 3248 repentine
1165 3166 1344 3238 calamitatis
1374 3163 1489 3229 involvere

338 3277 561 3360 compellantur.
595 3274 744 3357 Quocirca
760 3275 939 3340 liaternitati
960 3281 1010 3339 tue
1031 3255 1223 3349 mandamus,
1252 3281 1409 3359 quatenus,
1431 3265 1487 3336 omni

241 3367 251 3392 ⁸
337 3407 419 3452 mora
437 3394 466 3452 et
483 3385 644 3451 occasione
661 3385 854 3469 postpositis,
881 3385 976 3468 primo
998 3385 1143 3468 incipiens
1160 3405 1177 3450 a
1193 3392 1223 3449 te
1239 3386 1307 3468 ipso
1325 3391 1355 3450 et
1373 3391 1487 3466 torporem

335 3495 503 3563 omnimode
522 3495 639 3560 desidie
656 3495 849 3580 deponendo,
874 3517 911 3558 ne
927 3494 1012 3559 bovis
1029 3503 1163 3560 stercore
1180 3495 1313 3559 fedatum
1330 3489 1486 3580 ajllominus

337 3628 371 3672 ex
389 3629 440 3671 ore
458 3627 512 3671 suo
529 3606 653 3690 incipiat
673 3611 703 3669 te
723 3625 877 3678 evomere,
894 3606 1018 3670 viriliter
1033 3626 1113 3669 arma
1129 3605 1310 3688 spiritualia,
1339 3603 1449 3688 gladium
1465 3603 1486 3658 et

335 3718 436 3801 ignem
464 3738 637 3790 assumens,
665 3717 791 3799 incipias
814 3716 957 3798 parietem
979 3716 1102 3788 fodere,
1130 3725 1162 3780 ut
1180 3723 1345 3799 appareant
1370 3708 1483 3798 germina

332 3830 520 3914 vipperarum
543 3835 573 3892 et
593 3828 694 3892 radius
717 3827 793 3891 lucis
815 3825 950 3890 vibretur
976 3826 1117 3900 interius,
1145 3832 1179 3892 ut
1208 3848 1266 3890 non
1295 3826 1332 3890 ad
1358 3821 1481 3888 vindictam

331 3940 429 4022 exigat
459 3938 586 4002 animam
618 3938 720 4002 umbra
754 3937 868 4000 mortis.
918 3935 1080 4009 Moniales,
1129 3935 1311 4008 monachos,
1356 3928 1481 3997 canonicos

331 4048 486 4131 regulares
516 4057 546 4112 et
574 4050 725 4111 seculares
749 4055 788 4135 b)
811 4055 842 4110 et
865 4047 939 4110 alios
968 4047 1095 4110 clericos
1123 4055 1173 4112 tue
1196 4047 1327 4111 diocesis
1353 4037 1480 4109 efficaciter

421 4250 454 4319 a)
468 4249 585 4305 fedatum
599 4266 639 4303 am
653 4247 751 4304 llanrle.
768 4278 796 4288 -
813 4249 845 4318 l)
859 4253 885 4304 at
897 4266 938 4305 em
950 4248 1049 4306 llande.

325 4423 649 4438 -u———a-

361 4542 384 4602 ¹)
403 4543 466 4588 Pauli
478 4542 506 4588 sul
519 4542 599 4588 aneu.
615 4543 632 4596 l,
643 4543 668 4597 l,
682 4541 718 4588 15.

358 4623 380 4685 ¹)
399 4623 471 4681 lsnjae
482 4624 522 4680 3⁰,
533 4625 571 4671 27.
