3132 5126
345 301 415 370 oa,
495 261 497 268 ’

342 473 477 537 voluntas
495 474 647 537 testatoris
664 475 758 538 libera
781 482 828 539 est
851 482 881 538 et
903 475 1136 540 deambulatoria
1158 495 1253 559 usque
1270 477 1308 540 ad
1323 483 1459 550 mortem,
1473 479 1523 540 boc

344 587 390 644 est
423 583 501 664 quod
535 589 636 664 potest
663 590 776 646 mutare
804 589 1016 646 testamentum
1044 590 1112 646 ante
1142 591 1267 648 mortem
1295 586 1522 670 quandocunque

341 691 420 762 vult,
444 691 516 753 licet
536 697 656 771 pactum
674 692 780 754 lecerit
797 693 876 775 quod
893 712 951 754 non
968 692 1125 773 debeata)
1142 695 1334 764 mutare‚vcl
1352 695 1441 757 etiam
1461 695 1524 757 lieet

342 803 552 861 testamentum
565 799 655 882 ·quod
677 799 751 862 fecit
773 800 977 864 confirmatum
1000 801 1040 864 sit
1060 801 1217 888 priuilegio
1244 803 1407 884 principis:
1437 804 1524 865 omnir

342 912 401 982 ista
418 905 457 993 l)
474 927 532 968 non
559 913 684 989 possunt
710 911 857 992 impedire
882 911 953 993 quin
976 917 1070 973 mutet
1095 911 1213 994 quando
1236 912 1371 975 voluerit.
1402 912 1483 976 Unde
1504 912 1526 972 si

343 1015 422 1076 mille
444 1020 623 1079 testamenta
644 1017 760 1080 faceret
782 1039 841 1082 uno
865 1018 1237 1089 die‚tantu1umodohoc‚
1259 1020 1290 1081 in
1313 1023 1527 1102 querelantes

343 1126 451 1188 ultima
468 1125 648 1206 exprimitur,
663 1127 752 1198 valet,
769 1133 870 1190 cetera
886 1127 984 1189 omnia
997 1129 1259 1190 cementum-Et
1272 1107 1523 1210 notandumlpuod

317 1308 319 1312 ι
344 1253 459 1304 servus,
488 1233 545 1296 hoc
563 1240 609 1296 est
636 1233 725 1298 homo
752 1236 802 1317 qui
830 1240 876 1297 est
897 1235 1036 1316 proprius
1059 1235 1203 1319 alieuius,
1226 1257 1285 1298 non
1308 1221 1411 1318 potest
1433 1237 1524 1298 facere

344 1347 564 1414 testamentum,
581 1342 635 1405 sed
651 1363 707 1405 nec
724 1344 870 1414 furiosus,
889 1344 939 1426 qui
955 1343 1123 1406 nonhabet
1139 1343 1268 1406 dilucula
1284 1344 1451 1415 intervalla,
1473 1344 1522 1406 hoe

345 1452 457 1534 estqui
475 1473 593 1534 semper
608 1453 689 1537 lusit,
703 1453 757 1515 sed
774 1473 829 1516 nec
845 1452 991 1534 impubes,
1015 1453 1069 1514 sed
1092 1473 1148 1514 nec
1170 1453 1313 1535 prodigus
1337 1454 1386 1516 cui
1409 1453 1528 1516 admini-

345 1561 448 1622 stratio
465 1581 564 1622 rerum
581 1580 700 1622 suarum
716 1561 874 1644 interdicta
890 1567 937 1623 est
959 1581 975 1623 a
993 1561 1107 1632 iudice,
1130 1555 1185 1623 sed
1200 1582 1256 1624 nec
1273 1568 1390 1634 mutus,
1414 1562 1528 1646 quinon

344 1673 444 1749 potest
459 1668 550 1751 loqui,
568 1670 622 1732 sed
638 1690 695 1732 nec
712 1670 829 1742 surdus,
848 1671 898 1753 qui
923 1669 1014 1732 nichil
1032 1671 1069 1757 e)
1085 1650 1186 1753 potest
1213 1671 1327 1741 audire,
1353 1671 1408 1734 sed
1425 1690 1479 1732 nec
1493 1671 1525 1738 is,

232 1833 236 1840 .
346 1777 396 1858 qui
427 1779 601 1859 proprietati
633 1779 868 1866 abrenunciavit,
903 1785 935 1841 ut
966 1780 1105 1841 monachi
1137 1785 1167 1841 et
1198 1781 1352 1842 moniales.
1398 1778 1524 1861 Impubes

345 1893 478 1958 vocatur,
496 1889 545 1968 qui
568 1887 695 1949 necdum
719 1887 953 1950 adolescentiam
977 1888 1114 1950 transivit
1131 1893 1161 1950 et
1178 1893 1225 1950 est
1246 1888 1368 1951 omnino
1385 1885 1524 1950 imberbis.

344 1995 490 2076 Prodigus
517 2001 657 2066 vocatur,
694 1996 743 2080 qui
771 1996 862 2058 stulte
891 2002 921 2058 et
949 1996 1097 2077 superllue
1132 2017 1181 2057 res
1210 2016 1279 2058 suas
1308 1995 1466 2078 expendit;
1491 1991 1526 2054 illi

345 2104 502 2187 aliquando
519 2123 573 2184 per
587 2104 702 2166 iudices
719 2105 759 2188 d)
777 2111 806 2168 et
821 2125 876 2187 per
892 2105 974 2167 cives
992 2104 1030 2190 e)
1048 2125 1118 2167 suos
1139 2110 1168 2166 et
1186 2111 1330 2186 cognatos
1348 2102 1528 2168 interdicitur

344 2219 478 2296 potestas
505 2233 605 2276 rerum
625 2234 767 2285 suarum,
796 2235 833 2276 ne
861 2213 1003 2277 videlicet
1031 2214 1149 2278 omnino
1178 2212 1229 2276 fiat
1256 2233 1372 2295 egenus
1389 2214 1437 2298 f).
1460 2213 1528 2275 Sunt

342 2327 445 2385 'autem
460 2323 560 2405 plures
577 2342 679 2394 cause,
695 2328 817 2404 propter
833 2342 907 2405 quas
923 2320 1135 2386 testamentum
1153 2330 1290 2387 cassatur
1313 2332 1343 2386 et
1359 2323 1393 2386 lit
1408 2321 1525 2383 irritum:

344 2432 439 2514 primo
471 2452 525 2513 per
556 2431 821 2512 adgenerotionem
863 2432 1002 2513 postumi.
1061 2432 1220 2495 Postumus
1271 2432 1382 2495 dicitur
1420 2428 1525 2492 ultimus

344 2541 420 2603 filius
437 2541 486 2627 o).
518 2541 550 2604 Si
568 2561 640 2622 ergo
658 2541 774 2623 aliquis,
790 2541 906 2604 babens
924 2548 985 2604 tres
1002 2542 1048 2604 vel
1067 2547 1193 2624 quatuor
1208 2539 1301 2612 filios,
1324 2541 1417 2603 faeiat
1440 2542 1523 2600 testa-

344 2654 492 2720 mentum,
522 2655 551 2712 et
573 2650 597 2710 si
619 2657 726 2731 postea
750 2657 876 2732 generet
898 2657 1084 2732 postumum,
1118 2656 1328 2713 testamentum
1359 2645 1522 2712 imitabitur,

344 2778 381 2819 ne
412 2755 552 2819 videlicet
582 2762 737 2838 postumus
768 2756 946 2838 negligatur.
991 2758 1064 2818 ltem
1095 2761 1305 2819 testamentum
1336 2757 1467 2824 soluitur,
1502 2749 1522 2809 si

343 2871 469 2929 testator
501 2864 592 2927 fuerit
634 2865 844 2947 comprobatus
885 2865 1078 2936 criminosus,
1118 2865 1197 2952 sicut
1235 2864 1261 2925 si
1298 2872 1346 2926 est
1383 2860 1522 2926 hereticus

343 2975 389 3038 vel
407 2963 512 3045 latro,
543 2961 589 3036 vel
622 2973 647 3034 si
679 2973 860 3054 degradatus
884 2967 974 3036 luerit
1006 2973 1042 3035 de
1070 2974 1195 3044 honore,
1226 2975 1298 3035 item
1325 2973 1351 3034 si
1379 2995 1412 3034 se
1438 2970 1524 3052 ipsum

344 3063 500 3154 occiderit,
518 3082 596 3144 sicut
611 3081 694 3144 multi
713 3103 745 3144 se
762 3081 845 3164 ipsos
861 3083 968 3166 laqueo
982 3083 1166 3164 suspendunt
1174 3080 1223 3167 b),
1240 3082 1313 3144 ltem
1326 3082 1524 3146 testamentum

344 3214 402 3257 non
414 3192 504 3262 valet,
521 3191 547 3253 si
559 3190 610 3254 fiat
622 3189 786 3271 illegitime,
804 3197 908 3253 contra
921 3191 1045 3253 formam
1058 3191 1139 3254 iuris.
1160 3192 1236 3255 Sunt
1250 3198 1279 3255 et
1292 3189 1349 3252 alie
1367 3209 1465 3258 cause,
1477 3181 1524 3245 sed
1546 3197 1548 3214 ¹

345 3322 403 3364 non
420 3307 467 3362 est
483 3319 556 3381 opus
574 3318 676 3360 omnes
694 3317 842 3379 exponere
864 3297 908 3384 τ).
942 3297 992 3359 llle
1015 3298 1104 3360 etiam
1127 3303 1250 3361 vocatur
1272 3300 1459 3382 intestatus,
1481 3289 1524 3374 qui

344 3409 469 3472 moritur
480 3409 521 3470 ita
538 3406 617 3489 quod
633 3427 692 3468 nun
707 3405 781 3469 lacit
789 3404 1016 3469 testamentum.
1029 3406 1068 3468 Et
1085 3406 1256 3478 notandum,
1273 3409 1353 3490 quod
1370 3409 1396 3470 si
1411 3407 1525 3470 testator

227 3518 433 3580 nnnnalicui
449 3517 544 3578 amico
562 3535 616 3577 suo
639 3515 741 3576 facere
757 3513 796 3598 lc)
818 3519 1029 3577 testamentum
1053 3515 1090 3577 de
1112 3515 1203 3578 rebus
1225 3515 1287 3577 suis
1312 3517 1473 3580 committat
1493 3505 1525 3569 ad

197 3621 200 3626 ’
344 3627 525 3689 voluntatem
542 3629 572 3686 et
595 3623 807 3686 discretionem
831 3643 914 3684 suam
937 3641 1004 3684 cum
1025 3624 1112 3704 plena
1129 3625 1325 3696 auctoritate,
1347 3626 1424 3688 illius
1441 3622 1524 3684 testa-

345 3734 531 3820 mentuml)
561 3738 591 3795 et
623 3731 778 3814 dispositio
810 3731 939 3803 valebit,
963 3731 1041 3795 sicut
1073 3732 1099 3794 si
1128 3733 1176 3794 ille
1203 3733 1234 3796 in
1261 3755 1390 3817 persona
1417 3723 1524 3815 propria

345 3844 480 3908 lecisset.
529 3844 602 3904 ltem
639 3840 798 3923 aliquando
829 3840 862 3903 fit
889 3845 1100 3904 testamentum
1132 3842 1196 3904 sola
1227 3840 1301 3905 voce
1333 3843 1398 3906 sine
1429 3827 1524 3903 literis,

346 3952 504 4036 aliquando
533 3971 608 4014 voce
637 3955 667 4012 et
694 3949 806 4021 literis,
834 3949 992 4033 aliquando
1022 3950 1093 4010 solis
1122 3949 1233 4022 literis,
1263 3960 1293 4017 et
1310 3953 1407 4014 omnia
1427 3945 1522 4010 valent

346 4063 456 4125 Notate
474 4060 573 4131 etiam,
591 4059 669 4142 quod
686 4063 899 4122 testamentum
916 4057 1007 4120 debet
1027 4057 1092 4120 lieri
1115 4059 1180 4122 sine
1204 4060 1359 4124 intervallo
1383 4049 1523 4138 temporis,

329 4254 330 4257 ¹
438 4215 1522 4304 o)debetll.-b)heoZ.-·cJomninoZ.-d)iudicemZ.-·e)eon·

347 4325 418 4377 ciros
433 4325 459 4378 Z.
470 4355 505 4365 -
513 4324 545 4396 f)
559 4323 694 4378 mendicus
708 4323 735 4376 Z.
744 4323 818 4392 -p)
832 4321 953 4382 filiorum,
967 4337 1019 4374 von
1033 4322 1105 4374 einer
1118 4322 1217 4374 audem
1230 4322 1304 4375 lland
1317 4324 1354 4376 ist
1366 4309 1524 4390 augemerbt²

347 4425 485 4487 postumus
505 4416 603 4469 dicitnr
622 4414 667 4485 qui
687 4418 763 4466 nutus
783 4417 823 4465 est
845 4416 908 4482 post
929 4418 1038 4492 mortem
1057 4415 1086 4464 et
1108 4411 1289 4470 humationem
1303 4413 1386 4482 putris
1406 4405 1480 4462 suiZ.
1494 4426 1521 4438 μ

347 4507 382 4578 b)
409 4508 600 4577 suspenderant
612 4507 639 4558 Z.
653 4535 689 4544 -
702 4504 729 4572 i)
743 4519 842 4573 ponere
856 4503 882 4554 Z.
894 4532 926 4552 -,
940 4502 973 4571 lc)
987 4501 1087 4556 faceret
1101 4503 1130 4556 V.
1147 4533 1175 4544 -
1192 4503 1218 4569 l)
1238 4503 1274 4555 ill.
1287 4507 1350 4557 test.
1363 4502 1427 4556 tebit
1439 4497 1464 4550 l'.
1511 4497 1515 4503 ’
