3108 5118
851 591 887 660 4.

594 768 753 850 inperiale
769 767 958 851 prlvlleglrrr
975 768 1006 833 ll.
1024 769 1160 833 eoeleste.

276 925 325 982 ltin
339 926 488 982 rdmr‘ecbcr
501 927 589 999 Kdna'p
599 932 727 999 pentaltet
743 929 965 984 Ordcrmbrlc'dern
978 929 1029 982 den
1042 927 1191 983 Anatanecb
1203 926 1279 982 abner
1299 927 1383 982 Gdter
1394 945 1480 999 pepon

390 1017 574 1088 Reicbogrtter,
586 1018 634 1072 nie
645 1016 704 1073 eicb
717 1019 754 1073 im
767 1019 899 1074 erdlicben
912 1020 1020 1074 Beeitze
1032 1020 1106 1075 einen
1118 1019 1227 1074 Andern
1238 1019 1365 1091 definden.

365 1163 465 1228 Divini
485 1164 583 1228 cultus
606 1165 746 1235 nominis,
763 1165 814 1247 qui
831 1172 934 1228 vestro
952 1164 1035 1248 viget
1058 1164 1180 1237 ordine,
1210 1163 1347 1230 caritatis
1370 1185 1479 1248 opera,

275 1291 334 1358 que
351 1294 412 1338 non
428 1275 524 1337 solum
540 1273 746 1357 indigentibus
763 1294 868 1338 verum
885 1275 981 1338 eciam
999 1274 1137 1339 omnibus
1155 1274 1354 1340 communiter
1370 1273 1479 1356 bospi-

274 1384 390 1449 talitate
412 1383 498 1466 larga
514 1383 680 1448 liberaliter
703 1383 932 1467 impenduntur,
961 1404 1018 1447 nec
1043 1405 1102 1448 uon
1127 1384 1301 1448 oracionum
1317 1382 1477 1466 suffragia,

276 1493 384 1579 quihus
406 1494 537 1557 salutare
559 1493 724 1558 Salvatoris
747 1492 877 1557 omnium
900 1492 1067 1556 subsidium
1093 1493 1275 1575 inploratur,
1299 1492 1476 1556 serenitatis

277 1610 378 1668 nostre
391 1607 511 1667 movent
523 1601 653 1666 animum
666 1608 697 1667 et
712 1602 867 1675 inclinant,
881 1602 961 1687 quod
973 1603 1082 1666 vestris
1094 1603 1296 1685 peticionibus
1309 1602 1476 1667 debeamus

277 1733 409 1777 annuere
425 1732 462 1776 ac
479 1713 508 1776 in
525 1710 719 1776 admittendis
736 1711 794 1774 illis
811 1711 916 1775 laoiles
933 1711 1072 1776 inveniri.
1091 1711 1281 1796 Quapropter
1297 1711 1477 1775 humilitatis

276 1829 377 1888 vestre
399 1841 507 1905 preces
530 1819 717 1904 benignitate
739 1820 825 1904 regia
848 1821 1051 1885 favorabiliter
1072 1821 1276 1894 admittentes,
1306 1828 1476 1885 commuta·

277 1933 395 1998 cionem
411 1931 558 1996 bonorum
574 1935 743 1995 vestrorum
763 1931 898 2013 proximo
922 1933 1033 1994 tactam
1056 1951 1130 2014 erga
1147 1932 1182 1995 N.
1202 1938 1233 1994 et
1254 1951 1326 1996 suos
1344 1931 1476 1994 heredes

275 2063 330 2129 pro
358 2041 445 2106 bouis
474 2041 607 2123 imperii,
646 2062 706 2126 que
733 2040 771 2103 ab
800 2041 907 2104 eodem
934 2042 965 2105 in
992 2041 1080 2104 feodo
1108 2042 1289 2106 tenebantur
1318 2047 1350 2104 ct
1378 2040 1477 2103 teneri

277 2153 425 2218 deberent
450 2151 481 2216 in
507 2157 679 2233 posterum,
707 2155 823 2232 gratam
847 2149 997 2214 babentes
1020 2157 1050 2214 et
1072 2156 1183 2223 ratam,
1207 2151 1305 2233 ipsam
1321 2151 1476 2234 presentis

277 2263 391 2328 decreti
407 2261 501 2326 nostri
524 2260 685 2324 munimine
702 2260 923 2333 confirmamus,
936 2260 1042 2324 dantes
1058 2259 1144 2324 vobis
1161 2259 1216 2324 bas
1234 2265 1337 2328 nostre
1355 2260 1477 2324 sereni-

276 2374 347 2438 tatis
363 2372 467 2437 literas
483 2370 516 2434 iu
531 2369 736 2435 testimonium
751 2389 844 2453 super
860 2389 906 2434 eo.

849 2613 885 2686 5.

677 2795 844 2878 inperator
860 2793 891 2858 ll.
911 2796 1071 2878 episeopis.
1142 2823 1144 2827 ·

668 2953 748 3008 lant.
763 2956 868 3026 August
881 2955 906 3008 l.
919 2956 1082 3026 llagenovve

276 3104 363 3178 Konip
381 3103 486 3176 Redolf
499 3103 590 3160 nimmt
607 3103 659 3158 den
677 3101 836 3174 Eretr‘arbof
850 3120 900 3158 oon
920 3103 1065 3176 Solebam,
1090 3107 1134 3160 die
1151 3089 1282 3176 Ba'acbdfe
1298 3087 1350 3159 oon
1368 3107 1472 3160 Paeana

274 3197 330 3252 und
336 3195 505 3268 Regcnndnrp
515 3195 544 3250 in
557 3195 606 3250 dee
618 3193 731 3251 naevos
743 3196 800 3249 und
810 3195 902 3250 acinon
916 3194 1021 3257 Sobata,
1031 3197 1156 3268 'doalddgt
1167 3195 1308 3253 diea'hnen
1320 3213 1370 3252 von
1382 3195 1471 3252 acinco

282 3285 427 3359 lbrfndren
450 3287 487 3342 im
512 3283 610 3341 ilciebe
633 3284 800 3342 verliebenen
828 3284 930 3343 Recbte
960 3288 1017 3342 und
1047 3285 1211 3350 Freibeitem
1242 3289 1369 3344 verdieter
1397 3287 1472 3342 ibren

274 3376 471 3434 Minaeterinlen
489 3377 545 3431 und
562 3377 679 3448 Hdre'pen
698 3373 765 3432 olene
784 3378 867 3432 deren
892 3377 1089 3450 Genebmipunp
1108 3379 1135 3434 in
1158 3381 1210 3433 den
1234 3378 1329 3433 Dioren
1352 3364 1476 3434 Anderer

273 3487 305 3524 zu
319 3476 412 3529 treton,
425 3465 573 3540 verepriebt
584 3466 664 3522 ibncn
676 3467 834 3524 wirbaamen
848 3468 980 3524 Bet'otand
990 3487 1038 3524 znr
1056 3469 1313 3541 Wiedmcrlnnpunp
1325 3471 1377 3524 der
1396 3469 1472 3524 ffinen

273 3557 358 3616 durch
371 3548 526 3615 Ubermocbt
538 3559 703 3615 merorem
716 3557 883 3615 liechtennd
891 3560 1067 3632 Beaitaunpcn
1080 3561 1108 3615 in
1121 3552 1283 3626 Oetnveicb,
1297 3560 1472 3621 Steiermnrlr,

710 3651 846 3706 Kdrntben
859 3652 915 3706 rand
926 3651 1033 3708 Baiern.

366 3795 535 3851 Monumenta
547 3795 626 3850 Boica
641 3793 700 3863 29⁵,
714 3795 776 3849 510.

366 3940 483 4024 Quanto
508 3965 562 4006 nos
577 3943 661 4014 Deus
680 3942 820 4006 exaltavit
836 3941 1009 4016 sublimius,
1037 3950 1119 4008 tanto
1136 3944 1297 4027 benignius
1315 3945 1471 4029 inspirarit

274 4054 304 4116 in
328 4052 416 4116 uobis
441 4052 580 4135 spiritum
605 4048 766 4116 voluntatis
790 4051 886 4126 illius,
911 4044 960 4136 qui
979 4039 1019 4115 ad
1034 4055 1128 4117 uelum
1145 4052 1215 4116 lidei
1233 4053 1400 4118 christiane
1418 4076 1469 4119 nos

273 4168 437 4246 provocat,
462 4162 499 4225 ad
516 4161 636 4225 iusticie
653 4161 866 4226 rectitudinem
883 4161 1070 4245 dirigendam
1087 4162 1239 4236 sollicitat,
1265 4169 1296 4227 et
1312 4165 1351 4228 ad
1368 4184 1470 4230 sacro·

274 4277 394 4336 sanctas
420 4269 567 4335 ecclesias
592 4278 622 4335 et
646 4263 873 4335 ecclesiasticas
897 4291 1062 4355 personas,
1090 4271 1252 4357 inquibus
1277 4279 1310 4336 et
1325 4293 1381 4356 per
1396 4294 1469 4359 quas

273 4401 327 4466 pro
352 4387 454 4446 nostre
478 4379 583 4444 salutis
608 4386 769 4462 augmento
793 4381 875 4445 [leus
901 4382 1090 4464 omnipotens
1114 4381 1303 4466 placabiliter
1320 4391 1467 4457 exoratur,

274 4489 480 4557 favorabiliter
496 4490 715 4572 promovendas
732 4490 839 4556 invitat
855 4496 886 4555 et
903 4490 997 4555 allicit
1012 4498 1142 4557 mentem
1158 4499 1303 4558 nostram.
