3116 5124
1212 335 1260 407 ⁷5

86 513 197 576 donacio
222 512 427 594 cpiscoporum
442 513 523 575 valet
541 527 629 594 quam
659 513 773 576 faciunt
795 515 861 576 sinc
888 531 1036 577 consensu
1065 513 1263 597 capitulorum

83 639 198 684 suorum.
218 621 314 693 Unde,
328 621 445 704 quando
459 621 517 684 ista
530 619 657 684 donacio
686 643 745 685 non
759 628 806 685 est
817 623 898 686 facta
911 623 948 684 de
964 643 1113 686 consensu
1133 619 1263 703 capituli,

85 730 184 812 tytulm
199 751 256 793 non
273 736 320 794 est
334 731 439 793 iustus.
473 729 512 792 Et
527 731 599 793 lieet
614 749 674 794 non
697 731 737 796 sit
752 732 859 804 iustus,
876 731 1029 794 sufficiens
1046 738 1145 795 tamen
1162 735 1209 792 est
1225 729 1263 792 ad

86 838 199 901 dandam
210 839 429 920 prescripcioni
451 839 658 910 occasionem,
676 840 701 901 si
719 840 796 903 enirn
807 840 919 922 tytulns
938 840 1055 904 omuino
1071 843 1153 902 esset
1165 839 1263 900 iustus

85 953 110 1009 et
149 954 264 1020 certus,
307 954 379 1011 tunc
423 967 482 1010 non
524 954 607 1011 esset
652 948 825 1012 necessaria
868 947 1064 1030 prescripcio.
1121 949 1262 1012 Tertium

85 1057 222 1137 estquod
246 1055 442 1120 rulthabere
472 1056 672 1138 prescriptio,
716 1057 858 1120 videlicet
880 1057 960 1140 quod
982 1077 1032 1119 res
1054 1055 1103 1119 illa
1135 1056 1166 1117 in
1202 1073 1262 1138 qua

83 1164 372 1245 proscribituriuerit
402 1166 589 1228 incontinua
620 1165 814 1246 possessione
827 1165 866 1251 a)
894 1183 949 1246 per
975 1165 1026 1228 XL
1054 1185 1147 1228 annos
1169 1181 1263 1246 usque

81 1272 112 1334 ad
136 1271 221 1335 finem
249 1273 498 1355 prescripcionis‚
516 1279 546 1336 et
578 1274 657 1356 quod
683 1292 739 1355 per
765 1293 867 1336 omnes
895 1293 988 1336 annos
1015 1274 1080 1336 illos
1115 1291 1264 1356 nunquam

81 1381 182 1443 uenerit
207 1382 237 1443 in
265 1382 489 1463 possessionem
516 1382 651 1446 alterius.
688 1384 841 1460 Quartum
871 1390 917 1445 est
946 1383 1026 1465 quod
1061 1383 1123 1444 vult
1150 1379 1262 1443 habere

81 1488 250 1570 prescripcic
268 1490 385 1554 scilieet
398 1497 430 1554 ut
445 1511 494 1552 res
511 1491 572 1563 illa,
588 1492 619 1554 in
641 1510 699 1573 qua
721 1490 930 1573 prescribitur,
960 1492 1000 1553 sit
1019 1488 1261 1572 prescriptibilis,

82 1599 104 1660 id
119 1603 162 1660 cst
175 1598 242 1662 talis
261 1605 379 1671 nature,
396 1605 428 1662 ut
442 1599 472 1662 in
490 1620 524 1663 ea
541 1600 639 1682 possit
655 1599 719 1663 fleri
734 1599 931 1682 prescripcio.
951 1601 1027 1663 Sunt
1040 1599 1118 1661 enirn
1135 1598 1262 1681 quedam

81 1729 136 1779 res,
153 1729 210 1792 que
225 1729 286 1772 nnn
302 1717 429 1790 possunt
448 1709 614 1792 prescribi,
643 1712 732 1773 etiam
756 1711 782 1772 si
797 1715 955 1773 teneantur
976 1710 1053 1772 mille
1071 1709 1167 1780 annis,
1184 1709 1263 1771 sicut

82 1816 176 1880 limites
191 1817 424 1898 provinciarum,
443 1818 607 1900 dyocesum
623 1825 655 1882 et
669 1818 895 1900 parochiarum:
910 1823 940 1880 et
956 1818 1034 1880 sicut
1049 1817 1158 1879 fundus
1174 1835 1262 1898 quem

83 1925 190 1988 colonus
209 1925 295 1997 colit,
318 1931 348 1987 ct
363 1927 442 1990 sicut
463 1927 511 1990 rie
527 1927 658 2009 publice,
675 1935 705 1990 et
727 1928 805 1990 sicut
827 1928 952 2010 quedem
981 1927 1110 2007 insignia
1131 1927 1262 1988 Romano

83 2033 208 2105 ecclesie,
226 2042 257 2098 et
274 2035 353 2096 sicut
370 2035 488 2097 decime
503 2035 534 2097 in
550 2037 660 2118 quibus
674 2037 778 2119 laycus
796 2058 854 2100 non
869 2042 971 2118 potest
985 2034 1185 2118 prescribere.
1241 2027 1247 2038 ’

154 2145 205 2207 Ile
240 2145 481 2230 interrupcicne
499 2147 754 2232 preceripcicnic
769 2145 818 2232 b).
836 2145 1005 2209 Notandum
1043 2144 1150 2224 igitur,
1183 2143 1262 2225 quod

77 2251 249 2332 prescripcio
267 2252 491 2334 interrumpitur
507 2259 538 2316 et
554 2259 692 2316 cassatur
706 2254 805 2316 multis
822 2254 930 2324 modis,
946 2252 1087 2316 videlicet
1101 2271 1156 2333 per
1172 2271 1263 2332 syno-

78 2359 161 2422 dalem
176 2360 460 2441 proclamacionem,
484 2362 602 2443 quando
625 2363 674 2424 illc
696 2370 800 2437 contra
823 2382 910 2444 quem
932 2361 1117 2443 prescripcio
1134 2358 1260 2431 laborat,

76 2467 101 2529 in
125 2470 234 2552 synodo
258 2489 360 2533 coram
383 2470 525 2552 episcopo
548 2477 579 2534 et
602 2471 683 2534 clero
705 2473 872 2553 proclamat
893 2491 955 2533 rem
978 2471 1057 2533 illam
1080 2491 1149 2532 esse
1165 2489 1261 2542 suam,

72 2576 160 2659 inqua
173 2578 230 2642 erit
242 2579 282 2666 c)
295 2579 490 2661 prescriptio.
508 2582 654 2646 Secundo
666 2580 891 2662 interrumpitur
902 2600 957 2662 per
972 2580 1173 2643 executoriam
1189 2599 1263 2642 con-

74 2687 256 2759 renciouem,
293 2689 410 2770 quando
444 2689 637 2770 prescribens
671 2690 793 2772 aliquod
820 2697 942 2771 pactum
971 2696 1002 2751 et
1028 2689 1266 2752 convencioncm.

74 2793 153 2858 intrat
194 2817 265 2860 cum
316 2797 365 2861 illo
410 2805 514 2860 contra
559 2819 648 2881 quem
691 2798 869 2881 prescribit,
919 2798 988 2880 quia
1031 2805 1103 2861 tunc
1145 2797 1263 2859 videtur

16 2879 18 2930 ὲ
75 2902 298 2969 abrenunciasse
325 2907 426 2969 virtuti
439 2909 683 2990 prescripcionis.
705 2909 816 2972 Tercin
827 2926 883 2989 per
898 2907 1141 2988 recognitionem
1158 2905 1261 2976 debiti,

16 3039 18 3070 o
78 3015 183 3093 qnando
201 3015 398 3096 recognoscit
414 3037 447 3078 se
464 3016 630 3080 debitorem
654 3017 730 3079 illius
755 3022 859 3078 contm
882 3036 970 3098 quem
986 3014 1156 3097 prescribit
1188 3014 1264 3077 ltcm

76 3138 176 3206 quarto
192 3125 420 3206 interrumpitur
434 3144 489 3207 per
504 3127 615 3189 fenoris
633 3126 828 3197 solutionem,
851 3126 969 3208 quando
987 3126 1014 3186 is
1036 3125 1086 3206 qui
1102 3123 1264 3206 prescribit

78 3231 156 3296 solvit
170 3233 212 3295 illi
237 3239 343 3296 contra
366 3253 455 3316 quem
476 3235 638 3316 prescribit
654 3235 690 3316 d)
708 3235 836 3316 aliquam
858 3235 1034 3315 pensionem
1057 3234 1094 3295 dc
1110 3233 1262 3315 perceptis

76 3340 223 3405 fructibus.
259 3341 332 3405 ltem
355 3342 472 3424 quando
498 3349 637 3406 currente
660 3343 893 3424 prescripcionis
920 3350 1054 3424 tempore
1075 3343 1263 3424 privilegium

78 3448 242 3514 donacionis
260 3452 448 3532 impetratur,
465 3453 535 3534 quia
552 3454 602 3534 qui
617 3452 806 3534 priuilegium
827 3453 966 3534 impetrat
988 3451 1094 3514 malam
1117 3450 1206 3513 fidem
1229 3471 1263 3513 se

79 3556 179 3622 babere
203 3560 399 3623 demonstrat.
432 3561 507 3624 ltem
523 3560 556 3624 iit
571 3562 752 3642 interrupcio
770 3561 889 3643 qnando
911 3561 937 3622 is
954 3566 1058 3623 contra
1082 3579 1169 3643 quem
1191 3579 1262 3641 pre-

16 3693 17 3696 *
78 3668 210 3731 scribitur
224 3667 357 3752 libellum
380 3669 501 3751 querele
523 3670 619 3742 oilert,
644 3671 669 3732 si
690 3671 829 3733 videlieet
849 3691 908 3734 non
925 3670 1035 3733 audeat
1050 3689 1142 3749 agere
1157 3674 1379 3732 consorano-¹⁹1¹·

80 3778 308 3855 prescribentern
330 3785 453 3860 propter
477 3780 540 3840 cius
562 3779 740 3861 potenciam.
771 3780 875 3844 Potest
901 3784 1015 3850 tamen,
1039 3777 1262 3860 prescripeionc

79 3883 162 3958 linita,
192 3887 346 3968 impetrari
377 3888 565 3970 privilegium
596 3888 835 3951 confirmacionis
863 3907 954 3970 snper
983 3908 1015 3950 rc
1047 3887 1112 3958 illa,
1143 3885 1173 3948 in
1205 3891 1263 3969 qua

80 3995 271 4076 prescriptum
288 4002 345 4067 cst,
362 4016 418 4057 nec
434 4016 489 4078 per
504 3996 562 4058 hoc
575 3997 640 4078 ipsa
652 3998 836 4079 prescripcio
854 3996 1060 4067 infirmabitur,
1073 3996 1127 4058 sed
1139 3995 1264 4059 robora-

79 4100 158 4165 bitur.
190 4104 228 4167 Et
244 4105 333 4186 plane
350 4105 484 4187 quitquid
502 4112 550 4168 cst
571 4107 642 4169 illud
660 4106 697 4191 e)
713 4126 769 4187 per
796 4107 875 4189 quod
897 4106 1090 4188 prescribens
1115 4125 1264 4186 recogno-

83 4212 134 4273 scit
162 4233 195 4274 se
226 4212 339 4276 habere
370 4214 476 4276 malam
499 4213 603 4286 iidem,
640 4233 696 4296 per
725 4215 783 4278 boc
814 4215 1037 4296 interrumpitur
1067 4215 1262 4296 prescripeio.

83 4319 216 4384 Similiter
236 4343 272 4386 ex
293 4329 379 4404 parte
401 4323 579 4406 prescripti,
601 4323 737 4407 quitquid
758 4324 829 4388 illud
851 4330 898 4387 est
912 4343 967 4406 per
983 4324 1062 4406 quod
1078 4326 1263 4406 prescriptus

166 4469 200 4535 a)
212 4467 408 4538 prescriptione
421 4471 450 4522 V.
468 4499 494 4508 -
511 4469 543 4536 d)
558 4469 624 4522 Dist.
638 4468 689 4523 Xll.
712 4495 743 4508 -
759 4470 790 4538 c)
807 4472 889 4523 currit
906 4471 933 4524 Z.
952 4497 977 4510 -
997 4471 1032 4540 cl)
1050 4470 1128 4524 solvit
1141 4471 1180 4525 bis
1199 4489 1264 4540 pre·

90 4557 172 4610 scribit
183 4559 247 4612 fehlt
259 4559 290 4612 V.
309 4589 341 4599 -
357 4562 387 4628 e)
408 4559 472 4612 illud
486 4560 553 4613 sebit
566 4561 592 4613 Z.
1206 4569 1212 4576 '
