3100 5116
249 305 327 376 388

248 478 474 543 consummabit.
507 478 600 542 Porro
629 498 697 542 cum
725 479 764 542 ad
790 477 849 542 hoc
878 498 988 563 preces
1016 478 1162 540 iustorum
1190 475 1330 541 assiduas
1361 476 1451 540 nobis
1549 543 1550 558 ζ

248 608 436 672 summopere
464 588 655 652 necessarias
684 589 874 660 estimemus,
911 587 1109 652 devocionem
1136 593 1267 652 vestram
1296 587 1449 652 attencins

249 701 449 772 exhortamur,
472 703 620 783 quatenus
637 697 740 762 debita
756 697 940 780 gratitudine
954 698 1135 780 diligencius
1148 697 1355 769 attendentes,
1368 699 1450 781 quod

247 813 279 874 in
306 810 416 874 vestris
444 807 570 890 agendis
597 807 683 890 regia
710 809 796 873 vobis
826 807 975 872 celsitudo
1003 807 1135 871 libenter
1165 809 1298 890 aspirat,
1330 807 1472 890 piarum.

248 920 421 986 oracionum
436 924 605 983 vestrarum
621 916 774 1002 suffragiis
790 938 845 982 nos
863 917 962 982 divine
978 917 1145 982 clemencie
1162 917 1397 982 commendetis.

822 1140 886 1212 40.

534 1317 596 1382 Rex
612 1318 808 1383 bannorum
824 1316 1011 1396 regr'aelatur
1025 1318 1165 1401 principi.

813 1474 894 1531 tart.

251 1623 337 1695 Kdnr'p
356 1623 460 1694 liudolf
474 1623 547 1678 litter
564 1624 616 1678 dea
628 1620 806 1678 Patriorelrcn
822 1638 873 1677 oon
886 1621 1019 1695 Aquilejo,
1038 1625 1091 1679 den
1110 1623 1199 1679 benten
1225 1626 1290 1696 Wep
1310 1626 1362 1696 Γῆν
1381 1627 1457 1680 edne

250 1711 389 1787 llomfadrt
404 1713 540 1787 confindig
558 1730 592 1767 au
610 1710 722 1768 machere
743 1713 800 1766 uad
817 1712 901 1767 doadi
914 1712 967 1768 rlrm
992 1711 1113 1786 zoyler‘clr
1123 1713 1174 1787 fur
1187 1713 1233 1769 alie
1245 1715 1361 1772 dentato
1373 1715 1457 1771 sodon

643 1800 850 1873 oefyeaoandien
863 1803 1058 1876 Bemillrangea.

342 1948 467 2011 Gorberl,
480 1947 507 2011 2,
522 1947 546 2001 1.

342 2097 491 2180 Quantum
507 2095 594 2161 nobis
612 2097 643 2161 in
653 2101 704 2161 tue
715 2097 890 2163 devocionis
904 2097 1092 2163 exhibicione
1101 2098 1294 2183 complacuit,
1307 2105 1452 2183 quantum

252 2228 330 2273 nunc
347 2207 384 2270 de
400 2211 464 2277 tua,
481 2225 539 2290 que
559 2225 618 2269 non
631 2210 718 2270 nutat
735 2211 785 2270 aut
802 2206 912 2278 deviat,
929 2205 998 2271 lidei
1013 2207 1144 2289 puritate
1162 2208 1376 2290 presumimus,
1393 2229 1452 2274 non

251 2323 299 2382 est
313 2316 402 2380 facile
418 2315 520 2379 verbis
537 2319 589 2379 aut
604 2314 701 2379 literis
724 2316 883 2398 explicare.
916 2314 1003 2398 Quod
1027 2315 1105 2379 enim
1127 2335 1182 2397 pro
1206 2317 1303 2380 nostri
1325 2316 1450 2384 honoris

251 2432 282 2490 et
298 2425 378 2490 sacri
394 2424 513 2508 imperii
528 2425 714 2498 reverencia,
732 2424 792 2488 tuis
810 2424 933 2489 famosis
946 2429 977 2487 et
988 2425 1153 2489 commodis
1164 2424 1280 2489 laribus
1293 2427 1449 2494 derelictis

250 2537 280 2600 in
296 2543 366 2618 igne
378 2532 554 2607 dicriminis‚
571 2534 610 2598 ad
624 2533 877 2618 proficiscendum
894 2534 1051 2600 nobiscum
1067 2534 1106 2598 ad
1123 2555 1265 2601 coronam
1279 2537 1401 2621 imperii
1417 2545 1447 2604 te

250 2646 289 2710 ad
315 2649 418 2727 partes
445 2643 541 2707 Ytalie
569 2648 713 2726 apparato
747 2642 906 2726 magnifico
934 2643 1129 2718 transtulisti,
1160 2665 1215 2728 pro
1243 2652 1331 2730 grato
1359 2647 1447 2712 valde

250 2754 432 2837 recepimus,
445 2753 500 2817 tibi
515 2757 640 2836 propter
652 2753 710 2816 hoc
724 2752 763 2815 ad
775 2757 878 2834 grates
895 2753 1061 2817 uberrimas
1079 2753 1269 2826 inclinantes,
1285 2760 1318 2819 et
1334 2776 1408 2839 erga
1424 2767 1455 2824 te

252 2885 288 2929 ac
316 2867 385 2928 tuos
412 2883 467 2948 pro
495 2861 562 2926 loco
592 2866 623 2925 ct
646 2867 781 2945 tempore
805 2862 911 2944 procul
934 2861 1025 2927 dubio
1048 2861 1244 2946 disponentes
1267 2864 1394 2930 affluere
1410 2871 1456 2931 tot

255 2972 414 3038 beneficiis
425 2973 609 3055 graciarum,
620 2970 700 3056 quod
717 2971 887 3034 nullatenus
902 2973 1039 3055 penitere
1052 2976 1082 3035 te
1094 2972 1137 3056 a)
1155 2972 1274 3045 debeat,
1291 2994 1347 3057 pro
1363 2977 1457 3040 nostri

254 3084 395 3168 profectu
411 3080 452 3168 b)
469 3079 597 3144 nominis
614 3080 778 3144 attollendo
794 3080 930 3144 laborum
947 3101 983 3145 ac
996 3085 1166 3164 sumptuum
1179 3100 1270 3145 onera
1282 3085 1455 3165 pertulisse.

252 3192 402 3276 Quocirca
431 3191 646 3275 synceritatem
675 3194 758 3254 tuam
785 3190 985 3275 requirimus,
1013 3197 1162 3277 quatenus
1189 3191 1253 3256 vias
1284 3201 1454 3261 nostrorum

252 3322 468 3387 progressuum
495 3300 534 3364 ad
555 3300 672 3384 imperii
700 3300 838 3363 diadema
865 3301 1011 3383 perutiles
1040 3300 1201 3385 diligenter
1224 3305 1403 3387 excogitans
1425 3313 1455 3369 et

254 3411 431 3496 exquirens,
469 3415 600 3475 nostram
629 3415 660 3474 te
688 3430 747 3472 non
777 3411 882 3492 pigeat
912 3411 1101 3493 presenciam
1136 3411 1317 3496 prestolari,
1356 3435 1457 3478 omnes

252 3526 321 3586 tuos
338 3520 485 3604 aliosque,
502 3540 577 3604 quos
593 3518 720 3604 poteris,
737 3518 776 3582 ad
793 3519 939 3603 obsequia
953 3525 1056 3585 nostra
1070 3522 1217 3586 allectivis
1230 3521 1456 3588 inductionibus

256 3630 415 3696 excitando
423 3629 473 3718 c).

345 3794 447 3849 Stobbe
461 3791 526 3858 264,
541 3791 696 3848 Patriarche
709 3791 893 3863 Aquilogensi,
917 3793 1133 3859 ausfrilurlicber3
1156 3795 1206 3850 der
1228 3797 1319 3868 lionig
1342 3799 1453 3854 nimliclr

255 3886 368 3956 sordent.
384 3885 434 3938 den
454 3883 629 3938 Patriarchen
649 3884 719 3938 noch
737 3882 790 3945 aui,
810 3883 858 3936 mit
874 3881 928 3938 ihm
945 3882 972 3936 in
991 3883 1105 3938 ilciland
1124 3903 1272 3941 zusammen
1293 3907 1328 3943 au
1353 3891 1455 3954 trell'eo,

257 3976 343 4030 indens
358 3993 387 4030 er
400 3977 451 4030 den
464 3975 570 4030 'l'ernnin
584 3976 633 4030 der
646 3975 775 4045 lirinnng
787 3974 873 4028 durch
886 3975 937 4028 den
951 3973 1113 4040 Gesandteo,
1131 3977 1179 4032 der
1193 3974 1262 4048 jetzt
1281 3997 1344 4035 aum
1358 3982 1457 4054 Papsls

254 4071 336 4133 reise,
351 4070 476 4123 ertahren
487 4067 587 4122 vuirde.

345 4249 415 4315 alte
424 4249 528 4304 rehltv.
542 4279 577 4290 —-
590 4249 623 4320 l)
635 4252 765 4320 provectu
778 4250 806 4303 Z.
820 4281 851 4290 -
863 4251 896 4319 o)
910 4251 990 4306 Gerb.
1005 4251 1052 4306 hat
1065 4251 1134 4306 noch
1146 4250 1315 4321 liolgendes:
1329 4255 1455 4310 sciturum

257 4341 414 4402 certissime,
427 4341 500 4410 quod
510 4339 536 4393 in
549 4341 754 4410 tormino,qnenr
764 4339 806 4406 N,
820 4357 900 4411 quern
914 4341 948 4395 ad
960 4343 1044 4413 pedes
1058 4342 1154 4422 domini
1163 4358 1235 4415 pape
1248 4347 1454 4406 banamittimus

255 4435 344 4486 nostm
362 4430 465 4485 nomina
479 4432 526 4485 tibi
539 4430 641 4501 pandet
658 4432 826 4502 expressius,
845 4436 935 4487 nostra
945 4435 982 4495 te,
995 4431 1117 4503 aliosque
1130 4431 1224 4488 fideles
1240 4438 1368 4498 nostros,
1384 4437 1456 4492 dasi-

254 4522 349 4578 derata
362 4521 517 4593 praesentia
529 4519 626 4576 debeat
640 4522 783 4576 consolari.
