3100 5116
673 600 735 670 58.

94 774 235 856 Princeps
261 775 365 838 scribit
382 775 575 838 bononorum
599 777 670 857 regi,
690 783 833 858 quantum
851 780 1016 858 congaudet
1032 781 1169 861 potencie
1186 802 1238 846 sue
1262 798 1298 847 'ac

94 883 248 961 felfcltatf‚
268 902 303 946 nc
321 903 412 967 super
427 877 617 968 sponsolfbus
630 887 710 948 11161
723 904 789 949 eum
804 891 835 950 et
849 888 992 969 quendum
1010 909 1107 970 regom
1121 895 1295 957 contractfs.

576 1044 730 1100 12766161
745 1044 824 1101 1277.

92 1188 142 1240 ldo'n
159 1186 282 1258 Biocltos
301 1189 530 1262 oeptootwonoeto
551 1190 603 1242 don
624 1190 711 1261 Kd‘oip
730 1191 837 1262 liudolf
856 1210 945 1264 coepero
964 1195 1013 1247 der
1040 1193 1187 1267 Verlolrunp
1210 1196 1298 1249 scinco·

268 1279 376 1334 Tocloler
390 1281 532 1335 Clementia
544 1281 591 1334 mit
603 1282 662 1333 dem
676 1283 777 1354 Herzoq
790 1285 913 1338 Andreas
925 1302 974 1337 con
990 1285 1139 1339 Slaconien.

190 1427 332 1486 Bodmann,
347 1445 373 1496 p
390 1425 432 1478 28.
448 1417 538 1494 Vergl.
553 1429 619 1478 oben
636 1427 663 1479 S.
677 1425 822 1479 303-306
837 1427 955 1482 61111385
970 1447 1012 1482 no.
1027 1431 1070 1483 37,
1146 1485 1153 1498 ‚

188 1573 265 1637 Cum
278 1574 403 1636 Romani
420 1573 507 1653 regni
525 1573 594 1635 16111
606 1575 791 1654 prosperitas
807 1581 837 1636 61
852 1576 987 1655 regentis
1001 1576 1158 1658 imperium
1171 1577 1298 1662 o)pro-

94 1701 186 1762 spera
216 1681 346 1743 felicitas
371 1682 549 1750 nunciatur,
578 1681 716 1744 ubertate
734 1682 858 1744 mirifica
881 1683 1058 1756 fecundata,
1082 1687 1250 1749 succrescit
1267 1688 1297 1748 in

94 1790 182 1854 nobis
200 1791 328 1852 materia
344 1791 533 1871 gaudiorum,
553 1796 583 1853 et
600 1791 728 1853 diversis
745 1792 893 1872 angustiis
910 1799 1102 1874 angustatum
1121 1797 1150 1857 in
1168 1797 1297 1858 ecclesie

93 1905 197 1962 nostre
216 1898 450 1961 adversitatibus
469 1905 575 1980 pectus
595 1905 730 1961 nostrum
749 1900 816 1961 letis
835 1904 944 1963 vestris
962 1902 1156 1966 successibus
1173 1902 1298 1983 amplia-

91 2015 154 2078 tur,
171 2007 308 2089 pascitur
325 2013 366 2076 et,
384 2007 414 2068 in
432 2014 575 2089 quantum
592 2014 692 2072 vestre
709 2009 850 2089 potencie
867 2009 993 2072 brachia
1011 2011 1142 2074 dilatatis
1157 2011 1297 2074 funiculis

93 2117 203 2179 virium
220 2116 316 2178 facins
334 2115 535 2185 roborantur,
560 2117 590 2178 in
613 2122 728 2179 tantum
753 2122 854 2180 nostra
878 2119 1038 2198 precordia
1059 2119 1298 2182 redundantibus

97 2225 220 2308 gaudiis
237 2224 333 2288 alcius
351 2225 482 2288 relevata
499 2226 659 2306 respirant.
686 2226 729 2287 llli
743 2230 842 2289 tamen
854 2226 922 2289 Deo
936 2227 1080 2290 altissimo
1098 2228 1189 2309 digne
1207 2229 1300 2290 devo-

96 2334 196 2398 cionis
213 2333 407 2415 rependimus
425 2335 557 2414 gracias,
572 2336 622 2417 qni
636 2335 665 2396 in
679 2334 763 2396 vobis
781 2335 891 2398 virtute
904 2357 959 2398 sue
973 2338 1176 2417 potenciores
1190 2357 1300 2419 opera·

93 2452 144 2506 tur
162 2443 239 2506 adeo
257 2444 425 2523 graciosas,
443 2447 474 2504 ut
491 2443 599 2514 eciam,
617 2442 696 2524 qnod
714 2443 842 2506 humone
859 2444 996 2506 modulus
1010 2445 1162 2508 facultatis
1177 2446 1299 2508 difficile

95 2560 127 2616 et
143 2553 232 2618 valde
249 2552 436 2635 impossibile
452 2560 573 2636 reputat
596 2553 648 2634 b),
670 2555 843 2617 moderator
866 2556 917 2616 alti
947 2555 1064 2618 consilii
1081 2556 1136 2618 Dei
1165 2555 1241 2618 filius
1269 2558 1300 2618 in

94 2664 235 2745 negociis
251 2664 361 2726 vestris
380 2661 460 2725 facili
477 2662 598 2725 levitate
615 2662 777 2733 modificat,
796 2663 913 2744 perficit
936 2670 966 2725 61
989 2671 1184 2727 consummat.
1219 2667 1304 2754 Sane

95 2794 190 2854 super
204 2772 406 2853 sponsalibus,
425 2772 503 2834 inter
520 2771 558 2857 α)
576 2777 706 2834 vestram
725 2771 813 2833 tiliam
831 2779 860 2834 61
877 2773 913 2834 N.
932 2773 1122 2836 laudabiliter
1144 2773 1299 2844 ordinatis,

94 2883 203 2946 laudes
228 2880 427 2963 omnipotenti
449 2880 514 2942 Deo
536 2880 713 2951 1616111111,
738 2901 774 2943 66
798 2882 878 2963 quod
901 2882 938 2943 ad
956 2880 1203 2945 sublimacionem
1220 2884 1300 2945 sacri

94 2993 216 3074 imperii
245 2992 351 3055 foedus
381 2990 551 3054 huiusmodi
587 2990 725 3054 amicicie
761 2990 890 3054 feliciter
918 2992 1060 3054 durature
1090 2992 1240 3056 credimus
1270 3000 1300 3054 et

95 3122 256 3184 speramus
274 3102 416 3163 divinitus
441 3102 612 3162 adunatum.
630 3101 663 3162 ln
688 3121 745 3182 qua
762 3101 880 3162 16111661
895 3101 1016 3170 unione,
1035 3108 1155 3183 sperata
1172 3101 1301 3173 diucius,

97 3213 268 3276 commocio
300 3211 480 3273 divisionum
509 3216 540 3271 et
568 3210 720 3278 scismata,
749 3229 808 3291 que
832 3211 978 3274 adversus
1003 3211 1128 3272 Romani
1163 3211 1299 3272 culminis
1311 3220 1352 3258 F01·
1364 3221 1417 3259 ⁶⁰⁰-

95 3344 188 3387 unum
207 3322 241 3404 6)
260 3326 352 3402 caput
368 3343 401 3383 16
420 3321 537 3382 elevant
554 3325 583 3382 61
601 3319 760 3390 extollunt,
785 3319 944 3383 deficiente
967 3341 1039 3401 spe,
1061 3339 1156 3382 vacua
1173 3339 1300 3384 conver-

95 3441 201 3498 tentur
214 3433 252 3494 ad
269 3449 440 3512 vesperam,
457 3434 489 3490 ut
505 3429 633 3491 adorent
654 3428 782 3508 vestigia
798 3429 881 3508 regis
898 3428 1060 3508 magnifici,
1077 3449 1166 3510 quem
1183 3431 1300 3510 magni-

96 3544 200 3606 ficavit
217 3541 386 3604 ditissimus
411 3539 441 3600 in
463 3537 582 3601 sublimi
607 3537 682 3601 solio
705 3538 891 3607 monarchis,
909 3537 1088 3600 confirmans
1106 3546 1136 3600 et
1152 3539 1298 3601 roborans

95 3671 226 3735 regnum
240 3650 315 3712 eius.

196 3815 230 3886 α)
252 3815 412 3883 Ergdnzung
432 3829 479 3864 aas
500 3810 644 3868 Rodmann,
666 3829 693 3881 p.
713 3809 756 3862 28.
778 3810 912 3863 Dominam
932 3813 1062 3870 nostram,
1089 3810 1166 3863 filiam
1186 3814 1299 3865 vestram

101 3918 127 3964 et
146 3911 281 3963 illustrem
303 3905 452 3974 principem
470 3903 501 3955 N.
523 3902 621 3954 Ducam
642 3901 807 3960 Safavoniac,
828 3901 860 3954 de
881 3917 1012 3954 consensu
1032 3900 1189 3953 sanctissimi
1209 3901 1295 3955 Patris

97 4002 181 4056 nostri
203 4003 232 4054 61
253 3995 366 4056 Domini,
387 3993 503 4047 Sanctae
522 3993 596 4046 Rom.
616 3991 757 4044 Ecclesiae
778 3990 877 4044 Summi
892 3989 1027 4044 Pontificio
1040 3992 1212 4044 laudabiliter
1227 3991 1299 4045 ordi·

101 4093 171 4149 notis
185 4067 467 4156 laudesomnipotenti
481 4085 538 4137 Deo
552 4083 690 4137 referimus
705 4085 757 4136 616.

193 4237 228 4306 6)
249 4233 359 4288 11611611
382 4231 454 4299 ragis
472 4228 608 4299 magnifici.
623 4243 752 4298 prospera
770 4228 848 4281 nobis
867 4226 984 4281 felicitas
1004 4227 1031 4281 Z.
1055 4257 1083 4266 —
1100 4227 1132 4298 b)
1154 4226 1257 4282 iudicat
1269 4229 1297 4282 Z.

98 4365 129 4376 -
152 4331 186 4400 c)
207 4343 287 4380 unum
300 4323 369 4376 fcblt
381 4323 409 4376 Z.
