3120 5126
264 228 339 298 168

258 419 369 464 causas
395 401 522 484 requirit
550 401 588 467 ab
610 399 748 473 bomine,
777 400 884 484 quibus
906 402 945 464 ad
967 400 1063 464 omnis
1092 401 1334 464 eonsnnaoionis
1362 399 1454 462 finem

265 508 402 590 legisque
428 506 645 589 plenitudinem
673 508 905 580 ostendendam,
937 512 1002 590 ipse
1027 510 1112 589 prior
1137 507 1251 571 bomini
1273 506 1394 590 perdito
1424 511 1456 570 et

262 616 422 697 dampnato
439 615 548 678 adesse
565 616 658 678 voluit
673 615 841 679 miseratus.
875 613 933 696 Qui
955 615 1125 679 nullatenus
1140 615 1332 698 permisisset
1347 632 1455 680 manus

263 725 371 806 impias
398 729 504 788 contra
531 723 599 805 pios
626 743 722 806 usque
749 724 825 788 adeo
853 723 1006 796 roborari,
1034 724 1093 786 nisi
1122 729 1152 788 et
1179 743 1263 786 suam
1286 724 1324 786 de
1346 730 1456 788 nostra

260 830 407 895 vindicari
430 831 576 894 industria
598 831 781 912 previdisset
804 833 953 904 iniuriam,
976 838 1007 895 et
1029 832 1142 894 serrari
1158 838 1292 894 nostram
1307 831 1459 894 voluisset

262 939 371 1001 desua
402 939 529 1001 victoria
561 937 757 1019 disciplinam.
782 938 846 1002 Sub
878 939 935 1002 hac
966 938 1128 1001 occasione
1160 938 1303 1001 delectati
1334 939 1458 1020 plurimi

260 1043 438 1107 satisfacere
450 1063 505 1125 pro
517 1044 606 1108 modo
620 1044 777 1108 criminum
789 1044 877 1109 aliter
888 1066 949 1108 non
959 1046 1104 1117 valentes,
1121 1045 1210 1107 velud
1224 1046 1256 1108 in
1269 1046 1458 1126 profundum

258 1152 401 1214 malorum
418 1151 541 1214 dimersi
555 1152 675 1234 penitus
693 1153 915 1234 desperassent,
933 1152 991 1214 nisi
1004 1153 1187 1216 occurrisset
1203 1152 1247 1214 eis
1263 1151 1321 1214 bec
1339 1151 1459 1223 tabula,

258 1261 317 1324 nisi
338 1281 392 1342 per
412 1261 471 1322 hoc
493 1261 702 1342 compendium
725 1260 787 1322 suis
808 1280 863 1340 pro
886 1260 1005 1323 Christo
1027 1259 1135 1341 positis
1158 1258 1314 1322 animabus
1337 1280 1457 1323 consu-

264 1369 336 1430 mati
352 1367 485 1431 breviter
500 1367 644 1430 malorum
661 1372 828 1448 temporum
850 1368 953 1448 spacia
976 1367 1216 1448 complevissent.
1249 1366 1334 1430 blnlti
1358 1369 1461 1431 eciam

257 1475 393 1538 invenire
420 1475 519 1537 locum
542 1473 593 1537 ubi
617 1477 764 1538 steterunt
779 1475 873 1556 pedes
895 1475 1015 1538 Domini
1043 1475 1216 1556 cupientes,
1246 1475 1330 1555 prius
1355 1475 1395 1537 ad
1411 1475 1457 1560 a)

258 1582 395 1646 bravium
412 1582 476 1644 sine
491 1601 584 1644 cursu
601 1587 631 1644 et
647 1581 686 1644 ad
700 1601 843 1645 coronam
860 1581 924 1644 sine
941 1583 1041 1664 gladio
1064 1588 1276 1664 pervenerunt,
1297 1583 1347 1646 illo
1364 1603 1458 1646 suum

260 1695 471 1755 remunerante
504 1690 544 1775 t)
574 1689 715 1761 militem,
765 1689 815 1772 qui
853 1691 948 1754 solam
978 1692 1152 1755 considerat
1180 1691 1213 1753 in
1244 1691 1457 1754 oblacionibus

259 1801 450 1864 voluntatem
484 1800 523 1864 Ut
551 1804 650 1862 autem
682 1799 720 1862 ad
750 1799 898 1880 premissa
928 1798 1032 1862 fideles
1064 1800 1230 1864 efficaciter
1257 1805 1287 1862 et
1313 1805 1460 1880 potenter

263 1914 419 1990 exurgant,
442 1929 498 1972 nos
521 1909 558 1971 de
583 1907 794 1990 omnipotentis
809 1909 866 1971 Dei
888 1908 1094 1972 misericordia
1111 1915 1143 1972 et
1157 1909 1314 1972 beatorum
1330 1917 1460 1990 aposto-

258 2020 354 2080 lorum
371 2018 436 2080 eius
453 2017 533 2079 Petri
551 2022 582 2080 et
596 2016 680 2080 Pauli
696 2017 875 2079 auctoritate
889 2015 927 2101 e)
944 2022 1034 2099 atque
1050 2023 1154 2080 nostra
1170 2015 1287 2087 contisi
1304 2017 1460 2092 omnibus,

258 2126 312 2209 qni
326 2123 461 2188 laborem
477 2124 567 2187 istum
582 2123 614 2186 in
630 2124 759 2205 propriis
775 2123 914 2205 personis
937 2124 1083 2187 subierint
1105 2129 1136 2187 et
1158 2124 1307 2206 expensis,
1329 2131 1361 2196 et
1377 2127 1456 2190 alios

258 2254 316 2317 pro
340 2231 629 2326 seOdestinarerint,
650 2233 769 2314 plenam
786 2250 908 2294 suorum
924 2232 1144 2313 peccaminum,
1168 2232 1206 2294 de
1229 2231 1336 2314 quihus
1360 2235 1461 2298 corde

260 2341 384 2406 contriti
409 2345 440 2402 et
456 2360 508 2402 orc
526 2339 659 2404 confessi
681 2339 803 2412 fuerint,
826 2340 943 2402 reniam
965 2339 1154 2421 indulgemus
1178 2345 1210 2404 et
1230 2341 1261 2402 in
1276 2341 1464 2406 retribucio-

263 2469 332 2514 nem
348 2449 473 2512 istorum
490 2445 595 2512 salutis
613 2453 715 2510 eterne
731 2447 877 2529 premium
893 2447 1069 2529 pollicemur
1086 2447 1135 2534 p).

303 2659 1455 2747 'Efflmmmmffimmwmmmffissfflprm—q

263 2760 410 2831 Gregorius
434 2761 593 2830 episcopus,
617 2779 637 2815 s.
653 2781 674 2816 s.
695 2762 750 2825 Ι).,,
764 2762 894 2819 uniuersis
917 2764 982 2816 des-u
1003 2761 1104 2818 Christi
1126 2762 1249 2816 fidelibus
1272 2780 1321 2834 per
1343 2781 1462 2833 regnum

266 2848 1458 2924 mMmMmemmmmmmmmmmfflm

264 2940 482 2995 benedictionem.
510 2971 538 2979 —
560 2939 595 3011 β)
627 2942 692 2995 Nam
719 2943 783 2996 licet
810 2942 906 2995 dudum
932 2942 1087 2996 charissimo
1113 2942 1138 2994 in
1157 2941 1262 2996 Christo
1287 2939 1339 2996 tilio
1365 2948 1460 2999 nostro

266 3017 411 3086 Frederico
424 3031 601 3083 Romanorum
619 3031 773 3101 imperatori
792 3047 897 3100 semper
916 3033 1042 3100 augusto,
1060 3030 1224 3085 Hierusalem
1243 3034 1272 3086 ct
1286 3031 1377 3084 Sicilie
1399 3033 1462 3104 regi

264 3121 376 3182 illustri,
400 3119 492 3172 civitas
509 3119 600 3172 endem
624 3124 716 3188 preter
737 3123 864 3190 templum
886 3121 989 3174 Domini
1017 3121 1099 3175 fuerit
1121 3121 1259 3174 restituta:
1285 3125 1373 3174 tarncn
1396 3124 1462 3191 quia

264 3212 336 3266 Deus
359 3210 525 3279 omnipotens
548 3212 611 3262 tunc
633 3209 849 3276 magnificentius
862 3226 942 3279 agere
965 3227 1025 3263 enm
1044 3212 1146 3281 populo
1166 3227 1217 3264 suo·
1234 3209 1385 3266 Christiano
1404 3229 1461 3268 non

264 3299 375 3360 adiecit,
407 3299 550 3376 imperator
575 3299 712 3368 predictus
738 3305 846 3370 treugas
872 3301 929 3354 iniit
954 3317 1013 3354 cum
1036 3299 1162 3360 soldano,
1195 3317 1304 3370 quarum
1328 3303 1460 3358 terminus

267 3388 1460 3460 mmmmmmwwmmmfflmmwmmmwfflmmfflm

266 3478 315 3532 nisi
340 3479 372 3532 ad
402 3494 508 3548 queque
536 3481 686 3532 necessaria
714 3498 762 3549 per
791 3479 1038 3549 promptitudinem,
1075 3496 1150 3550 spem
1176 3483 1203 3531 et
1227 3479 1359 3534 fervorem
1395 3480 1460 3553 fidei

266 3567 1461 3643 &QmmeQmmemmmfflfflmwmwmwffimmg

265 3659 320 3710 und
343 3658 576 3729 Reschleunigung
599 3659 647 3712 des
670 3661 851 3727 Kreuznuges:
877 3661 922 3713 Eis
946 3663 1033 3712 autem
1057 3687 1090 3700 -·
1114 3660 1231 3728 requiem
1257 3663 1460 3716 mercabuntur.

264 3749 363 3803 Datum
376 3747 479 3817 Spoleti
493 3749 515 3801 ll
529 3749 595 3802 Non.
604 3736 761 3820 Septembr.
774 3749 946 3818 pontificatus
960 3750 1043 3803 nostri
1057 3766 1124 3804 anno
1137 3750 1203 3804 Vlll.

361 3837 502 3897 Boebmer,
519 3837 586 3908 Reg.
606 3837 689 3908 Greg.
703 3839 755 3901 lx..
774 3855 815 3892 no.
836 3839 880 3892 86.
907 3839 978 3892 onus
994 3839 1101 3892 Zweilel
1119 3840 1154 3891 ist
1168 3839 1291 3893 dasselbe
1304 3841 1462 3904 Sebreiban.

267 3926 1459 3996 rmmmfflmfflmmffifflmmffiwmwmmffltmmm

270 4016 454 4071 Deutscbland
474 4016 526 4068 und
545 4016 661 4069 anderen
680 4017 799 4071 Laudem
819 4019 962 4087 geschickt
980 4018 1095 4071 worden.
1110 4019 1213 4069 -Der
1232 4019 1301 4071 Text
1321 4019 1362 4072 bei
1377 4020 1459 4074 Matb.

269 4105 1232 4177 Pmbfflmnmbmmdnnmmqfflanddmsmmnmmmmm.

366 4302 398 4372 a)
420 4303 453 4354 ad
477 4320 517 4356 am
537 4303 637 4357 Raude.
651 4330 686 4340 -
700 4301 731 4369 b)
752 4305 962 4356 remunerantem
983 4303 1012 4358 V.
1025 4331 1062 4341 -
1075 4301 1107 4371 c)
1129 4301 1344 4357 auctoritatatem
1359 4302 1463 4358 llande.
