3096 5128
1194 322 1273 394 etv

77 496 248 572 reputemus
260 483 429 568 'et'utilem,
458 499 594 562 volumus
623 501 653 561 et
680 516 838 580 rogamus,
861 501 1026 580 quatenus,
1055 498 1081 560 si
1103 497 1272 563 voluntaria

76 597 133 662 tibi
149 601 251 666 subest
273 609 305 667 et
326 609 390 668 tuta
406 606 546 671 veniendi
570 605 710 676 facultas,
738 625 806 669 cum
833 605 936 688 gracie
960 611 1062 670 nostre
1086 606 1272 688 plenitudine

76 710 198 775 studeas
210 731 228 774 a
239 713 420 796 recepoione
437 716 628 798 presencium
644 715 722 778 intra
738 733 791 777 sex
807 733 926 777 menses
944 713 1102 778 continuos
1116 715 1154 778 ad
1167 716 1272 778 sedem

75 819 270 900 apostolicam
286 827 317 886 te
332 822 509 895 transferre,
538 829 686 907 quatenus
715 822 797 886 sinus
825 824 929 886 matris
945 823 1097 906 repleatur
1112 823 1272 905 presencia

75 925 145 1012 filii,
171 947 229 1013 quo
257 930 385 996 absente
411 951 525 998 vacuus
554 933 703 1004 comitur,
733 937 763 995 et
790 933 899 995 fratres
928 936 1029 1014 optato
1057 927 1108 1003 diu
1137 931 1271 998 absentis

75 1037 186 1102 solacio
210 1041 339 1124 amplius
364 1048 549 1106 recreentur.

643 1247 706 1321 42.

223 1423 322 1491 litera
338 1426 502 1490 conductus
518 1427 731 1520 imperatorum
748 1433 778 1491 ct
794 1425 987 1491 Romanorum
1005 1444 1115 1506 regum.

89 1567 175 1640 Konip
187 1567 312 1650 Albrecbt
323 1568 396 1641 piebt
413 1571 466 1624 den
483 1586 540 1624 aum
556 1567 796 1642 Garmai-Capitol
811 1569 953 1626 remendare
974 1557 1262 1626 eiaterzienaemlvven

334 1676 384 1714 von
397 1651 547 1716 dormiet
562 1660 619 1714 und
631 1660 732 1716 Baiern
745 1662 823 1718 einen
839 1659 1003 1732 Geleitbricf.

158 1787 224 1850 Nos
233 1785 372 1852 rllbertus
389 1787 446 1851 Dei
462 1790 566 1871 grauia
583 1789 783 1854 Romanorum
798 1789 962 1874 imperator
974 1789 1021 1853 vel
1034 1811 1086 1854 rex
1104 1797 1134 1853 et
1149 1807 1270 1870 semper

73 1902 221 1979 augustus
238 1896 276 1960 ad
292 1897 499 1962 universorum
516 1898 595 1962 sacri
613 1899 729 1982 imperii
746 1897 876 1962 fidelium
892 1897 1034 1963 noticiam
1049 1900 1185 1964 volumus
1199 1916 1270 1979 per-

71 2006 182 2076 venire,
201 2006 282 2090 quod
297 2005 489 2071 honorabiles
503 2027 538 2072 ac
554 2008 714 2092 religiosos
726 2009 807 2072 viros
824 2007 950 2072 abbates
962 2009 1038 2073 tales
1052 2008 1270 2092 cysterciensis

70 2113 184 2176 ordinis
202 2114 241 2177 de
252 2116 372 2180 dustria
386 2120 417 2180 et
432 2118 578 2189 Bawaria,
602 2117 640 2181 ad
662 2118 803 2201 generale
826 2137 912 2182 suum
928 2117 1090 2199 capitulum
1105 2115 1270 2200 procedere
1282 2151 1387 2193 pomo„

72 2221 281 2305 disponentes,
298 2224 482 2288 exhibitores
500 2227 690 2308 presencium
707 2232 857 2291 eteorum
874 2226 1044 2290 comitivam
1057 2223 1270 2290 cumomnibus

68 2329 156 2395 bonis
175 2351 212 2395 ac
228 2331 320 2397 rebus
337 2333 400 2398 suis
417 2332 447 2396 in
464 2339 597 2398 nostram
613 2336 832 2420 protectionem
856 2341 888 2400 et
908 2335 1024 2417 imperii
1045 2336 1216 2416 recepimus
1241 2339 1273 2397 et

71 2441 265 2505 conductum.
296 2442 423 2524 Propter
445 2443 526 2527 qnod
549 2443 696 2507 universis
719 2431 899 2527 et'singulis
931 2443 1114 2528 precipimus
1146 2442 1272 2506 firmiter

69 2554 99 2611 et
129 2547 289 2622 districte,
324 2570 361 2613 ne
396 2551 505 2634 aliquis
549 2555 681 2616 vestrum
723 2554 821 2617 dictos
854 2552 981 2616 abbates
1018 2550 1065 2614 vel
1099 2550 1271 2615 comitivam

69 2677 154 2722 suam
174 2657 220 2746 a]
247 2659 278 2722 in
300 2648 399 2723 eundo
423 2661 470 2724 vel
494 2662 649 2725 redeundo
669 2662 707 2725 ad
723 2663 861 2745 propria,
890 2663 920 2725 in
943 2661 1081 2745 personis
1104 2661 1151 2723 vel
1178 2659 1270 2724 rebus

66 2757 203 2850 ipsorum
230 2774 386 2851 presumat
409 2769 598 2852 aliquatenus
627 2770 804 2843 molestare,
833 2771 888 2835 sed
910 2771 1015 2854 pocius
1038 2789 1093 2853 pro
1110 2769 1166 2832 Dei
1183 2788 1271 2833 reve-

67 2877 172 2940 rencia
189 2880 220 2940 et
236 2877 340 2958 gracia
353 2877 394 2962 b)
418 2883 520 2942 nostra
544 2879 670 2961 speciali
688 2879 804 2943 munire
823 2899 931 2943 securo
950 2879 1091 2950 transitu,
1109 2878 1271 2942 ethonore

66 2985 229 3068 prevenire
246 3005 380 3069 congruo
397 2987 554 3070 satagatis.

159 3095 227 3158 Dat.
248 3080 345 3176 Spire‘
356 3094 499 3158 Kalendis
518 3096 645 3178 Augusti
668 3115 746 3160 anno
767 3095 886 3160 Domini
911 3095 997 3158 1303
1019 3095 1182 3159 indictione
1204 3095 1269 3168 tali,

66 3204 156 3287 regni
173 3221 247 3266 vero
264 3203 359 3267 nostri
374 3203 436 3267 tali.

159 3366 213 3419 llas
225 3367 323 3420 Datum
336 3366 372 3420 ist
387 3364 488 3434 fingirt,
514 3367 644 3422 Albrecbt
658 3368 755 3422 boland
770 3367 827 3422 sich
842 3384 883 3422 am
898 3365 923 3420 1.
940 3365 1044 3438 August
1057 3365 1128 3420 1303
1141 3366 1166 3420 iu
1180 3365 1269 3420 Wira·

67 3459 146 3526 burg.

636 3647 699 3717 43.

354 3805 461 3868 lorum
479 3807 638 3870 emendem
654 3795 799 3871 utroru-
814 3807 991 3889 prircipum.

617 3928 708 3984 idua.

164 4052 431 4128 daventriefverzop
443 4053 568 4126 Budolfe
580 4057 626 4110 III.
639 4073 689 4110 von
706 4047 856 4110 deterrent
864 4054 913 4126 for
925 4055 1028 4128 Proper
1038 4053 1188 4127 Kausleutc.

157 4182 221 4245 Nos
245 4181 392 4247 Rudollus
414 4183 470 4246 Dei
496 4185 600 4266 gracia
617 4183 676 4248 dux
695 4185 812 4248 lustrie
830 4188 860 4246 et
876 4184 976 4266 Styrie
1000 4182 1038 4246 ad
1055 4182 1266 4249 universorum

66 4297 239 4354 nostrorum
265 4288 399 4354 fidelium
432 4292 584 4356 noticiam
601 4331 645 4342 -
673 4292 910 4358 benivolenciam
938 4291 1093 4376 satagatis.
1126 4290 1267 4376 Palaelry,

67 4399 305 4464 Formelbiicher
329 4400 361 4463 S.
388 4400 463 4464 323.

140 4543 175 4613 a)
190 4559 265 4602 suam
278 4558 320 4596 am
334 4541 424 4598 Raude
437 4544 467 4598 V.
482 4573 515 4585 -
529 4545 562 4615 b)
571 4545 730 4601 reverencia
743 4551 771 4600 et
783 4543 876 4615 gracia
890 4560 929 4598 am
944 4541 1039 4598 Raude
1051 4543 1082 4598 V.
