3108 5118
666 767 730 839 81.

435 962 496 1025 ber
512 962 710 1027 mnarum
726 963 847 1027 donnino
864 980 953 1046 pape.

91 1133 185 1205 Konip
210 1135 317 1208 liudolf
338 1137 568 1209 deprecabamur
592 1139 669 1194 einen
688 1143 770 1212 Papa!
792 1158 823 1195 zu
853 1141 942 1196 aeincr
970 1135 1210 1208 lbroabeotcipuup
1236 1136 1294 1190 und

375 1228 507 1303 cmpfleblt
518 1230 578 1288 eled
588 1233 647 1287 uad
658 1231 716 1291 sein
730 1232 803 1286 Heus
815 1229 906 1286 eeiner
921 1229 1023 1286 Gaude.

179 1391 358 1456 Laudabilis
383 1399 414 1458 et
437 1394 587 1477 gloriosus
611 1395 643 1459 in
667 1401 771 1460 eterna
795 1397 898 1461 secula
914 1396 971 1462 uei
987 1393 1084 1467 filius,
1112 1393 1291 1464 benedictus

80 1507 116 1564 et
140 1501 331 1566 benedicens
356 1503 493 1567 omnibus
519 1505 639 1589 inipso
664 1503 902 1577 conlidentibus,
930 1511 1101 1570 eternorum
1126 1522 1162 1567 ac
1178 1502 1292 1568 transi·

80 1610 236 1675 toriorum
253 1611 410 1676 ordinator
425 1614 642 1685 inscrutabilis,
666 1621 801 1679 sanctam
816 1621 944 1680 matrem
960 1615 1123 1678 ecclesiam
1140 1611 1290 1678 uberrime

81 1721 313 1785 consolacionis
346 1719 490 1786 uberibus
523 1722 714 1794 consolatus,
747 1725 813 1787 oleo
846 1724 949 1788 leticie
982 1723 1078 1805 ipsam
1109 1707 1290 1817 perungere,

82 1835 268 1912 perunctam
282 1830 312 1894 in
324 1835 390 1895 tuta
402 1831 540 1895 stacione
553 1853 702 1915 reponere
717 1838 764 1896 est
777 1833 928 1916 dignatus.
943 1831 1059 1916 Quippe
1073 1832 1111 1896 ad
1129 1849 1289 1915 suppreme

82 1939 245 2022 dignitatis
273 1939 408 2022 apicem,
443 1959 590 2005 summum
622 1962 658 2006 ac
676 1941 909 2008 sanctissimum
937 1944 1123 2026 apostolatus
1151 1940 1290 2024 gradum,

82 2048 174 2113 vobis
204 2051 243 2114 ad
271 2051 523 2116 rel'ormacionem
551 2051 673 2138 quidem
700 2052 818 2135 imperii
848 2059 879 2118 et
906 2054 1034 2117 salutem
1060 2058 1142 2116 terre
1172 2055 1289 2119 sancte,

82 2162 231 2243 precioso
249 2162 360 2226 Christi
384 2165 532 2248 sanguine
548 2163 713 2234 rubricata,
730 2163 873 2229 divinitus
890 2165 1031 2242 elevatis,
1061 2162 1167 2225 eadem
1185 2165 1290 2223 sancta

83 2277 187 2336 mater
204 2274 346 2344 eeclesia,
363 2273 499 2337 redivive
515 2273 711 2338 iocunditatis
727 2274 847 2356 gaudiis
864 2280 1019 2343 renovata,
1035 2271 1134 2336 votive
1150 2268 1290 2335 iocundi-

84 2384 161 2447 tatis
184 2383 227 2468 a)
243 2383 482 2449 exultacionibus
507 2384 683 2466 gratulatur.
715 2382 780 2447 Nec
804 2384 921 2448 mirum.
955 2383 1037 2445 Deus
1063 2381 1142 2446 enim
1158 2379 1242 2464 pacis
1260 2383 1291 2443 et

85 2492 280 2562 dilectionis,
309 2493 454 2556 immense
482 2491 626 2556 bonitatis
653 2492 690 2568 in
712 2492 778 2574 ipsa
804 2493 891 2575 signa
914 2492 1031 2574 posuit,
1060 2511 1128 2556 cum
1152 2509 1206 2552 vos
1231 2487 1400 2551 sibirormee

83 2607 206 2684 patrem
222 2601 390 2685 disposuit,
415 2622 471 2665 suo
487 2603 576 2684 gregi
593 2607 745 2684 pastorem
761 2600 999 2668 misericorditer
1022 2602 1161 2685 prelegit.
1194 2601 1288 2666 Huius

83 2711 235 2775 immense
264 2709 458 2775 iocunditatis
487 2711 612 2774 materia
641 2711 698 2775 etsi
727 2718 853 2775 cunctos
878 2731 998 2776 movere
1023 2711 1152 2783 debeat,
1181 2713 1289 2795 quise

84 2820 215 2885 menbra
234 2821 328 2904 capiti
353 2820 537 2885 adherencia
561 2828 802 2902 recognoscunt,
830 2841 885 2885 nos
909 2821 1005 2904 primo
1030 2828 1061 2886 et
1083 2823 1290 2906 principaliter

84 2931 270 2995 exaltacioni
294 2937 396 2994 vestre
420 2934 503 2993 tanto
534 2929 693 2992 iocundius
721 2931 965 3012 congaudemus,
997 2937 1109 3014 quanto
1138 2931 1289 3014 limpidius

83 3039 301 3121 cognoscimus
318 3039 356 3102 ad
373 3044 475 3120 optate
492 3038 598 3101 salutis
615 3037 751 3101 bravium
767 3059 822 3121 per
838 3041 878 3125 d)
895 3037 1011 3105 infinite
1028 3047 1129 3104 vestre
1146 3038 1289 3104 bonitatis

83 3157 116 3212 et
133 3148 350 3213 subvencionis
368 3147 526 3211 consilium
544 3152 574 3209 et
598 3147 739 3211 auxilium
762 3167 817 3210 vos
841 3154 975 3213 vocatos.
1008 3149 1072 3212 Hoc
1097 3149 1177 3236 illips
1201 3151 1290 3215 testi-

84 3258 206 3328 monio,
233 3257 283 3341 qui
309 3262 461 3321 scrutator
485 3255 619 3319 cordium
644 3262 692 3319 est
716 3262 747 3319 et
769 3276 891 3328 renum,
916 3279 975 3322 nou
991 3264 1104 3322 tautum
1127 3259 1222 3325 literis
1239 3267 1292 3325 aut

83 3368 204 3432 nunciis
221 3387 383 3450 possumus
409 3366 576 3448 explicare,
602 3370 745 3449 quantum
769 3366 798 3429 iu
824 3367 917 3431 corde
933 3368 1067 3450 gerimus
1084 3374 1115 3433 et
1131 3370 1160 3434 in
1178 3376 1288 3435 mente.

81 3479 127 3542 Ex
151 3482 235 3542 tanta
260 3477 371 3558 igitur,
397 3494 485 3560 quam
511 3475 549 3538 de
573 3481 675 3539 vestra
700 3476 860 3540 sanctitate
885 3479 1099 3560 concepimus,
1124 3479 1290 3544 clemencia

82 3589 150 3652 sine
179 3588 241 3650 ullo
271 3583 504 3649 deliberacionis
533 3590 586 3648 aut
612 3585 848 3650 consultaeionis
873 3586 1014 3669 ambiguo
1039 3592 1171 3684 nostram
1195 3589 1289 3672 ipsius

81 3715 258 3782 personam,
282 3694 460 3777 coniugem,
484 3694 615 3765 liberos,
639 3695 716 3758 filios
734 3701 765 3760 et
780 3694 875 3766 filias,
899 3717 949 3760 res
967 3704 998 3762 et
1013 3697 1160 3771 bonores,
1185 3700 1290 3767 habita

83 3815 115 3872 et
146 3805 310 3875 habenda,
348 3811 448 3868 vestre
488 3803 657 3869 sanctitatis
689 3805 828 3869 manibus
860 3806 1006 3870 tradimus
1038 3814 1069 3873 et
1100 3811 1289 3884 mandamns,

81 3915 264 3984 humilitatis
293 3920 397 3980 nostre
426 3917 518 3996 caput
546 3913 576 3976 in
605 3913 701 3977 sinum
729 3920 839 3979 vestre
858 3915 1067 3982 misericordie
1096 3919 1289 3994 inclinantes,

80 4035 126 4093 ut.
144 4047 221 4090 vere
254 4023 406 4106 possimus
440 4022 544 4087 dicere
579 4042 648 4086 cum
681 4023 817 4106 sapiente
839 4023 883 4109 1):
916 4024 948 4088 in
981 4027 1119 4091 omnibus
1152 4029 1288 4114 requiem

174 4248 209 4317 a)
230 4245 339 4319 gaudiis
359 4243 401 4299 bis
422 4243 597 4298 iocunditatis
619 4259 659 4297 am
679 4242 769 4298 Raude
789 4243 819 4298 V.
841 4273 873 4282 «-
894 4244 926 4316 l)
946 4263 997 4316 pro
1019 4247 1059 4301 Vs

80 4439 413 4457 ...u—*—

103 4578 129 4640 1)
147 4577 243 4634 Siraeb,
261 4574 303 4631 24,
322 4575 360 4622 ll.
