3168 5124
1186 391 1235 460 to

68 564 215 628 ministrare
246 571 276 628 et
306 565 423 648 ingredi
455 587 514 628 non
546 566 679 637 sinebat,
712 565 756 627 sic
779 564 915 626 nimirum
942 585 1068 646 presens
1097 564 1237 636 ecclesia,

68 673 238 754 spiritualiter
252 673 421 755 intelligens
439 680 469 736 ct
486 694 637 756 exponens
650 677 707 757 que
720 674 751 736 in
761 673 838 735 illius
851 673 1022 735 testamenti
1037 672 1238 754 prohibitione

67 802 114 844 non
127 780 295 846 sinebantur
306 783 344 845 ad
357 782 485 854 literam,
499 802 577 845 nunc
594 780 633 867 a)
650 782 687 844 ab
705 781 800 844 eterni
817 781 899 861 regis
915 780 1079 844 ministerio
1097 787 1240 863 segregat

67 895 90 951 et
112 888 249 954 discernit
276 912 328 954 eos
358 891 407 974 qui
436 896 541 954 contra
569 891 740 954 sanctiones
770 889 931 952 canonicas
959 890 1093 952 viventes
1122 909 1240 952 suarum

67 997 178 1060 maculas
209 999 389 1063 contrahunt
419 999 582 1062 animarum
615 1003 645 1063 et
675 1019 730 1080 per
761 1018 939 1079 aggressum
967 998 1058 1060 vetite
1087 997 1240 1078 dignitatis

67 1106 247 1170 conscientias
273 1108 409 1190 polluunt
437 1114 468 1171 et
497 1107 658 1170 offendunt.
694 1107 773 1170 Sane
797 1112 846 1168 tua
867 1106 953 1170 nobis
975 1112 1114 1188 porrecta
1135 1107 1239 1188 petitio

66 1215 229 1288 continebat,
247 1217 356 1280 dilecte
369 1218 399 1280 in
412 1217 530 1280 Christo
544 1216 595 1288 fili,
610 1217 688 1299 quod
703 1217 771 1279 olim
780 1215 816 1300 l)
831 1215 861 1278 in
872 1215 978 1278 minori
991 1221 1070 1278 etate
1082 1216 1129 1279 uel
1142 1216 1241 1278 officio

65 1324 224 1388 constitutus
233 1325 264 1387 in
272 1327 420 1408 quendam
428 1327 594 1408 dyaconum
600 1344 704 1387 manus
712 1324 851 1388 inieceris
862 1324 1018 1396 violentas,
1031 1319 1090 1387 non
1102 1322 1243 1387 conside-

65 1453 121 1495 rans
137 1435 211 1497 sorte
225 1455 261 1496 ex
273 1435 394 1497 leuitate
413 1433 451 1520 ο)
464 1433 570 1516 puerili
584 1433 709 1496 subesse
727 1433 891 1515 perieulum
907 1433 976 1496 huic
989 1434 1081 1504 facto,
1096 1438 1126 1494 et
1138 1440 1243 1514 postea

67 1541 90 1604 in
109 1529 251 1624 susceptis
276 1542 430 1607 ordinibus
451 1543 626 1604 ministrasti
649 1543 690 1629 d)
708 1548 738 1604 et
764 1541 828 1605 sine
851 1543 984 1604 remedio
1007 1543 1243 1624 dispensacionis

66 1651 95 1712 ad
108 1652 229 1715 maiores
248 1652 369 1715 ordines
387 1651 582 1723 adscendisti,
599 1671 689 1733 super
701 1670 760 1734 quo
774 1672 791 1714 a
804 1650 877 1714 sede
896 1652 1060 1732 apostolica
1075 1652 1244 1734 dispensari

67 1765 148 1824 lecum
174 1762 412 1825 misericorditer
436 1761 603 1844 postulasti.
637 1761 680 1824 Ea
708 1767 832 1843 propter
859 1762 1032 1825 devocionis
1061 1767 1111 1824 tue
1140 1767 1170 1825 et
1196 1762 1245 1843 pie

66 1869 205 1949 peticionis
227 1870 359 1952 puritate
375 1875 516 1953 pensata,
542 1847 750 1932 ecclesiastice
767 1869 937 1933 severitatis
956 1870 992 1956 e)
1008 1869 1140 1951 rigorem
1165 1871 1246 1932 cirea

66 1982 88 2038 te
101 1979 259 2060 apostolica
268 1978 463 2042 miseratione
477 1985 687 2062 temperamus,
701 1999 791 2062 super
803 1979 1022 2060 irregularitate
1036 1965 1247 2042 sic'contracta

66 2087 147 2149 tecum
161 2086 400 2150 misericorditer
417 2087 625 2169 dispensantes
642 2085 692 2174 f),
708 2086 750 2150 ita
765 2091 799 2150 ut
814 2108 870 2150 nec
883 2088 914 2150 in
927 2088 1074 2169 susceptis
1094 2087 1247 2150 ordinibus

64 2212 109 2254 nec
127 2193 157 2258 in
176 2194 378 2276 suscipiendis
395 2197 517 2276 propter
532 2194 573 2281 a]
588 2195 755 2276 predictam
772 2196 985 2276 negligentiam
1002 2195 1113 2258 sentire
1136 2195 1247 2258 debeas

28 2327 30 2400 ᾖ
63 2303 166 2388 aliquod
182 2306 397 2370 detrimentum
412 2307 518 2370 harum
534 2308 705 2371 testimonio
721 2308 883 2371 literarum.

349 2510 543 2594 dispensacio
560 2529 652 2592 super
668 2509 786 2574 delectu
803 2510 955 2575 catellum.

28 2649 29 2654 '
108 2667 309 2762 ‚Gregorius
349 2691 395 2752 ep.
437 2691 461 2732 s.
492 2691 515 2732 s.
558 2669 613 2732 ner
654 2671 763 2734 arrecto
803 2670 862 2734 nuo
890 2671 941 2734 tau
970 2676 1027 2733 ete.
1074 2673 1107 2735 si
1140 2672 1249 2753 rigoris

28 2811 30 2818 ·
64 2767 215 2839 austeritas
229 2778 413 2849 attendatur,
427 2777 452 2840 si
466 2779 666 2860 prospiciatur
679 2779 751 2841 iuris
765 2779 922 2849 severitas,
939 2778 1068 2842 difficilis
1082 2780 1139 2842 erit
1151 2780 1250 2844 aditus
1260 2789 1303 2830 ⁸⁰¹·
1314 2789 1337 2826 ¹⁵
1348 2788 1368 2826 l·

68 2887 92 2944 et
109 2891 234 2966 angusta
257 2885 466 2973 misericordie
484 2888 591 2950 semita
607 2887 655 2948 viu
670 2886 792 2968 patebit.
827 2884 938 2950 Omnes
956 2887 1034 2949 enim
1050 2894 1253 2971 peccauerunt

28 2985 30 3078 f
67 3001 201 3078 etegent
229 2998 330 3081 gratia
356 2999 429 3076 Dei,
453 2999 611 3082 justificati
626 3019 680 3082 per
697 2999 823 3080 gratiam
846 2998 1012 3061 salvatoris.
1042 2999 1110 3080 lpse
1132 2998 1252 3081 quidem

66 3097 145 3167 iustus
174 3112 205 3169 et
232 3106 407 3170 misericors
431 3113 478 3171 est
500 3113 531 3170 et
553 3107 704 3170 desectum
726 3106 835 3178 meriti,
854 3125 941 3188 quem
957 3106 1042 3188 punit
1063 3099 1182 3170 iusticia
1203 3110 1250 3171 vel

70 3213 266 3296 condempnat,
286 3215 445 3295 emplastro
462 3215 670 3278 misericordie
688 3219 783 3285 sanat,
800 3219 948 3296 temperat
961 3221 992 3278 et
1003 3216 1155 3278 reformat.
1175 3217 1255 3280 Sane

69 3336 120 3382 cnm
135 3323 213 3386 inter
231 3344 288 3386 nos
306 3322 343 3386 ob
361 3323 497 3386 delectus
515 3324 613 3386 varios
632 3329 662 3387 et
679 3343 766 3386 casus
779 3323 957 3404 multiplices
971 3323 1077 3406 quibus
1094 3325 1257 3388 alienamur

67 3429 246 3503 aDomino,
281 3431 375 3513 culpis
418 3431 529 3523 nostris
558 3414 767 3513 exigentibus,
812 3451 1021 3514 nonnunquam
1058 3433 1088 3495 in
1127 3433 1257 3496 ecclesia

66 3535 195 3602 militante
219 3561 277 3622 pro
294 3546 411 3622 patrum
439 3539 556 3602 delictis
585 3540 745 3621 puniantur
772 3538 824 3602 tilii
857 3545 887 3602 et
916 3546 1040 3621 paterne
1069 3542 1256 3604 condicionis

66 3645 183 3710 sentiant
200 3646 400 3720 detrimenta,
418 3648 487 3710 dum
503 3647 738 3730 presbiterorum
755 3648 806 3710 lilii
820 3669 836 3710 a
849 3647 922 3711 iuris
938 3649 1103 3732 utriusque,
1116 3651 1258 3729 uidelicet

68 3751 145 3816 divini
174 3761 204 3818 et
232 3757 374 3828 humani,
401 3756 519 3838 legibus
551 3756 639 3819 alieni
671 3755 709 3819 ab
741 3756 858 3828 actibus
889 3757 1042 3839 legittimis
1067 3766 1259 3823 amoveantur

67 3866 92 3924 ct
130 3863 277 3947 precipue
323 3885 342 3927 a
380 3865 572 3949 susceptione
613 3887 767 3930 sacrorum
813 3867 948 3929 ordinum
996 3886 1050 3947 per
1076 3865 1116 3954 d]
1154 3866 1280 3930 sacros‘

70 3988 189 4033 canones
212 3972 411 4055 repellantur:
437 3972 546 4038 dilecte
563 3975 593 4037 in
610 3976 730 4044 Christo
747 3975 786 4037 tili
809 3975 863 4038 tibi
886 3974 1036 4038 subueniri
1058 3996 1114 4057 per
1136 3975 1259 4059 dispen-

71 4079 191 4143 sacionis
211 4081 346 4162 graciam
362 4083 527 4164 postulasti.
546 4083 608 4148 Nos
621 4085 747 4166 proinde
760 4085 809 4166 pia
823 4085 1070 4147 consideracione
1086 4091 1258 4164 pensantes,

71 4188 243 4266 quodlicet
272 4190 409 4253 condicio
438 4191 589 4254 bominum
611 4193 694 4255 varia
723 4193 777 4264 sit,
806 4193 912 4256 eadem
939 4198 1039 4255 tamen
1062 4193 1191 4257 omnium
1214 4198 1261 4255 est

73 4300 180 4368 natura,
194 4297 422 4362 considerantes
436 4299 525 4362 etiam
534 4300 753 4372 nichilominus,
763 4302 841 4384 quod
850 4321 917 4363 cum
924 4301 1005 4365 racio
1014 4301 1143 4365 omnium
1151 4302 1261 4366 debeat

152 4423 185 4492 a)
206 4440 257 4476 nec
274 4423 304 4476 V.
324 4441 374 4477 nec
393 4425 471 4479 ctiam
490 4425 517 4478 Z.
538 4458 570 4466 —
591 4425 622 4495 b)
642 4427 713 4498 quod
735 4427 794 4480 olim
813 4427 882 4480 fehlt
901 4427 930 4481 V.
949 4457 982 4466 —
1001 4427 1033 4496 c)
1053 4429 1164 4482 lenltate
1182 4428 1211 4482 v.
1227 4457 1260 4466 -

71 4507 108 4664 a)
127 4511 267 4565 ministrari
280 4513 309 4566 V.
325 4541 358 4552 -
372 4515 403 4582 c)
419 4516 556 4571 servitutis
571 4517 598 4570 Z.
612 4550 642 4560 -
656 4515 687 4587 f)
700 4519 844 4588 pensantes
857 4517 886 4571 V.
898 4518 970 4589 -p)
985 4521 1096 4588 propter
1110 4517 1176 4571 feblt
1190 4517 1261 4571 V.-

113 4615 161 4667 pro
174 4602 205 4656 V.

132 4701 225 4746 nonies.
240 4703 306 4749 arico.
321 4706 346 4749 n.
360 4706 399 4750 aa.
411 4706 477 4749 xxv.
1029 4697 1047 4748 l
