3116 5124
745 495 847 556 llornm
863 493 1076 576 lnqulsltlonls.

409 654 575 737 Gregorius
593 675 638 736 ep.
658 673 762 716 servus
792 674 945 716 servorum
972 653 1030 716 Dei
1059 653 1169 716 dilecto
1197 652 1227 714 in
1250 647 1413 717 chn'filio
1443 649 1516 714 talis

317 762 447 824 ecclesie
470 764 613 846 episcopo
630 762 668 848 a)
686 767 744 825 etc.
776 763 926 843 Egressus
949 783 965 824 a
987 762 1065 824 facie
1082 761 1200 824 Domini
1223 763 1328 826 sathan
1344 762 1400 825 'ad'
1420 761 1518 824 sortia

317 892 434 934 manum
461 873 552 935 mittit
578 869 797 934 maledictionis
825 889 889 942 sue,
918 871 1081 953 participes
1101 868 1234 934 efficiens
1261 873 1396 953 prelatos
1419 869 1517 934 hodie

316 980 458 1052 ecclesie,
474 981 505 1042 in
528 999 652 1062 quorum
667 967 836 1061 perditione
854 979 933 1041 salus
950 979 1107 1041 multorum
1124 977 1268 1060 perditur,
1291 998 1366 1062 qaros
1392 979 1517 1042 salvare

317 1090 483 1153 debuerant
497 1089 588 1152 verbo
605 1088 717 1170 pariter
734 1094 763 1151 et
780 1089 924 1169 exemplo,
941 1087 1029 1150 immo
1046 1086 1215 1169 procaciter
1230 1087 1315 1150 viciis
1332 1087 1517 1150 inherentes

312 1198 350 1260 ad
378 1218 432 1261 sua
459 1197 597 1261 conversi
626 1196 776 1260 desideria
792 1195 996 1259 thesaurizant
1023 1195 1150 1259 subditis
1179 1194 1240 1259 suis
1269 1195 1357 1267 mala,
1389 1201 1423 1258 et
1457 1216 1515 1277 per

315 1287 532 1370 delectationes
569 1305 752 1387 voluptatum
791 1303 974 1367 lubricarum
1011 1305 1049 1366 ad
1086 1323 1210 1384 gressus
1246 1303 1449 1384 retrogrados
1476 1303 1516 1387 b)

314 1420 540 1480 convertuntur.
575 1413 636 1477 Sed
659 1412 798 1495 quoniam
825 1418 959 1475 nostrum
976 1413 1014 1499 ο)
1032 1412 1158 1475 interest
1174 1418 1309 1475 errantes
1338 1413 1516 1494 corrigere,

313 1524 364 1608 qui
380 1545 416 1586 ex
433 1523 533 1587 debito
550 1521 641 1585 officii
664 1520 822 1604 pastoralis
852 1542 923 1584 oves
951 1522 988 1584 ad
1012 1521 1126 1584 caulam
1143 1522 1183 1604 d)
1202 1528 1336 1584 tenemur
1358 1519 1516 1583 reducere

314 1632 619 1704 deviantes,volumus
634 1630 816 1712 corruptioni
828 1630 961 1712 proxima
974 1629 1330 1710 membra⁶)absoidere,
1348 1649 1387 1690 ne
1407 1650 1516 1692 eorum

310 1741 437 1824 putredo
454 1739 656 1823 corruptibilis
673 1739 803 1802 nondum
819 1745 975 1820 corruptos
992 1737 1114 1810 inliciat,
1128 1744 1158 1802 et
1169 1737 1327 1802 inliciendo
1346 1737 1514 1801 interliciat

311 1850 431 1924 animas,
462 1848 673 1911 innocentium.
712 1847 785 1910 Cum
821 1846 913 1927 igitur
950 1847 1049 1928 gravis
1083 1853 1113 1910 et
1145 1847 1285 1918 enormis,
1319 1846 1512 1928 precedente

312 1959 443 2021 clamosa
464 1957 673 2029 insinuatione,
690 1977 780 2038 super
797 1955 1008 2037 dilapidatione
1026 1962 1056 2019 et
1071 1956 1284 2019 incontinentia
1301 1955 1369 2018 talis
1387 1955 1512 2018 abbatis

309 2072 359 2129 tue
387 2067 526 2148 dyocesis
543 2067 581 2128 ad
598 2085 652 2128 nos
676 2063 783 2127 crebro
813 2063 998 2146 querimonia
1027 2062 1215 2136 devolvatur,
1245 2065 1285 2126 ita
1314 2064 1396 2146 quod
1427 2065 1514 2126 salsa

310 2175 495 2238 conscientia
510 2175 607 2257 ipsam
630 2174 720 2237 surda
741 2194 812 2236 aure
834 2173 964 2237 transire
986 2193 1046 2236 non
1061 2193 1231 2255 possumus,
1255 2172 1439 2236 fraternitati
1459 2179 1512 2236 tue

310 2304 366 2367 per
393 2285 557 2367 apostolica
585 2283 696 2366 scripta
724 2283 897 2346 mandamus
926 2289 955 2346 et
983 2284 1118 2347 districte
1133 2283 1327 2364 precipimus,
1357 2289 1512 2363 quatenus

309 2391 469 2474 assumptis
497 2391 555 2453 hiis
585 2410 659 2473 quos
687 2390 798 2453 rideris
827 2391 1039 2462 assumendos,
1068 2411 1120 2453 eos
1143 2389 1298 2460 videlicet,
1322 2409 1399 2472 quos
1424 2389 1509 2451 zelus

310 2499 440 2563 comedit
457 2499 560 2562 domus
576 2498 645 2571 Dei,
662 2499 700 2561 ad
715 2499 813 2561 locum
829 2498 1028 2580 personaliter
1043 2498 1172 2561 accedas
1190 2505 1220 2562 et
1235 2518 1290 2579 per
1307 2497 1459 2578 scriptum
1473 2496 1509 2580 s)

308 2607 381 2670 iuris
409 2607 544 2671 ordinem
570 2607 601 2669 in
628 2606 716 2668 modo
740 2606 841 2669 debito
864 2606 997 2690 inquiras
1026 2606 1063 2670 de
1089 2606 1245 2688 premissis
1273 2605 1509 2687 diligentissime

307 2696 474 2788 veritatem,
492 2716 644 2779 advocatis
673 2716 703 2779 in
730 2715 948 2787 testimonium,
978 2736 1053 2798 quos
1075 2715 1148 2778 iuris
1172 2716 1328 2779 consuevit
1351 2715 1505 2779 severitas

310 2845 446 2888 evocare.
479 2825 517 2887 Et
534 2824 559 2886 si
575 2824 727 2887 inveneris
745 2823 856 2887 dictum
872 2825 1011 2887 abbatem
1028 2823 1239 2905 dilapidatione
1256 2823 1439 2905 culpabilem
1457 2832 1508 2888 aut
1550 2809 1551 2812 Ἴ

310 2958 345 2998 ex
361 2936 528 2998 assertione
545 2937 667 2998 testium
679 2940 730 2997 aut
743 2956 777 2996 ex
797 2935 987 2999 consessione
1004 2935 1034 2996 in
1050 2935 1115 2998 iure
1132 2935 1222 3005 sacta,
1238 2939 1310 2996 tunc
1326 2934 1365 2996 ab
1383 2955 1420 2997 eo
1438 2935 1508 3000 loco
1539 2969 1544 2976 ·

309 3065 396 3127 quem
411 3043 564 3124 possidet,
587 3064 655 3107 cum
676 3043 716 3106 sit
737 3042 828 3106 arbor
849 3043 1036 3106 infructuosa
1058 3043 1189 3105 existens
1207 3043 1290 3105 oneri
1307 3063 1367 3104 non
1384 3043 1508 3118 honori,

309 3176 363 3237 per
391 3152 588 3234 depositionis
616 3152 795 3222 sententiam
829 3152 974 3216 destituas
1003 3158 1033 3215 et
1060 3151 1188 3214 ecclesie
1216 3151 1310 3233 ipsius
1339 3152 1439 3216 facias
1470 3154 1506 3216 de

309 3281 438 3346 persona
469 3262 583 3343 ydonea
615 3282 669 3344 per
700 3263 878 3346 electionem
916 3261 1091 3324 canonicam
1127 3260 1286 3342 provideri.
1326 3261 1507 3326 Huiusmodi

309 3379 408 3434 autem
436 3371 658 3455 inquisitionem
686 3371 773 3436 infra¹
790 3390 922 3440 mensem
949 3375 1019 3452 post
1046 3369 1249 3450 receptionem
1264 3369 1455 3450 presentium
1479 3376 1508 3434 et

308 3479 419 3543 initiari
458 3485 487 3542 et
524 3477 603 3542 int'ra
642 3479 716 3544 duos
755 3479 974 3562 subsequentes
1012 3499 1137 3546 menses¹
1170 3476 1328 3541 continuos
1367 3480 1506 3544 uolumus
1541 3513 1546 3521 ·

308 3589 471 3654 observari.

712 3793 866 3858 rrectius
883 3794 920 3857 de
937 3788 1083 3860 lormotls.

802 3919 927 3965 Distinctio
939 3919 997 3966 XVl.

397 4059 535 4122 Formate
552 4056 639 4118 litere
656 4056 871 4120 testimoniales
889 4062 967 4127 sunt,
984 4061 1017 4119 ut
1033 4061 1188 4127 vocantur,
1201 4060 1232 4118 et
1246 4053 1278 4116 in
1295 4073 1370 4117 casu
1387 4061 1503 4120 tantum

307 4168 396 4229 unico
412 4166 510 4230 locum
531 4165 660 4238 babent,
682 4171 714 4228 ut
736 4165 854 4248 quando
877 4165 978 4228 clerici
1001 4165 1125 4228 aliarum
1139 4164 1362 4246 provinciarum
1377 4167 1420 4253 o)
1437 4167 1501 4260 einp

398 4348 431 4413 o)
447 4347 495 4400 sal.
510 4349 538 4400 et
551 4363 594 4417 ap.
607 4346 667 4399 ben.
680 4348 707 4400 Z.
724 4378 753 4386 —
770 4347 801 4417 b)
822 4345 997 4415 retrogradus
1014 4344 1043 4398 ll.
1062 4376 1089 4385 —
1107 4347 1139 4415 c)
1158 4350 1247 4398 nostra
1265 4344 1293 4396 Z.
1312 4375 1339 4384 -
1357 4348 1394 4416 d)
1410 4347 1500 4401 caulae

308 4437 335 4490 Z.
347 4467 373 4478 -
385 4435 415 4505 c)
429 4437 573 4492 menbrall.
584 4437 650 4508 -f)
660 4435 908 4492 strictumzulesen.
917 4467 948 4476 -
956 4433 1499 4508 9)siredpoeesanianoasuisepiseopis.
