3108 5118
1159 334 1238 407 31⁷

54 503 185 568 malorum
203 503 394 568 consciencia
412 510 442 569 et
458 509 555 570 terror
570 510 711 587 angustat
729 513 760 570 et
776 509 873 569 terret
889 507 1050 589 angustia?
1071 507 1159 573 Unde
1181 506 1239 572 hoe

60 612 123 685 tibi,
144 617 176 676 ut
201 612 233 674 in
260 613 373 676 teneris
390 613 549 678 admodum
566 616 651 678 annis
667 615 769 679 mundi
786 614 879 680 robur
894 616 1072 698 refugeres,
1098 615 1236 682 abhomi-

54 721 161 786 nareris
184 721 309 784 delicias
325 726 356 785 et
371 721 540 787 declinares
555 723 731 806 amplexus?
754 723 780 787 0
797 723 877 797 felix,
895 743 982 809 quem
1004 724 1114 790 misera
1135 724 1239 790 mundi

59 830 234 914 prosperitas
256 850 316 894 non
339 831 472 896 seducit!
497 831 524 895 0
547 833 634 905 felix,
662 852 751 916 quem
772 832 913 915 perplexa
936 835 1142 917 temporalium
1157 836 1241 900 recia

60 959 110 1002 oon
135 939 304 1004 involvunt!
335 938 414 1021 Quin
441 940 532 1004 immo
559 947 592 1006 tu
619 940 723 1004 liberis
752 946 784 1004 et
812 939 904 1004 siccis
926 942 1034 1024 pennis
1056 941 1094 1006 ab
1116 943 1243 1008 humore

56 1047 209 1110 carnalium
233 1048 448 1112 desideriorum
466 1049 507 1134 a)
523 1049 631 1112 volasti
652 1049 683 1112 in
700 1048 902 1123 solitudinem,
920 1069 979 1134 qua
994 1048 1137 1134 quiescis.
1160 1050 1242 1114 Ecce
1274 1113 1277 1120 .

54 1176 125 1222 nunc
140 1158 230 1222 sedes
253 1159 291 1222 ad
312 1159 406 1241 pedes
422 1159 542 1224 Domini
565 1178 634 1223 cum
649 1159 762 1232 Maria,
785 1179 859 1224 ecce
877 1180 955 1225 nunc
972 1161 1004 1224 in
1018 1159 1159 1226 Racbelis
1175 1160 1244 1244 pul-

60 1267 219 1332 chritudine
243 1268 421 1344 delectaris,
449 1289 522 1334 ecce
548 1269 609 1334 iam
635 1269 782 1352 degustas
804 1269 930 1336 delicias
953 1270 1046 1335 multe
1062 1270 1244 1343 dulcedinis,

60 1397 126 1462 quas
140 1377 223 1443 Deus
240 1398 274 1442 se
288 1377 462 1452 timenbbus
478 1379 658 1462 preparavit.
690 1379 803 1444 Verum
821 1383 939 1452 amen,
957 1398 1068 1464 queso,
1092 1385 1244 1446 memento

58 1487 125 1560 mei,
152 1488 233 1572 quod
255 1488 458 1554 intumescunt
479 1490 639 1554 adversum
660 1510 708 1555 me
731 1490 826 1568 seculi
850 1489 937 1554 huius
961 1490 1070 1555 ductus
1087 1494 1118 1554 et
1133 1490 1178 1554 sic
1194 1510 1242 1554 me

57 1594 145 1659 valida
171 1595 368 1679 negociorum
389 1601 553 1679 tempestas
581 1597 722 1671 involvit,
750 1597 832 1681 quod
854 1597 885 1661 in
908 1597 966 1661 hoc
987 1598 1063 1661 mari
1084 1617 1193 1681 magno
1211 1602 1243 1661 et

58 1704 187 1785 spacioso
221 1704 375 1789 dimergor
403 1706 524 1789 penitus
556 1711 587 1772 et
624 1704 821 1789 submergor,
859 1706 917 1770 nisi
949 1707 1090 1770 virtutem
1122 1705 1245 1772 dextera

55 1813 163 1876 Domini
195 1814 353 1902 faciat1),
386 1820 550 1899 quatenus,
582 1816 608 1878 si
639 1835 699 1878 non
728 1815 811 1878 sicco
839 1815 987 1898 vestigio,
1026 1815 1125 1878 saltim
1158 1815 1245 1898 quasi

56 1925 228 2007 naufragum
250 1929 321 2007 post
341 1923 470 2007 impetus
493 1929 723 2007 tempestatum,
750 1929 821 2007 post
843 1923 968 2006 spiritus
990 1923 1190 2006 procellarum
1206 1923 1245 1987 ad

54 2037 160 2112 portum
179 2033 285 2096 salutis
302 2037 333 2096 et
349 2032 443 2114 glorie
460 2032 517 2096 sub
533 2031 741 2096 misericordie
766 2052 820 2096 sue
835 2031 1016 2115 patrocino,
1039 2031 1240 2096 mediantibus

53 2140 105 2204 tuis
121 2140 284 2223 suffragiis,
301 2160 348 2203 me
364 2140 522 2222 perducat.
555 2141 635 2204 Iusta
653 2158 725 2222 ergo
742 2139 839 2202 amice
854 2138 928 2210 Dei,
951 2143 984 2202 ut
1000 2159 1055 2221 per
1071 2139 1245 2203 oracionum

54 2254 162 2312 tuarum
180 2249 334 2314 canticum
352 2247 440 2312 ambo
462 2249 577 2331 pariter
599 2249 825 2313 introducamur
846 2248 877 2311 in
899 2246 1069 2311 cubiculum
1092 2247 1188 2328 glorie
1215 2251 1246 2310 et

53 2360 148 2439 gracie
163 2361 234 2432 Dei,
256 2378 345 2442 quern
362 2359 546 2442 concupivit,
563 2379 651 2443 quem
669 2358 762 2441 elegit
778 2357 876 2423 anima
891 2364 944 2423 tua
960 2363 991 2422 et
1007 2377 1107 2442 quem.
1130 2357 1245 2422 relictis

55 2469 201 2539 omnibus,
231 2473 409 2534 essecutus
433 2468 470 2533 de
492 2468 683 2533 retributoris
706 2467 937 2551 magnificencia
971 2472 1001 2530 et
1033 2466 1246 2530 retribucionis

57 2577 255 2659 magnitudine
278 2577 448 2659 centuplum
470 2583 651 2660 accepturus
674 2582 705 2641 et
727 2577 818 2641 vitam
841 2582 975 2640 eternam
999 2575 1096 2639 denuo
1120 2595 1246 2658 posses-

55 2705 143 2750 surus.

625 2890 686 2960 18.

315 3073 419 3136 llrater
434 3070 521 3134 tratri
538 3089 628 3151 snper
644 3070 722 3133 mala
738 3068 981 3133 conversacione.

57 3235 164 3288 Jemcnd
181 3231 283 3287 drdcltt
300 3230 397 3285 eeinem
415 3249 447 3284 zu
464 3228 556 3284 rainer
573 3228 738 3299 Auadildanp
751 3226 779 3282 ie
792 3228 841 3281 der
853 3226 966 3282 dbemde
984 3225 1129 3282 occidendae
1142 3225 1251 3279 Bruder

57 3325 140 3380 omnen
152 3325 280 3380 Solamen
293 3341 343 3377 cus
355 3323 420 3376 ather
433 3321 529 3376 descen
540 3317 691 3374 ocbleobten
703 3317 911 3373 Ledencwandel
922 3319 979 3372 arad
991 3315 1112 3372 amabat
1123 3315 1178 3378 ibn,
1191 3314 1250 3370 crib

569 3429 602 3465 au
614 3411 731 3466 decrero.

143 3565 177 3628 Si
195 3563 331 3625 fraterne
348 3557 515 3623 dulcedinis
531 3561 616 3620 recte
640 3560 780 3639 gustares
804 3554 909 3637 sapida
933 3555 1134 3624 condimenta,
1152 3553 1178 3614 si
1195 3552 1247 3614 alti

59 3676 136 3757 origo
152 3670 312 3754 sanguinis
329 3669 372 3732 tui
388 3673 528 3750 tangeret
543 3672 659 3749 petram
676 3664 790 3737 cordis,
814 3663 840 3728 si
856 3668 1014 3746 parentum
1034 3668 1065 3727 et
1087 3661 1249 3725 amicorum

58 3783 159 3848 votivis
179 3778 341 3845 affectibus
358 3798 446 3841 aures
458 3776 575 3858 patulas
592 3773 753 3838 inclinares
771 3778 801 3837 et
818 3772 952 3837 attonitis
969 3772 1064 3836 oculis
1080 3772 1249 3854 sapientum

59 3892 172 3976 legeres
209 3890 408 3960 documenta,
441 3907 501 3949 uon
528 3885 639 3948 inritus
668 3883 821 3947 vocareris
849 3883 879 3945 in
906 3882 1051 3965 patriam,
1079 3901 1140 3944 non
1167 3900 1250 3943 more

61 4001 213 4085 dispendio
230 3998 402 4068 luctarer-is,
418 4016 478 4059 non
490 3995 579 4059 vitam
593 4000 675 4059 tuam
687 3993 865 4076 procellosis
880 3991 1083 4056 committeres
1096 3988 1249 4060 fluctibus,

60 4131 113 4174 non
127 4117 199 4194 post
215 4115 335 4191 tergum
352 4106 490 4170 deiceres
508 4104 607 4189 aliquo
624 4102 729 4167 federe
745 4101 940 4185 parentelam.
971 4099 1139 4164 Credebam
1156 4097 1250 4181 siqui-

147 4294 182 4360 ιι)
197 4289 361 4348 desiderium
374 4288 403 4341 V.

61 4465 381 4477 -fflm

86 4583 108 4644 ¹)
125 4585 198 4630 Psalru
213 4584 268 4638 117,
283 4582 319 4628 ld.
