3116 5124
1137 311 1211 382 109

50 489 254 571 contempnetis,
270 507 331 550 non
346 493 461 574 vosmet
476 475 558 567 ipsos
576 486 755 550 seducentes
772 485 931 558 karissimi,
949 484 1003 547 sed
1015 485 1216 555 discretionis,

20 605 21 608 ’
50 620 122 682 quam
136 597 248 660 habetis
265 597 430 667 aDumino,
447 595 575 676 gratiam
591 594 753 667 imitantes,
770 595 907 657 sollerter
924 595 1034 658 curetis
1051 594 1217 666 attendere,

49 707 103 789 quia
117 725 180 767 cum
195 703 300 787 aliquis
319 724 335 766 a
352 704 483 766 vivorum
505 703 623 784 legione
646 709 840 784 segregatur,
869 701 971 765 divitie
992 702 1118 773 mundo,
1146 721 1216 764 caro

49 813 176 876 vermibus
199 819 229 875 et
256 813 353 875 anima
375 813 457 883 Deo,
485 811 511 872 si
528 810 729 891 suffragantur
745 810 868 882 merita,
895 811 941 873 vel
970 811 1056 874 datur
1083 809 1217 880 sathane,

20 945 21 952 ¹
49 921 69 983 si
94 920 205 982 obstant
236 919 359 982 crimina
392 925 422 982 et
452 924 588 1001 peccata.
623 917 694 998 Quis
726 917 805 980 enim
836 917 873 979 de
900 938 1023 980 numero
1053 918 1219 999 sapientum

20 1015 22 1036 ;
50 1029 140 1110 privari
155 1028 251 1110 aliquo
265 1027 388 1090 menbro
411 1045 466 1109 pro
483 1026 630 1106 peccunia
641 1028 816 1107 pateretur?
833 1024 905 1105 Quis
921 1045 975 1107 pro
993 1025 1082 1088 leodo
1099 1025 1218 1088 modico

52 1135 190 1200 obtinendo
214 1135 253 1197 ad
275 1141 409 1216 tempus,
436 1133 614 1196 hereditatis
632 1137 777 1215 perpetue
798 1131 965 1195 selenciam
982 1133 1220 1215 inexplicabilem

20 1223 22 1298 i
51 1247 281 1309 commutaretur?
310 1242 382 1324 Quis
399 1243 567 1314 hominum,
596 1242 621 1303 si
638 1241 762 1306 rationis
781 1241 910 1306 dominio
928 1263 986 1305 non
1003 1247 1136 1315 careret,
1163 1261 1218 1323 pro

20 1411 21 1418 ,
50 1352 150 1414 denario
161 1353 268 1424 Deum,
280 1372 335 1437 pro
348 1357 429 1415 terra
446 1352 552 1422 celum,
568 1370 622 1432 pro
639 1357 734 1414 morte
751 1350 840 1413 vitam
857 1356 888 1412 et
902 1351 999 1413 lucem
1014 1371 1068 1432 pro
1085 1349 1304 1422 tenebrisp,1‚2;
1314 1381 1335 1420 1,

50 1459 250 1541 abnegaretur?
271 1459 358 1523 Absit
379 1460 438 1523 hoc
454 1458 706 1542 eprofessoribus
727 1458 798 1521 fidei
821 1459 1007 1530 Christiane,
1025 1479 1150 1542 quorum
1172 1465 1219 1521 est

20 1557 22 1632 ζ
50 1568 96 1631 vita
110 1568 259 1640 Christus,
289 1569 385 1630 celum
401 1567 497 1650 patria
514 1572 544 1630 et
565 1567 717 1629 hereditas
734 1547 863 1630 felicitas
888 1567 1077 1650 sempiterna.
1110 1568 1217 1632 Nonne

20 1671 21 1676 ’
50 1695 107 1738 vana
121 1682 185 1740 sunt
200 1677 262 1740 vite
279 1676 408 1740 labentis
431 1676 613 1748 umbracula,
632 1696 719 1759 quam
735 1676 871 1739 laborum
887 1676 1045 1739 comitatur
1067 1676 1217 1740 instancia

20 1847 21 1850 ,
55 1787 84 1854 et,
93 1783 186 1865 provio
198 1783 372 1847 morborum
388 1783 557 1866 dispendio,
574 1783 678 1847 mortis
692 1803 791 1846 amare
809 1783 982 1847 discrimina
998 1784 1218 1848 subsecuntur?

20 1943 21 1950 ,
55 1891 161 1973 (ligitur
175 1913 225 1954 res
242 1892 397 1964 miranda,
420 1893 500 1975 quod
517 1893 616 1955 carnis
634 1893 761 1974 dampna
777 1892 907 1974 fugimus
925 1899 956 1957 et
971 1894 1068 1956 anime
1084 1894 1219 1976 pericula

24 2075 29 2090 Ι
57 2021 96 2061 non
107 2001 240 2074 vitamus,
258 2005 290 2064 et
306 2002 449 2064 servantis
472 2001 571 2064 balnei
594 2000 725 2066 calorem
746 2001 904 2064 metuimus
928 2008 958 2066 et
973 2001 1081 2065 inferni
1104 2003 1218 2066 urentis
1284 2068 1286 2074 ,

20 2183 21 2186 ¹
57 2107 171 2172 incendia
200 2132 261 2174 non
278 2102 438 2174 timemus.
475 2111 608 2193 Exurgat
635 2111 727 2192 igitur
753 2111 930 2174 universitas
961 2118 1061 2175 vestra
1095 2117 1125 2175 et
1153 2132 1220 2174 cum

52 2205 173 2280 subiectis
189 2219 277 2280 vobis
299 2218 437 2300 plebibus
454 2225 614 2302 properate
635 2219 673 2281 ad
696 2219 895 2282 confessionis
911 2218 1080 2292 lavacrum,
1107 2220 1224 2303 lepram

53 2325 186 2388 criminum
199 2332 230 2390 et
241 2332 437 2409 peccatorum
452 2327 584 2390 maculas
602 2326 814 2408 abstergendo.
825 2326 1012 2408 Quapropter
1027 2327 1112 2392 vobis
1128 2328 1224 2392 virum

52 2434 205 2499 industrium
235 2438 269 2500 C.
303 2438 371 2502 talis
400 2439 529 2510 ordinis,
567 2458 621 2521 pro
652 2438 874 2502 instauracione
903 2436 1071 2501 huiusmodi
1105 2439 1224 2521 negocii

56 2545 237 2626 multipliciter
266 2551 458 2628 oportunum,
489 2545 734 2618 transmittimus,
766 2552 799 2610 ut
825 2546 962 2628 petistis,
994 2567 1082 2630 quem
1108 2547 1161 2610 leti
1176 2531 1179 2536 ¹
1195 2538 1225 2609 et

20 2703 22 2744 Ι
56 2661 230 2727 veneranter,
265 2661 297 2718 ut
326 2656 490 2727 condecet,
522 2655 703 2726 admittatis,
735 2677 796 2718 non
823 2656 918 2718 selum
952 2657 1013 2718 suis
1046 2656 1225 2720 salutaribus

20 2745 22 2846 l
57 2763 156 2827 monitis
182 2765 391 2837 intendentes,
422 2784 527 2827 verum
563 2764 652 2827 etiam
681 2765 725 2826 sic
754 2764 816 2827 suis
848 2764 1023 2847 indigentiis
1052 2765 1226 2828 necessaria
1259 2750 1263 2776 ¹

20 2867 22 2948 j
57 2868 262 2952 impendentes,
292 2877 338 2944 ut,
378 2873 444 2955 ipso
472 2873 593 2936 tandem
621 2873 660 2935 ad
687 2892 742 2938 nos
771 2893 838 2935 oum
856 2873 1049 2937 exultacionis
1077 2873 1225 2955 manipulo

20 2963 22 3068 l
58 2977 193 3052 redeunte,
207 2980 307 3054 vobis,
326 3000 381 3064 per
397 2982 523 3044 eundern
539 2981 571 3044 in
586 2982 804 3046 reformacione
816 2980 885 3044 fidei
901 2971 1050 3045 katholice
1067 2981 1227 3052 roboratis,

20 3075 23 3208 p
59 3089 145 3149 eterne
162 3088 200 3151 sit
220 3088 465 3171 participacionis
482 3089 653 3153 benedictio
671 3094 702 3152 et
722 3107 777 3151 nos
800 3089 957 3152 devocioni
984 3096 1084 3153 vestre
1100 3091 1227 3171 proinde

20 3213 22 3298 Ι
62 3196 264 3262 constituamur
280 3198 317 3260 ad
334 3198 431 3260 omnia
446 3198 636 3282 beneplacita
651 3198 866 3281 prompciores.

133 3358 265 3414 wabreud
284 3359 326 3412 die
344 3361 468 3413 salutatio
482 3377 516 3415 an
529 3361 593 3414 awei
611 3361 686 3430 regui
699 3360 835 3432 principes
848 3359 902 3412 und
916 3361 958 3414 die
972 3361 1131 3414 universitas
1149 3361 1227 3430 regui

20 3447 194 3513 gerichtet
188 3456 236 3512 rst,
261 3450 355 3503 wird'
350 3468 384 3504 rm
397 3449 485 3505 Briefe
507 3452 590 3504 selbst
613 3468 665 3505 nur
686 3450 729 3504 dic
751 3450 909 3504 universitas
931 3452 1084 3520 eugeredet.
1065 3451 1164 3505 thr
1184 3450 1251 3503 die·

20 3531 194 3608 bedeutung
213 3540 301 3593 dieses
315 3537 422 3594 Wortes
436 3541 471 3594 ist
489 3541 531 3594 die
544 3541 717 3610 Verbiudung
736 3541 991 3605 bemerlrenswert,h
1015 3543 1041 3594 in
1062 3542 1177 3595 welcher
1197 3558 1227 3595 es

20 3673 22 3690 L
20 3611 107 3677 brer
116 3629 271 3683 vorkommt:
285 3631 439 3684 universitas
449 3635 537 3685 vestra
545 3635 573 3686 et
587 3649 646 3685 cum
658 3630 791 3700 subjectis
801 3633 873 3684 vobis
881 3631 1012 3702 plebibus,
1022 3632 1092 3684 esist
1108 3631 1164 3685 also
1183 3631 1227 3685 die

65 3717 206 3773 universitas
240 3721 299 3775 cine
330 3720 540 3791 gebietcnde
565 3721 762 3775 Gesammtheit.
794 3720 884 3790 Vergl.
915 3723 982 3776 aucb
1007 3723 1048 3776 Du
1074 3720 1165 3792 Gange
1192 3723 1225 3776 cd

20 3801 173 3888 licuscbel
184 3811 293 3878 „Pott
238 3817 280 3866 tes
281 3815 333 3865 tet
344 3813 513 3884 desuperiori
525 3812 640 3867 dominio
653 3813 724 3867 baud
736 3813 803 3866 male
816 3811 937 3884 intelligi.
949 3812 1014 3866 Gall.
1027 3812 1225 3868 Suzerainete“.

64 3899 271 3970 -Gregorius
264 3920 290 3956 rn
315 3903 363 3958 der
381 3907 429 3958 sal
448 3902 541 3959 wurde
569 3904 616 3958 auf
636 3903 742 3976 Gregor
762 3904 804 3958 lli.
824 3904 938 3959 oder-X
958 3903 1105 3958 scblicssen
1135 3905 1224 3958 lassen

20 3837 22 4056 i
63 3983 120 4041 deun
135 4007 182 4044 nur
199 4011 257 4047 vom
270 3995 343 4048 Eudc
363 3995 410 4049 des
424 3995 467 4048 12.
482 3996 522 4048 bis
541 4013 599 4048 aum
611 3996 715 4065 Anfang
729 3996 776 4050 dcs
793 3995 828 4048 tt
840 3995 1033 4051 Jabrhunderts
1052 3995 1161 4049 reicben
1183 3994 1226 4047 dic

20 4059 263 4138 lbriefeunserer
281 4085 447 4156 Sammlung,
478 4087 602 4142 indessen
620 4081 692 4140 finde
720 4087 762 4138 iclr
790 4086 880 4140 weder
909 4104 959 4139 von
986 4087 1046 4139 dem
1065 4087 1140 4139 einen
1160 4087 1230 4140 uoeh

20 4109 22 4238 l
63 4170 511 4244 voudemaudernPspsteBriefe,
534 4177 592 4242 die,
613 4177 656 4231 bei
670 4177 928 4239 tthnlichemlnbalt,
950 4179 977 4230 in
993 4176 1040 4230 der
1058 4177 1230 4232 Ausdruclrs·

20 4289 22 4340 ἑ
64 4259 230 4334 veiseirgeud
244 4283 303 4320 erne
314 4268 544 4324 Vervandtsehalt
556 4269 603 4324 mrt
615 4269 714 4321 diesem
727 4268 874 4323 Sebrerben
886 4270 987 4323 hatten
1007 4269 1132 4339 Dagegen
1144 4269 1231 4325 findet

20 4381 21 4386 =
63 4347 164 4405 siebder
179 4356 348 4411 wesentliebe
361 4358 439 4413 Tbsil
458 4359 599 4415 desselben
617 4359 741 4413 wdrtlicb
754 4360 780 4412 in
800 4360 872 4413 einer
892 4358 1140 4426 uml'augreicbersn
1160 4359 1229 4411 For·

20 4503 21 4508 ¹
64 4439 105 4490 nel
119 4441 294 4501 siderandum
308 4450 462 4521 Sammlung
474 4449 564 4522 (siche
584 4453 619 4506 im
637 4452 789 4522 Fulgenden
807 4451 863 4505 Fol.
876 4449 912 4502 79
931 4452 978 4505 No.
997 4447 1059 4518 lo),
1073 4451 1115 4504 die
1133 4450 1176 4502 iob
1188 4451 1232 4504 fiir

67 4523 142 4596 insist
153 4535 229 4600 balte,
243 4537 347 4593 wieder.

1098 4605 1112 4635 Ο
