3116 5124
1164 323 1213 393 83

56 509 79 566 ot
100 505 280 567 universalem
308 505 405 587 ipsum
422 504 461 591 a)
483 503 618 566 ordinem
648 523 706 586 quo
735 505 772 568 ad
800 503 847 566 ius
876 501 1021 564 deeimale
1043 497 1217 580 petendum,

53 611 180 676 inmunem
201 614 419 678 essevolumus
436 619 467 676 et
484 618 661 694 exemptum.
694 614 739 676 De
761 617 876 675 maturo
900 612 1026 674 fratrum
1049 611 1219 669 nostrorum

55 721 158 784 consilio
174 728 202 785 et
217 742 377 794 consensu,
400 741 436 784 ac
454 721 681 802 subscripsione
700 721 829 783 unanimi
847 719 1008 782 eorundem
1032 713 1220 779 decernimus

54 829 130 910 igitur
143 836 172 892 et
185 829 333 911 presentis
350 829 529 892 auctoritate
545 829 694 911 privilegii
710 828 898 898 inhibemus,
915 847 952 888 ne
970 825 1037 908 quis
1052 823 1221 906 predictum

54 937 166 1000 ordinem
183 944 284 1002 contra
297 937 375 1000 hanc
389 937 596 1000 concessionis
614 943 716 1000 nostre
732 937 872 1019 paginam
888 937 919 997 in
935 933 1106 998 huiusmodi
1119 931 1222 1013 gracia

18 1127 19 1130 Ἴ
54 1045 124 1108 nodo
136 1045 264 1128 quolibet
277 1046 561 1110 audeatmolestare.
572 1047 607 1110 Si
616 1047 683 1128 quis
695 1065 766 1108 vero
779 1045 889 1108 audeat
901 1043 1083 1107 eontrarium
1096 1046 1224 1120 attemp-

54 1163 103 1218 tare
119 1155 177 1217 sive
193 1156 313 1219 humilis
330 1156 393 1218 sive
409 1157 480 1228 alta,
497 1155 560 1217 sive
583 1175 712 1239 persona
729 1155 937 1219 ecclesiastica
954 1151 1044 1216 luerit
1067 1152 1115 1212 uel
1138 1170 1225 1212 mun-

57 1262 128 1334 dana,
139 1263 378 1344 indignacionem
391 1264 602 1345 omnipotentis
611 1264 668 1327 Dei
681 1262 873 1327 etb'eatorum
880 1261 959 1325 Petri
974 1259 1092 1324 etPeuli
1105 1264 1226 1339 aposto-

54 1370 132 1434 lomm
147 1378 235 1454 utque
252 1376 388 1435 nostram
404 1371 471 1454 ipso
503 1373 584 1435 facto
602 1393 635 1434 se
652 1372 769 1435 noverit
785 1372 958 1434 incurrisse.
976 1370 1043 1432 Dat.
1063 1366 1180 1453 etcb)

18 1609 19 1616 p
88 1536 181 1602 lerna
195 1538 349 1618 privilegli
371 1539 582 1619 imperatorum
605 1537 851 1602 cenomanorum
875 1556 974 1618 regum
990 1529 1184 1617 perpetuis).

126 1677 157 1739 ln
172 1679 294 1741 nomine
311 1687 416 1743 sancte
434 1686 464 1742 et
479 1679 634 1742 individue
649 1678 791 1744 trinitatis
808 1698 904 1741 amen.
937 1680 971 1740 R.
990 1677 1089 1740 divina
1111 1676 1230 1740 favente

58 1786 139 1866 gracia
155 1787 357 1850 Romanorum
374 1787 537 1870 imperator
552 1786 599 1849 vel
615 1808 667 1850 rex
682 1793 714 1851 et
730 1807 849 1869 semper
871 1793 1016 1869 augustus
1040 1783 1177 1848 omnibus
1202 1784 1231 1844 in

58 1901 220 1978 perpetuum.
254 1895 421 1959 Romanum
447 1895 621 1977 imperium,
649 1896 688 1958 ad
711 1895 874 1958 tuicionem
897 1893 968 1958 fidei
991 1901 1022 1958 et
1049 1895 1233 1958 diversarum

60 2005 176 2082 geroium
193 2003 400 2066 moderamina
415 2023 470 2085 per
493 2023 559 2066 eum
588 2004 639 2087 qui
662 2004 786 2067 celestia
802 2004 888 2066 simul
905 2010 936 2067 et
951 2002 1105 2066 terrestria
1129 2001 1234 2064 mode-

57 2117 136 2185 ratur,
167 2111 262 2175 lilium
292 2110 399 2174 summi
426 2111 525 2194 regiS,
554 2112 605 2194 qui
630 2111 763 2176 condidit
791 2128 885 2194 regna
913 2118 943 2175 et
975 2112 1073 2175 firmat
1100 2109 1235 2193 imperia,

18 2239 19 2242 ¹
55 2238 150 2282 summe
163 2218 407 2301 dispensacionis
420 2240 542 2283 munere
556 2220 761 2291 constitutum,
779 2220 971 2284 ordinacione
985 2221 1083 2284 divina
1099 2218 1191 2281 robur
1207 2223 1237 2279 et

18 2347 19 2384 2
53 2331 170 2410 regimen
188 2351 244 2393 sue
263 2328 421 2410 dignitatis
437 2333 567 2412 aceepit,
590 2336 623 2393 ut
639 2328 792 2392 subiectos
811 2329 868 2392 sibi
884 2330 1009 2412 populos
1033 2326 1237 2410 inopulencia

18 2411 20 2430 l
54 2439 124 2518 pacis
136 2439 278 2502 etfavore
291 2437 411 2500 iusticie
424 2439 535 2511 foveat,
547 2437 636 2501 fidem
648 2439 851 2522 provehatd),
864 2438 1018 2522 perfidiam
1029 2445 1239 2522 persequatur,

18 2541 19 2546 ’
53 2547 163 2610 humiles
178 2551 340 2630 protegat,
369 2545 515 2629 superbos
538 2547 691 2618 humiliet,
719 2548 871 2612 fastuosas
894 2549 1105 2631 oppressiones
1127 2527 1241 2610 relevet

18 2659 19 2662 ’
55 2656 227 2721 subditorum
261 2661 294 2718 et
322 2655 453 2737 desuper
479 2660 592 2719 sortem
619 2654 765 2718 iustorum
786 2655 901 2737 virgam
923 2658 1040 2720 auderat
1056 2657 1239 2739 iniquorum,

54 2763 206 2847 Eapropter
222 2761 344 2826 noverit
359 2781 485 2844 presens
502 2768 567 2826 etas
590 2767 621 2826 et
642 2763 743 2826 lutura
759 2765 939 2846 posteritas,
962 2767 1043 2848 quod
1060 2786 1126 2838 nos,
1143 2772 1241 2829 atten-

56 2872 145 2938 dentes
163 2893 257 2958 quam
275 2870 404 2934 fideliter
416 2877 446 2934 et
463 2871 570 2960 devote
588 2871 670 2934 cives
687 2872 884 2945 Winnenses,
902 2874 1003 2939 dilecti
1020 2877 1118 2939 devoti
1136 2875 1241 2946 nostri,

56 2991 173 3047 ausuum
191 2989 223 3046 et
236 2979 358 3062 imperii
375 2979 540 3044 dominium
555 2986 625 3044 sunt
642 2980 811 3062 amplexati,
834 2984 1061 3048 considerantes
1085 2985 1175 3048 etiam
1193 2983 1241 3064 e),

56 3093 169 3174 qualiter
184 3091 282 3154 iidem
299 3089 381 3150 cives
397 3085 456 3150 fide
479 3088 683 3151 sincerissima
706 3109 739 3151 se
763 3090 849 3153 nobis
873 3075 903 3154 et
918 3092 1042 3175 imperio
1066 3093 1244 3177 allegarunt,

57 3202 209 3283 predictam
227 3198 382 3262 civitatem
398 3203 428 3260 et
444 3198 525 3260 cives
543 3195 678 3260 eiusdem
694 3199 724 3261 in
741 3206 876 3264 nostrum
899 3209 929 3266 et
951 3203 1067 3286 imperii
1083 3205 1244 3287 recipimus

18 3317 22 3334 '
57 3317 187 3392 perpetuo
222 3307 393 3377 dicionem,
424 3311 457 3368 ut
489 3307 595 3369 amodo
626 3307 657 3368 in
688 3309 799 3371 nostris
830 3329 936 3392 regum
968 3319 998 3376 et
1033 3313 1245 3394 imperatorum

58 3425 215 3483 nostrorum
245 3421 460 3476 suceessorum
486 3412 624 3476 manibus
653 3422 812 3481 teneantur
839 3425 870 3481 et
901 3421 981 3502 quod
1009 3442 1159 3505 nunquam
1190 3443 1247 3504 per

58 3529 279 3592 concessionem
292 3518 330 3609 f)
347 3521 473 3587 alicuius
490 3522 629 3598 beneficii
648 3524 685 3587 de
702 3532 803 3590 nostra
827 3534 856 3591 et
878 3529 995 3611 imperii
1017 3532 1123 3596 amodo
1145 3540 1329 3595 trans-rou
1342 3555 1360 3580 ··

57 3643 116 3701 eant
146 3638 322 3720 potestate,
357 3630 428 3713 quin
456 3629 562 3712 pocius
597 3633 720 3713 speciali
748 3642 851 3700 nostro
879 3643 909 3700 et
930 3639 1055 3721 imperii
1073 3641 1245 3712 munimine,

58 3745 261 3809 nunilioeneie
286 3745 387 3804 nostre
413 3739 578 3821 privilegiis
606 3740 778 3807 libertatum
805 3752 836 3809 et
862 3745 1007 3811 bonarum
1028 3749 1248 3831 approbacione

142 3891 177 3960 a)
190 3887 281 3958 ipsius
294 3886 324 3939 V.
343 3913 371 3922 -
388 3883 420 3953 b)
430 3882 487 3952 Ego
498 3883 634 3938 lohannes
644 3887 776 3954 presbiter
786 3889 926 3944 cardinalis
940 3892 1002 3944 talis
1012 3893 1089 3960 tytuli
1099 3895 1249 3958 subscribo,

59 3981 212 4052 ligol'etrus
224 3978 367 4048 dyaconus
374 3973 516 4028 cardinalis
526 3975 612 4026 sancti
621 3976 757 4031 Laurentii
768 3981 909 4035 subscribo
923 3988 951 4037 et
965 3984 1004 4036 sio
1018 3985 1051 4038 de
1061 3985 1182 4054 singulis.
1196 3988 1251 4040 Ac·
1300 3969 1302 3974 ι

59 4065 304 4126 tumonnoDomini,
317 4063 773 4130 mense,indictione,ooneurrento‚
787 4077 880 4140 epacta
889 4074 1065 4128 teli—Hunc
1078 4076 1252 4147 modumpos·

59 4167 115 4214 sect
129 4163 229 4214 habere
244 4172 338 4208 omnes
349 4152 486 4224 principes
500 4155 677 4210 ecclesiastici
691 4158 714 4210 in
725 4161 865 4231 perpetuis
879 4163 1037 4234 privilegiis,
1051 4170 1166 4238 excepto
1179 4150 1250 4238 quod

60 4253 251 4306 salutacionem
269 4243 619 4314 ponent‚sive:1nnomine
634 4253 724 4301 sancte
739 4253 791 4304 oto.
806 4254 925 4307 omnibus
939 4254 964 4307 in
979 4261 1251 4326 perpetuum-obser-

62 4343 120 4396 ratis
128 4339 248 4412 propriis
261 4333 527 4408 tytulisdignitotum.
538 4335 566 4386 Z.
582 4368 609 4378 -
623 4335 746 4392 Dieselhe
759 4341 863 4396 Formel
879 4345 956 4399 iehrt
970 4355 1049 4400 unten
1064 4351 1092 4402 V.
1106 4351 1160 4404 rol.
1182 4350 1215 4404 81
1235 4352 1252 4404 d

62 4437 164 4494 wieder,
179 4427 254 4483 doeh
277 4423 344 4476 lehlt
358 4423 425 4477 auch
439 4424 501 4476 dori
515 4424 558 4492 die
570 4425 680 4480 testium
694 4432 870 4502 subscriptio,
890 4434 983 4488 Actum
995 4441 1047 4490 etc.
1066 4467 1093 4478 -
1109 4442 1140 4508 o)
1154 4459 1253 4514 perpe-

62 4535 127 4580 tuum
141 4524 168 4577 V.
185 4551 219 4560 -
235 4517 271 4588 d)
288 4515 434 4585 protelem
448 4513 477 4565 V·
496 4547 530 4557 -
551 4520 582 4590 e)
597 4522 705 4592 iusuper
718 4525 745 4577 Z.
764 4555 791 4565 -
806 4523 839 4594 f)
854 4541 902 4594 pro
917 4528 1090 4582 concessione
1104 4531 1131 4582 Z.

993 4617 1011 4669 6
1024 4620 1037 4647 fl

1314 3931 1351 3979 rii-ll*
1358 3927 1381 3950 μ’·
