3108 5118
299 347 375 419 258

297 521 456 591 videlicet,
490 539 578 601 quem
610 519 705 582 virtus
737 519 845 581 nativis
877 525 979 581 erecta
1009 518 1158 601 potenciis
1190 539 1318 583 unacum
1350 519 1485 602 generosi

297 629 452 710 sanguinis
470 627 648 691 claritudine
664 627 877 691 fortunacioris
893 626 1021 709 auspicii
1037 626 1232 689 beatitudinis
1255 629 1341 710 quasi
1364 629 1484 710 quibus-

296 736 364 799 dam
381 735 567 818 amplexibus
583 734 744 797 individuis
762 734 904 805 counivit,
922 733 1147 797 sublimacionis
1165 737 1266 820 ¹nostri
1289 735 1431 816 auspiciis
1457 742 1485 797 et

295 843 429 925 fastigiis
446 842 620 925 applausivo
638 841 883 922 congratulantes
899 841 1023 913 affectu,
1040 841 1080 904 ad
1096 861 1132 902 ea
1148 861 1203 904 vos
1214 847 1370 923 promptos
1385 843 1486 925 inpen-

297 951 368 1014 ditis
387 959 417 1014 et
439 950 594 1014 benivolos
618 949 783 1021 exhibetis,
812 969 870 1031 que
893 950 1005 1030 tytulos
1026 949 1123 1012 nostri
1144 950 1267 1013 honoris
1291 956 1323 1012 et
1336 951 1485 1031 profectus

295 1058 478 1141 amplificent
508 1059 657 1140 apciores.
703 1055 798 1137 Quam
831 1057 869 1119 ob
897 1075 961 1119 rem
991 1056 1056 1119 vice
1084 1056 1243 1139 reciproca
1269 1058 1425 1139 provocati
1452 1057 1487 1118 ad

299 1166 397 1229 omnia
413 1185 536 1236 revera,
559 1184 617 1247 que
633 1164 771 1226 similiter
785 1163 895 1226 vestris
917 1163 1040 1226 adicere
1061 1169 1203 1244 poterunt
1218 1164 1427 1235 incrementis,
1452 1164 1487 1226 ad

297 1279 417 1344 cuncta,
435 1291 493 1355 que
509 1277 642 1334 vestrum
659 1270 849 1334 demulceant
864 1269 1005 1339 animum,
1027 1291 1082 1333 nos
1104 1270 1278 1352 exponimus
1295 1271 1382 1334 vobis
1397 1273 1487 1334 ultro-

295 1400 371 1444 neos
389 1388 420 1442 et
436 1379 587 1442 offerimus
604 1399 658 1441 nos
676 1380 855 1441 conformes.

388 1539 509 1595 Gerbert
528 1540 583 1594 holt
601 1540 694 1596 diesen
706 1540 782 1594 brief
796 1540 839 1592 fur
859 1540 917 1594 eine
929 1540 1051 1594 Antuort
1065 1541 1113 1593 auf
1122 1542 1170 1595 dae
1185 1543 1265 1594 unlen
1280 1538 1309 1593 C.
1325 1557 1367 1593 no.
1380 1539 1414 1593 36
1427 1539 1484 1592 rnil-

299 1631 428 1702 getbeilte
442 1629 768 1684 Gratulationseebreiben.

873 1925 936 1996 45.

327 2155 329 2162 ,
370 2101 561 2184 lmperotorls
578 2101 668 2163 litero
682 2117 739 2182 per
755 2119 842 2181 quam
859 2100 968 2182 aliquis
985 2101 1147 2164 assuitur
1161 2102 1194 2165 fu
1211 2101 1389 2166 familiarem
1402 2103 1436 2181 ¹).

360 2261 411 2315 lirin
423 2258 571 2314 romiccber
585 2258 672 2328 Konip
684 2257 772 2311 macbt
784 2259 932 2313 demandent
944 2278 976 2313 zu
989 2259 1088 2312 aeirem
1102 2259 1276 2314 Dienotmonn
1290 2263 1348 2314 und
1359 2259 1434 2316 raath.

386 2403 532 2468 Fecunda
555 2403 641 2468 nobis
666 2403 797 2466 indicata
825 2409 878 2466 tua
906 2403 1030 2466 devocio
1060 2405 1215 2470 serenitati
1239 2411 1343 2471 nostre
1372 2405 1487 2486 dignum

298 2514 402 2576 favore
419 2521 449 2576 te
466 2512 588 2596 prebuit
611 2518 641 2576 et
663 2512 798 2593 graciam
820 2511 875 2574 tibi
898 2519 1000 2575 nostre
1025 2514 1213 2577 celsitudinis
1237 2512 1435 2596 prestabilem
1449 2511 1484 2596 a)

301 2621 466 2683 inclinavit.
499 2622 575 2683 Dum
605 2620 683 2682 enim
699 2621 822 2683 honoris
845 2620 940 2684 nostri
958 2626 989 2684 et
1005 2623 1142 2684 culminis
1159 2633 1189 2686 te
1206 2623 1401 2704 percepimus
1418 2620 1490 2683 aela-

299 2714 395 2793 tbrem
418 2735 447 2792 et
468 2729 710 2811 promptitudinis
739 2736 790 2791 tue
814 2729 895 2791 circa
917 2730 1086 2792 maiestatis
1112 2736 1215 2794 nostre
1237 2730 1387 2813 obsequia
1411 2728 1487 2792 nobis

300 2842 478 2918 argumenta
494 2835 634 2918 patencia
650 2836 827 2918 prestitisti,
852 2836 974 2916 dignum
991 2836 1172 2910 duximuste
1190 2837 1278 2900 nobis
1296 2836 1378 2900 effici
1402 2837 1487 2899 bene

301 2947 523 3008 meritorum
546 2945 633 3026 lege
659 2944 857 3007 domesticum
881 2950 910 3007 et
931 2944 1119 3008 liberalitatis
1143 2955 1246 3009 nostre
1269 2950 1385 3008 sortem
1401 2943 1488 3006 muni-

301 3051 389 3116 ficam
412 3053 558 3134 experiri,
580 3058 614 3115 ut
636 3052 755 3133 signum
778 3057 880 3114 nostre
902 3052 1109 3116 benivolencie
1131 3059 1232 3116 tecum
1254 3072 1386 3134 gerens,
1409 3053 1488 3116 devo·

303 3160 399 3222 cionis
424 3167 474 3222 tue
500 3180 572 3242 erga
607 3180 661 3222 nos
690 3161 876 3222 incrementa
908 3160 1076 3243 suscipias,
1109 3165 1139 3223 et
1170 3161 1363 3243 specialitate
1396 3165 1487 3225 nostre

303 3267 513 3330 munilloeneie
531 3267 682 3330 stabilitus
700 3268 821 3348 gracior
837 3267 923 3330 nobis
939 3267 970 3329 in
986 3268 1093 3331 melius
1111 3269 1258 3351 exipsius
1276 3268 1383 3349 gracie
1401 3273 1489 3330 nostre
1537 3249 1539 3336 l

305 3376 463 3439 consoreio
488 3373 623 3457 patellas.
660 3375 703 3437 lla
725 3380 865 3456 propter,
892 3380 924 3439 ut
947 3381 976 3438 tc
999 3375 1086 3439 uobis
1110 3381 1267 3458 acceptum
1290 3395 1351 3439 non
1375 3376 1490 3439 inaniter
1538 3365 1539 3370 ¹

306 3483 467 3566 gratuleris
485 3489 516 3546 et
533 3482 692 3545 desideriis
709 3482 768 3544 tuis
785 3482 890 3563 gracie
907 3487 1010 3546 nostre
1025 3483 1213 3546 latitudinem
1226 3483 1364 3563 gaudeas
1377 3502 1490 3566 respon·

306 3594 399 3664 disse,
416 3599 446 3654 te
464 3593 494 3653 in
512 3591 686 3654 familiarem
704 3596 838 3653 nostrum
861 3591 1059 3654 domesticum
1080 3592 1127 3654 vel
1145 3591 1352 3654 consiliarium
1370 3597 1489 3656 nostrum
1538 3591 1539 3600 ³

307 3719 423 3762 exnunc
439 3698 570 3779 benigne
586 3697 749 3778 recipimus
767 3699 843 3760 etin
860 3704 948 3760 antea
960 3703 1107 3780 perpetuo
1124 3699 1258 3761 volumus
1275 3700 1434 3763 recenseri
1450 3696 1489 3781 l),
1537 3649 1539 3804 l

308 3808 376 3881 illis,
394 3806 501 3890 quibus
519 3807 567 3869 alii
585 3807 747 3870 familiares
772 3806 809 3890 et}
824 3808 1038 3888 magnitudinis
1055 3808 1150 3869 nostri
1168 3808 1329 3870 domestici
1354 3808 1433 3891 apud
1448 3825 1490 3870 nos
1538 3805 1539 3820 ¹

309 3916 422 3987 favore,
440 3915 534 3997 tytulo
552 3920 583 3977 et
598 3913 754 3977 beneflciis
771 3916 975 3996 perfruuntur,
993 3935 1069 3998 equo
1086 3914 1116 3977 in
1133 3920 1288 3996 posterum
1306 3923 1337 3978 et
1356 3915 1491 3996 condigno
1537 3825 1539 3972 l

310 4023 469 4105 participio
489 4022 670 4104 gavisurum.
1538 3999 1539 4030 l

401 4221 434 4288 a)
451 4218 622 4288 prestabilem
638 4218 886 4285 vibergescbriebeu
901 4217 929 4271 V.
948 4247 977 4256 -
993 4207 1025 4285 d)
1041 4218 1167 4271 recensiri
1182 4220 1209 4270 Z.
1537 4201 1539 4318 1

313 4353 636 4368 W

338 4451 361 4510 ¹)
380 4441 577 4498 lllellbeiecbrilt
595 4451 624 4494 ist
641 4452 663 4494 fn
682 4451 698 4492 V
717 4453 847 4504 arrsrudirt;
872 4445 908 4496 iob¹
933 4453 991 4496 habe
1014 4453 1049 4497 sie
1071 4466 1111 4496 ans
1134 4453 1185 4497 dem
1210 4466 1267 4496 rorn
1286 4455 1310 4496 in
1329 4454 1404 4498 einrm
1422 4454 1493 4496 besor·
1537 4419 1539 4520 l

375 4534 447 4578 deren
465 4531 593 4588 Quaternio
612 4533 762 4576 entholtenen
780 4535 1043 4579 lnbaltsverxeicbnisse
1061 4536 1157 4578 ersetrt.
1537 4521 1539 4584 l
