3096 5128
637 640 699 711 31.

66 838 232 919 inperetor
247 837 414 902 lullerleus
430 836 676 916 Bononiensibus,
700 837 917 918 congaudendo
941 836 985 899 els
1008 834 1044 900 de
1065 836 1210 903 felicitate
1233 841 1264 900 et

67 948 147 1010 lons
164 952 246 1012 stetu
263 965 365 1010 eoru·
381 964 417 1016 uo
432 946 570 1024 ulcterls,
588 963 678 1027 quen
694 946 731 1008 le
747 944 883 1009 lostibus
900 945 962 1009 suls
979 944 1154 1023 babuerunt,
1172 945 1262 1026 slgnl·

103 1055 234 1135 frende,
250 1056 332 1137 quod
347 1043 472 1119 multu·
488 1052 659 1119 delectatur
675 1073 791 1136 senper
807 1054 913 1118 audire
929 1055 1010 1117 lens
1026 1072 1104 1118 nere
1118 1052 1156 1118 dc
1172 1053 1225 1116 els.

520 1179 522 1184 ’
631 1210 710 1266 raro.

161 1360 196 1425 Si
213 1362 358 1442 quantum
375 1359 452 1422 votis
470 1358 581 1422 nostris
595 1363 753 1441 gratanter
769 1357 950 1444 applauditis
969 1359 1000 1421 in
1019 1363 1188 1421 vestrorum
1201 1376 1266 1420 ma-

69 1466 183 1548 gnifica
199 1468 399 1533 nunciaoione
416 1487 615 1532 successuum
631 1473 732 1530 vestra
749 1467 931 1550 presentiret
947 1449 1104 1538 industria,
1127 1465 1265 1549 profecto
1381 1449 1382 1452 ¹

69 1576 207 1662 palparet
225 1577 269 1664 a)
286 1581 456 1640 nostrarum
473 1577 590 1641 aurium
613 1576 716 1659 sepius
739 1580 840 1641 uestra
864 1575 1031 1640 insinuacio
1055 1576 1216 1659 pruritum,
1237 1577 1268 1635 et

70 1685 107 1749 ad
120 1692 270 1750 extremas
284 1705 379 1772 usque
391 1685 510 1749 uirtutis
523 1690 554 1750 et
565 1687 705 1768 potencie
718 1691 815 1749 metas
828 1686 1140 1750 instaretiscurrentis
1150 1686 1268 1748 fortune

70 1794 261 1868 calcaribus,
284 1793 323 1859 ad
339 1794 396 1858 hec
413 1795 575 1878 grandiora
592 1794 783 1879 magnalibus
800 1794 1002 1868 inculcantes,
1019 1799 1052 1858 ut
1068 1794 1104 1859 ad
1128 1813 1183 1858 nos
1199 1791 1269 1855 feli-

71 1903 172 1968 citatis
185 1908 287 1967 vestre
304 1905 474 1976 fecundius,
493 1925 529 1968 ac
541 1909 642 1968 vestre
658 1904 855 1968 iocunditatis
870 1903 1002 1987 hylarius
1019 1919 1210 1988 programma
1226 1901 1267 1984 b)

70 2012 173 2077 leticie
190 2013 371 2098 perveniret.
397 2014 491 2077 lluius
516 2014 740 2098 expectacionis
758 2021 788 2076 et
805 2013 947 2078 desiderii
964 2015 1058 2077 nostri
1076 2032 1197 2078 causam
1209 2030 1269 2073 non

72 2123 171 2187 solum
186 2121 383 2204 precordialis
402 2121 533 2195 affectio,
551 2144 640 2209 quam
656 2124 694 2187 ad
711 2129 842 2187 vestram
858 2142 1017 2205 personam
1039 2121 1198 2191 habemus,
1223 2119 1270 2182 in-

73 2231 171 2304 ducit,
189 2230 245 2295 sed
261 2233 411 2314 generalis
429 2239 460 2297 et
474 2253 568 2315 purus
585 2230 816 2316 magnificencie
833 2238 935 2296 nostre
952 2233 1048 2303 zelus,
1063 2251 1122 2316 quo
1140 2231 1271 2293 omnium

71 2346 274 2425 potestatum,
303 2340 503 2426 quorumlibet
530 2361 637 2424 regum
660 2347 690 2406 et
712 2341 882 2426 principum
906 2340 1092 2405 incrementa
1115 2338 1269 2422 diligimus

73 2455 104 2514 et
118 2449 252 2514 libenter
268 2448 416 2522 audimus,
434 2450 510 2516 adeo
527 2452 608 2535 quod
625 2472 685 2514 non
702 2451 799 2515 solum
814 2450 853 2515 ad
870 2469 934 2522 eos,
951 2470 1027 2535 quos
1044 2449 1132 2514 nobis
1148 2447 1271 2531 antiqua

74 2560 188 2623 noticia
204 2558 251 2622 uel
268 2558 391 2623 dilectio
407 2561 504 2624 innuit
519 2561 672 2645 specialis,
690 2539 749 2624 sed
761 2560 800 2624 ad
816 2559 967 2644 quoslibet
981 2558 1109 2632 nobiles,
1122 2577 1271 2641 generosa

73 2667 211 2751 preditos
229 2666 386 2750 dignitate,
404 2668 489 2733 nobis
507 2671 603 2733 eciam
618 2670 749 2754 ignotos,
765 2675 866 2733 votum
877 2668 1048 2732 huiusmodi
1060 2686 1272 2751 propagamus,

74 2784 106 2841 ut
122 2776 308 2861 generaliter
323 2777 501 2843 affectemus
518 2779 640 2843 eosdem
657 2778 884 2862 progenitorum
897 2798 1019 2842 suorum
1032 2777 1163 2864 antiquis
1176 2776 1274 2841 hono·

73 2887 160 2950 ribus
177 2885 291 2969 perfrui
308 2891 339 2949 et
354 2888 462 2950 votius
478 2887 732 2971 prosperitatibus
748 2887 788 2973 o)
806 2888 939 2952 exaltari.
965 2888 1031 2951 Nec
1048 2886 1121 2951 facit
1133 2886 1193 2950 boc
1205 2890 1275 2950 tan·

74 3002 138 3060 tum
157 2995 289 3060 Cesaree
305 2996 424 3060 fortune
442 2996 609 3080 fastigium,
631 2996 714 3080 quod
736 2996 819 3060 uelut
833 2996 967 3061 fraterne
984 2995 1138 3060 felicitatis
1155 2999 1186 3058 et
1202 3013 1275 3079 pro-

74 3105 143 3188 pria
162 3109 246 3166 sorte
263 3108 436 3169 contentum
459 3106 496 3170 de
520 3107 585 3169 iure
602 3126 661 3170 non
678 3105 793 3170 invidet
809 3106 919 3178 alieno,
935 3105 989 3169 sed
1006 3105 1138 3189 quedam
1155 3104 1274 3168 occulta

76 3213 261 3285 necessitas,
284 3231 373 3296 quam
396 3215 508 3278 utinam
531 3214 723 3278 attenderent
744 3215 805 3287 alii,
829 3214 909 3280 sicut
925 3235 979 3279 nos
999 3215 1057 3300 ipsi
1075 3214 1274 3297 prospicimus

75 3327 107 3386 et
130 3321 295 3386 sentimus!
320 3323 472 3387 Habemus
494 3324 574 3388 enim
597 3344 700 3387 omnes
724 3344 778 3388 nos
803 3344 893 3407 reges
915 3332 945 3387 et
967 3324 1050 3388 orbis
1071 3321 1224 3408 principes
1246 3329 1278 3386 et
1398 3315 1400 3320 ’

75 3433 225 3514 precipue
254 3430 419 3495 orthodoxe
448 3432 604 3516 religionis
632 3436 662 3495 et
685 3431 754 3496 fidei
778 3434 925 3497 zelatores
949 3433 1049 3498 odium
1070 3432 1224 3518 publicuun
1246 3437 1277 3495 et

78 3561 239 3604 commune
252 3560 321 3604 cum
333 3543 463 3625 populis,
483 3548 514 3605 et
530 3562 598 3605 cum
615 3541 746 3605 ecclesie
762 3542 939 3624 primatibus
959 3542 1119 3624 discidium
1132 3541 1273 3626 speciale.
1286 3565 1366 3607 roam
1376 3576 1395 3605 o.

78 3649 157 3715 Nam
181 3651 332 3714 occultum
354 3651 397 3714 illi
420 3651 541 3734 quidem
562 3651 707 3734 pestifere
729 3648 876 3714 libertatis
899 3651 1026 3716 abusum
1054 3651 1200 3724 ambiunt,
1226 3651 1276 3715 isti

80 3779 153 3822 vero
171 3779 226 3842 per
241 3760 369 3823 latentes
387 3760 606 3843 quodammodo
623 3759 760 3831 insidias,
776 3757 864 3822 bonis
882 3760 992 3823 nostris
1009 3765 1039 3824 et
1054 3761 1159 3844 tytulis
1176 3761 1278 3824 detra·

80 3868 204 3939 hentes,
218 3866 390 3932 devocionis
405 3872 506 3931 nostre
519 3868 676 3933 beneficiis
691 3866 902 3942 abutuntur,et
915 3869 1028 3934 damin
1041 3847 1143 3935 ndstra
1156 3869 1280 3953 dispen-

83 3976 133 4040 dia
148 3997 205 4061 per
222 3996 256 4040 se
272 3977 349 4041 forte
366 3978 568 4063 quorumlibet
585 3983 764 4042 nocumenta
778 3998 836 4041 non
855 3983 992 4061 prosunt,
1010 3999 1093 4044 arma
1112 3979 1279 4044 communia

84 4085 209 4170 capiunt
227 4090 257 4150 et
273 4087 393 4150 occulte
409 4087 577 4159 coniurant,
594 4087 785 4170 quatenus-in
799 4087 894 4170 ipsius
907 4093 1009 4152 nostre
1021 4089 1081 4152 rite
1094 4088 1281 4170 naufragium

83 4214 172 4259 sacra
190 4193 349 4279 sacrilegis
365 4197 561 4269 misceantur,
584 4200 685 4282 utque
701 4195 872 4262 sediciones
896 4202 928 4260 et
949 4196 1128 4261 calliditates
1149 4197 1282 4283 ipsorum

85 4303 253 4369 efficacius
270 4309 431 4378 nocerent,
455 4303 526 4369 fidei
542 4309 644 4370 nostre
667 4309 788 4388 patres,
810 4310 842 4369 ut
864 4306 989 4370 alterum
1010 4306 1175 4390 perimant,
1197 4305 1283 4369 alteri

84 4413 295 4479 blandiuntur.
326 4413 390 4479 Nec
408 4435 462 4478 nos
480 4415 557 4488 ista,
579 4415 659 4480 sieut
674 4434 800 4480 necesse
824 4415 920 4488 foret,
940 4415 1158 4499 prospicimus,
1183 4419 1235 4479 aut
1257 4412 1284 4478 si

189 4595 227 4662 a)
242 4601 369 4665 pauperet
380 4595 410 4650 V.
425 4625 457 4636 -
472 4595 505 4666 b)
518 4612 658 4667 progroma
671 4597 701 4650 V.
717 4627 745 4636 —
763 4598 794 4666 e)
808 4595 1002 4668 prospitatibus
1015 4597 1044 4650 V.
