3116 5124
263 308 312 378 76

258 480 342 544 litem
365 487 465 544 movet
487 480 696 563 proscribenti,
725 480 949 563 prescripcione
972 479 1102 544 nondum
1123 477 1224 550 linita,
1246 496 1304 560 per
1320 473 1379 536 boc
1398 472 1468 553 ipsa

258 587 443 670 prescripcio
468 588 692 670 interrumpitur
720 595 750 653 et
778 594 923 652 cassatur.
957 588 1031 656 Cum
1059 608 1132 670 ergo
1160 582 1353 669 prescripcio
1376 578 1468 642 linita

261 696 362 768 luerit,
380 701 410 761 et
425 703 495 779 post
510 695 561 762 XL
578 715 671 760 annos
687 697 872 778 proscriptus
889 715 952 758 rem
969 701 1107 778 repetere
1129 693 1258 758 voluerit
1278 697 1317 755 et·
1335 692 1471 752 conten-

258 804 340 877 dere,
356 809 428 869 tunc
444 804 636 887 prescribens
654 805 744 868 nichil
761 805 840 868 aliud
856 806 986 887 allegare
1005 804 1096 868 debet
1116 824 1172 886 pro
1197 800 1379 866 defensione
1399 815 1468 864 sua,

259 932 348 997 quam
364 913 600 995 prescripcionis
616 915 750 995 perfecte
768 911 920 976 sufficiens
937 919 1064 994 tempus,
1084 913 1113 976 id
1130 918 1177 975 est
1189 916 1308 991 tempus
1329 904 1469 988 quadra-

258 1021 340 1102 ginta
351 1020 550 1084 annorumvel
563 1020 821 1084 continuacionem
833 1019 1033 1102 possessionis
1047 1021 1097 1082 XL
1111 1020 1206 1082 annis.
1221 1056 1266 1066 --
1279 1013 1400 1098 Nece)
1420 1015 1470 1073 est

260 1133 379 1192 cautum
395 1127 525 1210 allegare
542 1128 667 1210 tytulum
684 1129 763 1211 quod
780 1128 909 1192 diceret:
926 1129 991 1209 Ego
1008 1127 1148 1210 possideo
1165 1125 1259 1209 tytulo
1278 1119 1468 1205 empcionis,

259 1234 434 1299 donacionis
462 1236 509 1296 vel
537 1235 798 1308 commutacionis,
826 1237 965 1320 quoniam
999 1237 1049 1318 qui
1070 1236 1196 1319 tytulum
1217 1234 1332 1313 allegat
1361 1231 1469 1311 ipsum

266 1342 387 1425 cogitur
402 1341 543 1424 probare,
560 1343 640 1424 quod
657 1343 779 1408 dil'bcile
796 1351 851 1408 est.

698 1486 743 1532 nc
758 1484 839 1530 annis
854 1485 968 1530 nomini
981 1486 1020 1540 l).

769 1577 894 1622 Distinetio
908 1577 945 1620 Xl.

351 1691 520 1758 Notandum
540 1695 640 1768 etiam,
668 1695 748 1778 quod
773 1696 842 1758 anni
860 1695 897 1782 c)
920 1694 1139 1757 incarnacionis
1168 1691 1281 1755 debent
1308 1685 1410 1750 scribi
1437 1685 1468 1747 in

259 1800 339 1864 omni
354 1800 442 1864 litera
458 1801 543 1866 cuius
560 1803 659 1866 datam
674 1804 814 1885 ignorare
827 1822 886 1865 non
896 1803 979 1874 licet,
993 1803 1070 1865 sicut
1082 1807 1152 1865 sunt
1163 1801 1250 1863 litere
1267 1799 1467 1861 diversorum
1556 1860 1558 1889 1

264 1913 487 1981 contractuum,
510 1910 589 1972 sicut
610 1911 729 1992 quando
750 1908 825 1974 liunt
846 1930 882 1973 ea
905 1929 963 1992 que
981 1916 1051 1973 sunt
1066 1909 1165 1992 aliquo
1182 1907 1270 1970 modo
1289 1906 1329 1968 de
1348 1923 1467 1986 genere

259 2023 484 2088 contractuum,
515 2024 549 2080 ut
574 2013 776 2100 possessionis
804 2017 947 2081 alienacio
965 2024 995 2080 et
1014 2022 1046 2080 ut
1061 2017 1102 2104 d)
1118 2014 1152 2079 lit
1178 2017 1210 2078 in
1230 2013 1404 2097 precariis,
1434 2011 1465 2072 in

256 2125 364 2196 feodis,
381 2125 412 2187 in
427 2126 625 2196 commodato,
653 2124 683 2186 in
700 2125 850 2207 emptione
866 2125 1052 2196 vendicione‚
1065 2125 1096 2186 in
1109 2123 1277 2186 debitorum
1295 2119 1466 2189 solutione,

257 2235 288 2299 in
305 2234 547 2298 ordinacionibus
566 2235 615 2322 e),
631 2235 663 2297 in
678 2235 874 2305 testamentis,
887 2235 917 2297 in
931 2234 1125 2296 ecclesiarum
1143 2229 1414 2300 dedicacionibus,
1431 2229 1462 2289 in

202 2317 209 2332 ’
257 2343 433 2414 locaeione,
450 2343 481 2406 in
498 2343 699 2406 conductione
712 2342 761 2427 f),
785 2343 815 2405 in
832 2361 932 2406 rerum
953 2343 1194 2424 permutacione,
1222 2341 1253 2401 in
1270 2340 1465 2420 impignora-

263 2451 360 2522 cioue,
375 2451 407 2513 in
422 2448 681 2520 fideiussionibus,
698 2451 729 2511 in
744 2450 837 2513 literis
855 2450 1036 2533 questuosis,
1053 2448 1286 2530 procuratoriis,
1314 2446 1349 2508 in
1361 2445 1463 2508 literis

261 2558 446 2630 emissoriis,
463 2577 537 2640 quas
553 2561 653 2622 lerunt
668 2559 799 2640 religiosi
816 2559 866 2641 qui
890 2558 1066 2621 emittuntur
1086 2557 1244 2640 aprelatis
1261 2557 1325 2619 suis
1344 2556 1386 2618 ad
1406 2554 1465 2618 alia

260 2669 340 2739 loca,
367 2668 398 2730 in
425 2667 532 2751 quibus
560 2669 649 2731 etiam
676 2668 768 2732 scribi
796 2668 888 2732 debet
903 2669 1043 2750 quamdiu
1065 2669 1131 2750 ipse
1153 2667 1240 2730 litere
1262 2668 1398 2729 valeant.
1433 2665 1465 2727 ln

266 2776 351 2840 iteris
374 2777 464 2839 etiam
485 2774 663 2838 arbitrorum
689 2774 965 2847 confirmacionum‚
992 2775 1180 2847 libertatum,
1209 2775 1406 2856 graciarum,
1436 2773 1466 2834 in

262 2883 360 2948 literis
382 2885 470 2948 etiam
494 2884 616 2946 aliarum
639 2884 795 2947 aceionum
817 2883 925 2969 quibus
947 2885 1085 2948 convenit
1107 2885 1179 2947 sciri
1200 2883 1322 2966 quando
1352 2882 1468 2945 luerint

265 3001 343 3057 acte.
379 2994 443 3058 Sed
464 2991 639 3075 inpossibile
665 2997 713 3056 est
733 2992 790 3055 sub
812 2997 895 3056 certo
923 3013 1045 3056 numero
1068 2993 1329 3075 comprehendere
1359 3011 1466 3054 omnes

263 3100 367 3164 literas
390 3102 421 3164 in
443 3099 551 3183 quibus
567 3100 638 3162 anni
651 3099 771 3166 Domini
792 3106 861 3164 sunt
882 3099 1049 3172 scribendi,
1077 3101 1157 3163 unde
1180 3106 1300 3182 oportet
1323 3100 1410 3182 quod
1433 3118 1467 3161 er

269 3209 412 3292 qualimte
439 3228 539 3270 rerum
567 3228 625 3293 que
652 3208 824 3272 scribuntur
850 3209 907 3271 boc
933 3209 1121 3290 perpendas;
1152 3208 1237 3272 verbi
1266 3209 1394 3290 gracia:
1434 3208 1465 3272 Si

266 3317 432 3381 monachus
448 3316 495 3378 vel
511 3335 676 3380 conversus
692 3316 852 3379 mittendus
868 3324 951 3380 esset
965 3317 1003 3379 ad
1019 3316 1140 3400 aliquod
1156 3317 1301 3380 iudicium
1315 3317 1466 3380 ecclesia·

260 3426 371 3490 sticum
386 3425 433 3488 rel
452 3425 557 3496 civile,
584 3428 617 3487 ut
632 3424 675 3487 ibi
690 3430 795 3505 ageret
811 3444 917 3488 causas
934 3426 1106 3488 monasterii
1128 3427 1194 3497 sui,
1223 3425 1249 3488 si
1272 3426 1316 3488 illi
1340 3427 1467 3490 daretur

263 3536 350 3600 litera
372 3534 578 3617 procuratoria
600 3532 740 3597 obmissis
767 3535 836 3596 anni
851 3535 984 3606 Domini,
1011 3542 1083 3598 tunc
1111 3554 1183 3619 pars
1205 3536 1338 3599 adversa
1362 3541 1466 3619 posset

262 3644 457 3726 calumpniari
472 3644 589 3706 literam
605 3642 709 3705 dicens
728 3642 856 3714 „li-ater!
872 3643 931 3706 ista
946 3643 1032 3707 litera
1047 3645 1125 3707 iorte
1142 3647 1256 3726 scripta
1270 3650 1320 3708 est
1332 3652 1406 3709 ante
1415 3646 1464 3710 XX

259 3770 355 3817 annos
379 3751 427 3813 rel
449 3749 596 3830 amplius,
618 3748 698 3811 unde
720 3768 779 3812 non
794 3755 881 3830 potes
898 3771 966 3813 esse
981 3771 1071 3814 verus
1087 3757 1270 3832 procurator
1285 3752 1465 3817 monasterii

262 3861 318 3932 tui,
341 3860 411 3942 quia
432 3858 521 3920 litera
543 3857 749 3936 procuratorio
771 3877 832 3919 non
855 3859 987 3923 continet
1009 3867 1127 3941 tempus
1151 3879 1212 3942 quo
1237 3859 1310 3924 data
1336 3868 1422 3924 est“.

569 3998 616 4041 De
629 3997 794 4043 “terentia
807 3999 885 4043 later
898 4001 994 4044 datu
1007 4003 1038 4046 et
1052 4003 1158 4046 uun.

765 4090 892 4136 Distinetio
912 4090 961 4139 ΙΙΙ.

357 4188 530 4252 Notandum
557 4188 657 4258 etiam,
685 4189 764 4271 quod
790 4195 839 4251 est
865 4189 1038 4254 differencia
1054 4193 1133 4255 inter
1160 4192 1322 4257 detumet
1350 4202 1463 4260 actum.

260 4301 371 4363 Datum
386 4297 508 4380 quidem
524 4295 655 4377 inportat
676 4296 858 4360 solummodo
873 4305 991 4380 tempus
1012 4301 1042 4362 in
1059 4321 1118 4383 quo
1134 4302 1220 4365 litera
1238 4302 1341 4376 datur,
1358 4310 1459 4368 actum

347 4423 383 4490 ι)
398 4438 450 4474 non
463 4420 492 4472 V.
508 4449 536 4460 -
551 4419 584 4487 l)
598 4421 664 4473 uisa.
677 4421 742 4474 xlll
760 4451 787 4460 -
804 4423 836 4489 r)
850 4422 946 4478 domini
959 4425 986 4477 Ζ.
1003 4455 1031 4464 -
1046 4425 1082 4492 d)
1096 4431 1126 4480 ut
1140 4427 1209 4480 leblt
1225 4427 1253 4480 V.
1265 4457 1300 4467 -·
1316 4429 1352 4498 e)
1375 4429 1460 4486 dona·

269 4515 389 4567 tionibus
401 4512 430 4564 Ζ.
448 4540 473 4551 -
490 4509 524 4578 f)
544 4511 695 4565 conditione
709 4510 737 4562 V.
