3100 5116
280 363 357 433 326

277 535 507 598 veneracionem
524 532 621 596 felicis
639 533 779 605 nominis,
798 531 965 596 audivimus
981 531 1150 615 pacienter,
1173 533 1331 618 ipsiusque
1353 538 1463 614 recepta

277 644 374 726 copia,
392 648 422 706 et
438 641 660 706 deliberacione
678 661 771 724 super
786 644 844 706 hoc
860 641 1019 723 prehabita
1036 647 1163 715 matura,
1181 643 1252 726 quia
1268 641 1426 725 peridem,
1441 641 1462 702 si

278 752 338 815 dici
367 751 475 822 debet,
502 750 694 832 privilegium
726 755 791 814 tota
813 750 860 813 lex
883 749 1013 812 civitatis
1037 755 1068 812 et
1090 754 1193 813 nostre
1216 751 1316 833 patric
1333 750 1416 832 plene
1432 753 1463 831 a)

276 860 395 942 penitus
419 859 599 922 absorbetur
622 865 652 921 et
675 858 867 921 decoloratur
891 863 989 921 status
1013 863 1115 921 nostre
1132 857 1230 942 patrie
1247 859 1409 940 generalis,
1432 858 1465 921 ab

276 970 407 1053 antiquis
436 969 621 1051 temporibus
651 988 668 1031 a
690 968 801 1031 vestris
827 967 903 1031 divis
919 967 1190 1050 prodecessoribus
1209 968 1383 1041 ordinatus,
1405 975 1466 1051 post

277 1079 396 1143 diversa
424 1077 566 1150 consilia,
594 1077 698 1141 habita
725 1096 792 1140 curn
817 1075 1020 1159 sapientibus,
1050 1081 1081 1140 et
1103 1077 1264 1160 colloquia,
1280 1077 1313 1140 in
1329 1078 1466 1141 communi

275 1193 378 1251 nostra
395 1187 755 1251 deliberacionetandcm
771 1185 901 1257 resedit,
928 1186 1009 1269 quod
1027 1187 1096 1269 quia
1113 1187 1178 1250 eius
1195 1193 1243 1251 est
1258 1186 1359 1269 legem
1384 1189 1467 1250 inter-

275 1298 388 1380 pretari
420 1297 467 1360 vel
500 1297 676 1368 emendare,
716 1295 802 1358 cuius
835 1300 883 1358 est
915 1294 1061 1357 condere:
1105 1295 1143 1358 ad
1175 1300 1277 1359 vestre
1309 1297 1466 1360 maiestatis

275 1405 479 1478 audienciam,
514 1424 603 1488 quam
636 1406 667 1467 in
702 1405 759 1467 bac
782 1408 868 1486 parte
892 1403 1055 1468 ealliditate
1078 1403 1299 1485 inpetrancium
1325 1405 1466 1468 credimus

276 1515 528 1584 circumventam,
556 1512 612 1577 sub
635 1519 720 1578 certa
741 1515 837 1576 forma
861 1511 997 1576 duximus
1020 1513 1219 1577 communiter
1235 1518 1265 1577 et
1282 1515 1468 1597 solempniter

275 1623 537 1706 proclamandum,
566 1626 724 1704 sperantes
753 1627 783 1684 et
810 1621 842 1684 in
866 1620 1011 1686 ditissimi
1038 1621 1248 1685 misericordia
1277 1622 1467 1695 confidentes,

276 1733 366 1817 quod,
391 1753 458 1796 oum
475 1732 561 1795 nobis
578 1733 750 1814 paraverint
772 1730 1020 1795 inconveniencia
1036 1731 1172 1813 pericula
1189 1752 1224 1794 ex
1240 1731 1294 1795 lali
1316 1733 1466 1814 privilegio

273 1847 464 1925 proventura,
481 1824 581 1906 vestra
599 1841 724 1923 provida
737 1832 768 1904 et
779 1840 917 1904 benivola
930 1840 1094 1922 sapiencia,
1111 1841 1254 1904 remediis
1269 1841 1467 1906 subiectorum

273 1948 404 2012 fidelium
423 1949 594 2030 invigilans,
619 1970 636 2012 a
655 1949 747 2011 tantis
765 1969 819 2012 nos
837 1948 1066 2012 turbacionibus
1085 1953 1115 2010 et
1131 1949 1229 2013 tocius
1248 1950 1351 2031 patrie
1369 1970 1467 2032 grava·

274 2057 402 2121 minibus
430 2056 585 2128 relevabit,
614 2062 645 2119 et
675 2057 714 2120 ad
743 2063 852 2122 statum
880 2056 1040 2139 pacificum
1068 2061 1099 2120 et
1122 2056 1289 2141 antiquum,
1314 2058 1467 2142 amputatis

274 2167 369 2230 noxiis
386 2166 580 2238 novitatibus,
598 2165 760 2230 salubriter
776 2167 874 2229 omnia
890 2165 1077 2230 reformabit.

363 2310 449 2382 Kdnig
466 2309 569 2365 liudolf
582 2311 656 2364 batte
675 2327 716 2363 am
735 2309 778 2362 10.
798 2310 956 2381 September
974 2309 1046 2363 1275
1067 2309 1118 2363 dan
1137 2309 1261 2363 Decnnen
1281 2312 1337 2364 und
1352 2311 1467 2382 Capitale

274 2403 323 2478 der
334 2402 448 2456 Kircbcn
462 2419 493 2454 zu
505 2401 613 2455 Ldtticb
626 2401 700 2455 nicht
713 2401 785 2454 bloos
800 2399 842 2454 ein
855 2401 971 2471 Privileg
984 2401 1132 2455 Heinricb's
1145 2401 1174 2456 V.
1190 2401 1336 2469 bestatigt,
1357 2404 1467 2456 sondern

273 2491 313 2546 sie
333 2493 401 2548 auch
423 2493 490 2546 noch
510 2491 592 2546 durcb
614 2490 689 2546 einen
712 2491 861 2546 besondern
879 2491 1072 2546 urkundlicben
1093 2491 1295 2562 liechtssprucb
1317 2497 1468 2564 gegendber

274 2584 325 2639 dan
355 2584 479 2639 Schdffen
508 2582 562 2636 und
594 2582 653 2637 dem
679 2583 892 2653 Bdrgermeister
917 2601 968 2637 von
993 2581 1101 2636 Ldtlich
1127 2581 1153 2634 in
1184 2583 1285 2637 Sobutz
1312 2602 1466 2654 genommen

279 2675 360 2746 (ch.
373 2675 439 2730 Rud.
453 2692 494 2728 no.
507 2674 562 2728 203
575 2673 628 2728 uod
648 2673 726 2744 204).
742 2675 777 2727 Er
789 2691 845 2729 war
858 2677 924 2728 eben
937 2675 972 2728 im
985 2674 1087 2742 Begrill
1097 2674 1166 2727 nach
1178 2674 1317 2728 Lausanne
1332 2693 1366 2728 zu
1380 2679 1467 2745 geben,

277 2784 321 2820 um
335 2768 395 2821 dorl
407 2767 455 2820 mit
469 2765 572 2836 Gregor
585 2767 615 2818 X.
630 2781 778 2818 zusammen
791 2783 822 2819 zu
833 2766 936 2830 trallen,
950 2765 1003 2818 uod
1017 2765 1133 2819 Garbort
1143 2764 1163 2840 l.
1178 2781 1201 2818 c.
1216 2765 1292 2818 weist
1315 2767 1365 2820 mit
1387 2768 1466 2821 Racbt

273 2855 372 2912 darauf
387 2857 446 2919 bin,
470 2857 532 2910 dass
551 2857 582 2909 K.
599 2854 701 2910 Rudoli
714 2855 789 2920 sich,
811 2859 859 2910 mit
877 2841 1025 2911 Rdclrsicbt
1044 2857 1092 2910 aui
1104 2854 1209 2926 Grcgcr
1222 2859 1269 2919 X.,
1295 2859 1345 2911 der
1360 2861 1465 2914 ehedem

273 2946 483 3002 Archidinconus
502 2964 533 3000 zu
552 2945 659 2999 Liitticb
680 2963 751 3010 war,
772 2965 804 3000 zu
823 2948 870 3002 der
889 2947 1036 3003 besondsru
1057 2947 1260 3018 Bcgdnstigung
1279 2950 1328 3002 der
1348 2951 1465 3021 dortigen

273 3038 459 3094 Geistlicbkeit
472 3038 540 3092 habe
559 3037 713 3092 bestimmeu
733 3039 828 3093 lassen.
855 3038 941 3092 Unser
961 3039 1039 3093 Brief
1048 3041 1164 3104 enthdlt,
1185 3042 1236 3093 wie
1255 3043 1342 3094 sebon
1357 3043 1466 3097 Gerbcrt

272 3132 324 3184 und
338 3131 469 3184 Boobmsr
482 3129 643 3189 homerico,
663 3128 706 3182 die
719 3129 897 3184 Bescbwcrde
911 3130 959 3184 der
971 3131 1074 3202 Bdrger
1089 3131 1156 3184 tiber
1169 3129 1242 3184 diese
1257 3133 1405 3202 Massrcgcl
1423 3133 1465 3188 des

273 3220 374 3293 Klinigs
387 3221 439 3275 und
453 3220 523 3274 Bilta
536 3236 580 3274 um
592 3219 708 3274 Abbilfe.

727 3435 731 3442 .
847 3375 908 3446 28.

628 3552 767 3634 Princeps
785 3551 817 3615 ll.
835 3551 1028 3615 llomonorum
1045 3553 1118 3632 regi.

831 3709 912 3764 1276.

273 3858 330 3914 Der
341 3856 483 3914 Politorcb
502 3858 643 3926 Raymund
664 3873 713 3912 oon
726 3856 853 3928 Aquilejo
866 3855 963 3910 drdclct
975 3857 1034 3911 dem
1048 3856 1150 3928 Kdnv'pe
1162 3855 1269 3926 liudolf
1275 3855 1354 3912 aeine
1365 3857 1465 3912 dbcude

273 3951 390 4006 dardder
413 3967 470 4012 oue,
494 3950 560 4004 dnae
582 3967 612 4003 er
635 3947 679 4002 die
701 3945 754 4003 ibm
776 3946 1015 4019 widcrepenstipcn
1037 3948 1151 4002 Fdreten
1170 3946 1309 4018 zdcbn'yen
1326 3948 1467 4004 wollennd

350 4039 501 4112 ceropricdt
512 4037 566 4095 idm
578 4038 671 4094 eeioen
686 4039 815 4094 Beiotand
824 4055 908 4110 yeyen
922 4039 974 4092 deo
989 4039 1016 4090 1(
1013 4037 1075 4108 dnip
1091 4036 1191 4092 Otabar
1204 4054 1253 4092 con
1267 4037 1397 4094 Bdbmcn.

364 4187 445 4242 Gerb.
458 4185 485 4251 2,
498 4184 541 4238 53.

363 4333 475 4415 Regios
498 4332 619 4415 apices,
648 4331 698 4414 qui
722 4350 795 4412 pure
819 4328 890 4428 fidei
913 4335 1112 4412 prompteque
1137 4328 1313 4392 devocionis
1343 4331 1465 4393 enxenia

273 4441 397 4522 exigunt
420 4445 451 4504 et
487 4439 575 4523 signa
598 4439 771 4523 requirunt,
799 4437 987 4521 suscepimus
1016 4434 1251 4501 bonorificenoia
1275 4434 1463 4519 prompciori.

367 4564 401 4636 a)
416 4581 485 4638 pene
497 4566 525 4620 Z.
