3108 5118
307 242 384 313 264

304 414 565 477 cancellarium,
601 417 744 473 fratrem
779 421 1029 490 beringerium,
1067 423 1261 492 magistrum
1298 421 1487 492 hospitalis

303 504 413 558 sancti
440 503 627 560 lobaunnin
657 508 974 576 perdlamanninm,
1002 528 1038 566 ac
1067 511 1301 581 beringerium
1330 509 1492 568 contee-

303 593 343 645 de
363 593 592 664 Urestinburg
611 593 669 665 (bei
692 597 865 670 Senkenberg
886 600 919 653 de
940 599 1127 669 Wertinbnrg,
1152 600 1231 656 ellein
1253 598 1438 672 beringerium
1459 599 1494 652 ist

304 682 346 735 ein
368 682 454 736 durch
476 683 685 758 Wiederbolnng
706 687 753 741 des
777 691 843 743 eben
869 690 964 745 verber
990 693 1140 760 genennten
1165 691 1277 746 Nameus
1303 689 1493 744 entstandener

303 772 502 828 Schreibfebler
518 775 561 829 fiir
579 777 717 830 llenricum
731 779 784 832 und
802 779 831 831 ll.
849 797 901 834 von
921 781 1098 852 lliirstenberg
1116 781 1151 834 ist
1164 780 1295 851 gemeint)
1316 780 1493 835 exhibitorem

302 862 469 933 presencium
489 868 540 918 etc.
555 895 588 906 -
602 865 634 936 d)
653 868 678 920 in
699 867 872 924 devocionem
890 873 983 924 sancte
1003 870 1094 924 matris
1113 870 1227 925 ecclesie
1246 876 1274 925 et
1292 871 1378 940 ipsius
1392 869 1495 940 imperii

303 970 350 1008 ves
364 955 552 1018 corroborentp
574 955 714 1012 indevotos
733 958 765 1012 ad
788 958 960 1015 devociouem
980 958 1083 1030 imperii
1107 963 1134 1013 et
1155 959 1274 1014 veritatis
1296 961 1365 1014 mem
1379 958 1494 1015 alliciant

302 1043 399 1106 modis,
426 1045 521 1116 quibus
546 1048 682 1112 convenit,
708 1052 789 1119 atque
814 1052 937 1113 trabant,
962 1054 988 1103 et
1013 1049 1152 1106 fidelitatis
1176 1049 1265 1104 debite
1291 1047 1494 1114 obedientiaea

304 1135 377 1189 robis
396 1138 519 1208 tanquam
541 1136 643 1207 imperii
662 1138 786 1194 fidelibus
806 1144 834 1194 et
851 1143 943 1196 sancte
963 1141 1053 1196 matris
1071 1141 1186 1196 ecclesie
1205 1141 1307 1196 devotis
1324 1140 1389 1196 filiis
1402 1143 1496 1210 petant

304 1231 331 1277 at
348 1223 477 1295 recipiant
495 1226 573 1280 solita
590 1226 752 1291 iuramenta,
774 1227 877 1297 singula
897 1231 925 1282 et
943 1230 1062 1284 universa
1084 1231 1198 1292 faciunt,
1220 1232 1353 1290 tractent,
1376 1229 1496 1284 ordinent

304 1317 333 1367 ct
353 1313 508 1384 disponant,
534 1332 602 1384 quae
627 1318 661 1370 de
683 1318 752 1372 bone
775 1323 847 1373 statu
869 1319 972 1389 imperii
995 1323 1022 1372 et
1045 1321 1131 1373 salute
1152 1319 1269 1374 fidelium
1291 1323 1319 1373 et
1342 1320 1495 1373 devotorum

303 1404 386 1474 ipsius
399 1405 519 1460 noverint
536 1407 674 1478 expedire,
698 1415 801 1478 gratnm
814 1413 842 1464 et
859 1415 944 1463 retum
955 1410 1070 1464 babituri
1083 1411 1215 1481 quidquid
1226 1427 1277 1480 per
1288 1408 1368 1480 ipsos
1388 1409 1494 1472 factum,

304 1499 459 1557 tractatum,
482 1495 644 1558 ordinatum,
667 1514 715 1552 seu
735 1504 838 1568 gestum
858 1497 983 1553 fueritin
1004 1499 1164 1570 praemissis.
1185 1526 1219 1538 -
1238 1497 1265 1569 v)
1284 1500 1346 1552 Det.
1366 1499 1496 1568 uubugm

304 1586 337 1640 Vl
352 1585 389 1638 ld.
402 1584 465 1640 tulii
481 1585 516 1642 lll
529 1586 682 1642 indictione.
696 1588 780 1658 Regni
794 1588 879 1643 nostri
892 1605 959 1644 anno
973 1589 1019 1643 11⁰.
1029 1589 1229 1662 -Vergleiebs
1241 1591 1309 1644 uber
1323 1589 1376 1651 den
1389 1589 1495 1659 Gagae,-

304 1676 380 1728 stand
388 1675 455 1728 noch
462 1676 733 1748 Beehmerltegdiud.
742 1695 784 1731 no.
793 1678 853 1734 188.
861 1676 1073 1751 liopp,l‚il2tl.
1082 1677 1133 1734 und
1144 1682 1224 1735 unten
1238 1677 1296 1734 Foi.
1310 1678 1347 1732 56
1362 1696 1386 1734 c.
1400 1695 1444 1736 no.
1457 1678 1497 1736 32

872 1973 935 2043 50.

658 2149 719 2212 lter
735 2149 929 2212 ltononrem
945 2149 976 2211 it.
993 2150 1129 2231 principi.

773 2303 845 2359 teve
863 2305 928 2360 oder
946 2305 1027 2360 1275.

304 2449 392 2518 Ktoip
412 2449 515 2522 liudolf
529 2448 636 2519 fordevt
657 2450 709 2505 deo
729 2451 830 2527 llerpop
850 2446 978 2515 Heinrich
999 2466 1048 2512 von
1069 2449 1170 2506 Botere
1192 2467 1224 2510 etv
1246 2449 1323 2512 εἰπε·
1342 2448 1502 2521 fliedle'cde·

349 2537 494 2613 Beitepuop
504 2537 555 2592 cler
568 2537 761 2610 Strev'tiplceiteo
774 2539 820 2596 mit
830 2540 927 2598 veinem
940 2541 1048 2600 Bruder
1060 2537 1175 2620 liudpeip
1187 2540 1244 2596 dem
1260 2539 1395 2614 Stvcvmcn
1407 2539 1467 2614 auf.

397 2683 540 2745 liodmsun,
553 2700 579 2753 p.
594 2681 655 2739 198.

189 2860 232 2900 nn,
242 2858 295 2902 43„
396 2827 611 2893 Desiderantes
628 2849 664 2892 ex
679 2828 792 2892 intimis
808 2828 930 2900 nestris,
943 2836 974 2891 te
988 2848 1045 2891 una
1058 2830 1233 2892 cumfratre
1249 2834 1301 2890 tuo
1319 2829 1350 2890 in
1368 2829 1498 2892 fraterne

275 2985 278 2988 .
306 2935 454 3006 karitatis,
471 2940 503 2998 ui
520 2935 618 3007 decet,
641 2936 800 2998 dulcedine
822 2936 954 2998 recreari
977 2936 1024 2999 vel
1047 2938 1153 3018 pocius
1176 2934 1304 3006 couniri,
1327 2935 1409 2999 iuter
1425 2941 1500 2999 teet

305 3045 403 3125 ipsum
433 3044 519 3124 pacis
546 3050 692 3126 perpetue
721 3043 846 3106 consilia
876 3043 1089 3126 cogitavimus,
1118 3045 1183 3126 ipso
1212 3063 1357 3124 germano
1382 3049 1435 3107 tuo
1463 3041 1499 3106 ad

226 3160 231 3170 ’
308 3172 425 3215 omnem
442 3151 602 3215 concordie
624 3150 702 3214 viam
725 3151 932 3228 allectionibus
955 3151 1096 3232 congruis
1114 3153 1283 3215 informato.
1319 3151 1377 3232 Qui
1394 3148 1498 3240 procul

308 3258 411 3328 dubio¹
426 3265 515 3341 prout
531 3280 566 3322 ex
583 3265 667 3323 certa
681 3259 871 3341 perpendere
887 3278 1049 3341 possumus
1065 3261 1252 3330 coniectura,
1269 3258 1309 3325 ad
1325 3258 1497 3333 babendum

306 3373 408 3432 tecum
429 3368 589 3432 fraternale
613 3368 803 3430 concamium
824 3372 963 3449 prompta
985 3365 1122 3429 efficacia
1146 3388 1179 3429 se
1202 3368 1383 3448 tiequenter
1402 3367 1499 3429 bumi-

306 3477 359 3540 liat
380 3477 421 3563 a)
454 3482 485 3540 et
516 3482 645 3558 coaptat.
690 3475 768 3539 lline
806 3481 864 3546 est,
897 3474 979 3556 quod
1010 3474 1216 3538 sinceritatem
1247 3480 1330 3537 tuam
1363 3475 1497 3538 duximus

302 3584 534 3667 requirendam,
557 3590 704 3667 quatenus
721 3584 776 3646 viri
800 3582 956 3664 prudentis
979 3582 1133 3664 ingenium
1156 3582 1271 3645 sollerti
1294 3583 1497 3646 trutinaciooe

307 3693 490 3762 discuciens,
507 3699 650 3776 quantum
667 3692 783 3755 comedi
801 3691 855 3754 toti
871 3691 1026 3773 provincie
1044 3712 1080 3754 ex
1101 3691 1272 3755 huiusmodi
1296 3697 1399 3754 vestra
1416 3711 1498 3756 eom-

305 3801 482 3885 planacione
511 3801 548 3864 de
577 3806 678 3865 cetero
706 3801 804 3876 valeat
831 3799 1007 3884 provenire,
1035 3799 1161 3864 inclines
1190 3800 1321 3862 animum
1349 3805 1435 3866 tuum
1462 3799 1497 3864 ad

306 3909 478 3974 babendum
501 3930 568 3975 oum
591 3903 658 3992 ipso
681 3908 874 3992 inpreeiabile
895 3907 1007 3971 bonum
1027 3909 1121 3989 pacis.
1162 3908 1224 3971 Nos
1248 3909 1328 3970 euim
1356 3907 1435 3971 tales
1462 3907 1499 3970 ad

305 4019 477 4084 babendum
493 4039 584 4102 super
598 4018 754 4100 premissis
771 4019 851 4082 inter
871 4036 924 4081 vos
947 4017 1091 4080 familiare
1108 4017 1289 4100 colloquium
1305 4017 1344 4098 l)
1362 4018 1498 4081 duximus

307 4129 515 4198 destinandos,
538 4128 589 4210 qui
610 4129 849 4209 prenominatum
865 4125 904 4210 c)
926 4145 1101 4207 germanum
1123 4130 1218 4197 tuum,
1242 4125 1281 4196 si.
1304 4125 1386 4212 quod
1408 4124 1498 4194 absit,

399 4273 433 4341 o)
448 4288 476 4324 se
490 4271 623 4324 ferventer
635 4269 755 4322 habilitat
769 4246 820 4322 etc.
834 4268 861 4322 Z.
879 4298 908 4308 -
924 4268 956 4337 b)
971 4267 1101 4324 familiare
1122 4269 1283 4340 colloquium
1302 4266 1371 4322 habe
1392 4267 1438 4323 icb
1452 4282 1497 4324 sut

306 4360 440 4418 Bodmann
465 4360 753 4431 berdbergenommcm
776 4359 805 4411 V.
819 4359 870 4413 und
894 4360 921 4412 Ζ.
945 4358 1125 4413 winderholen
1157 4363 1222 4411 stati
1247 4358 1354 4417 demea,
1381 4358 1498 4412 offnnbar

305 4453 479 4514 irrtbrimlicb,
493 4451 664 4522 impreciabile
678 4455 773 4505 bonum
787 4450 861 4521 pecie
875 4450 994 4505 duximus
1010 4455 1061 4504 etc.
1075 4481 1110 4488 -
1123 4451 1153 4518 c)
1169 4453 1339 4519 prenotatam
1353 4448 1382 4501 Z.
