<?xml version="1.0" encoding="UTF-8"?>
<!DOCTYPE html PUBLIC "-//W3C//DTD XHTML 1.0 Transitional//EN"
    "http://www.w3.org/TR/xhtml1/DTD/xhtml1-transitional.dtd">
<html xmlns="http://www.w3.org/1999/xhtml" xml:lang="en" lang="en">
 <head>
  <title>
</title>
<meta http-equiv="Content-Type" content="text/html;charset=utf-8" />
  <meta name='ocr-system' content='tesseract 3.04.00' />
  <meta name='ocr-capabilities' content='ocr_page ocr_carea ocr_par ocr_line ocrx_word'/>
</head>
<body>
  <div class='ocr_page' id='page_1' title='image "./fontesrerumaust01kommgoog_0223.png"; bbox 0 0 3112 5118; ppageno 0'>
   <div class='ocr_carea' id='block_1_1' title="bbox 867 701 930 769">
    <p class='ocr_par' dir='ltr' id='par_1_1' title="bbox 867 701 930 769">
     <span class='ocr_line' id='line_1_1' title="bbox 867 701 930 769; baseline 0.016 -1"><span class='ocrx_word' id='word_1_1' title='bbox 867 701 930 769; x_wconf 83' lang='lat'>49.</span> 
     </span>
    </p>
   </div>
   <div class='ocr_carea' id='block_1_2' title="bbox 549 871 1253 958">
    <p class='ocr_par' dir='ltr' id='par_1_2' title="bbox 549 871 1253 958">
     <span class='ocr_line' id='line_1_2' title="bbox 549 871 1253 958; baseline 0.016 -27"><span class='ocrx_word' id='word_1_2' title='bbox 549 872 626 950; x_wconf 80' lang='lat' dir='ltr'>l&#39;sps</span> <span class='ocrx_word' id='word_1_3' title='bbox 642 871 679 932; x_wconf 85' lang='lat' dir='ltr'>sd</span> <span class='ocrx_word' id='word_1_4' title='bbox 696 874 824 951; x_wconf 79' lang='lat' dir='ltr'>graciam</span> <span class='ocrx_word' id='word_1_5' title='bbox 840 875 921 938; x_wconf 83' lang='lat' dir='ltr'>sedis</span> <span class='ocrx_word' id='word_1_6' title='bbox 938 875 1105 958; x_wconf 76' lang='lat' dir='ltr'>apostolice</span> <span class='ocrx_word' id='word_1_7' title='bbox 1122 895 1253 942; x_wconf 75' lang='lat' dir='ltr'>reverso.</span> 
     </span>
    </p>
   </div>
   <div class='ocr_carea' id='block_1_3' title="bbox 197 1025 1495 1264">
    <p class='ocr_par' dir='ltr' id='par_1_3' title="bbox 197 1025 1495 1264">
     <span class='ocr_line' id='line_1_3' title="bbox 309 1025 1495 1098; baseline 0.004 -20"><span class='ocrx_word' id='word_1_8' title='bbox 309 1025 359 1080; x_wconf 74' lang='lat' dir='ltr'>uin</span> <span class='ocrx_word' id='word_1_9' title='bbox 371 1026 453 1095; x_wconf 82' lang='lat' dir='ltr'>Popat</span> <span class='ocrx_word' id='word_1_10' title='bbox 472 1026 592 1096; x_wconf 79' lang='lat' dir='ltr'>beprttsat</span> <span class='ocrx_word' id='word_1_11' title='bbox 607 1027 717 1098; x_wconf 76' lang='lat' dir='ltr'>freudip</span> <span class='ocrx_word' id='word_1_12' title='bbox 736 1030 813 1084; x_wconf 80' lang='lat' dir='ltr'>einen</span> <span class='ocrx_word' id='word_1_13' title='bbox 830 1033 857 1084; x_wconf 79' lang='lat' dir='ltr'>in</span> <span class='ocrx_word' id='word_1_14' title='bbox 876 1032 928 1085; x_wconf 79' lang='lat' dir='ltr'>deo</span> <span class='ocrx_word' id='word_1_15' title='bbox 948 1031 1062 1086; x_wconf 80' lang='lat' dir='ltr'>Sebooee</span> <span class='ocrx_word' id='word_1_16' title='bbox 1074 1035 1124 1087; x_wconf 83' lang='lat' dir='ltr'>der</span> <span class='ocrx_word' id='word_1_17' title='bbox 1137 1033 1236 1087; x_wconf 81' lang='lat' dir='ltr'>Kirobe</span> <span class='ocrx_word' id='word_1_18' title='bbox 1249 1030 1495 1086; x_wconf 71' lang='lat' dir='ltr'>zuroolrlrebreoden</span> 
     </span>
     <span class='ocr_line' id='line_1_4' title="bbox 197 1114 1494 1192; baseline 0.004 -26"><span class='ocrx_word' id='word_1_19' title='bbox 197 1132 205 1140; x_wconf 90' lang='grc'><strong><em>·</em></strong></span> <span class='ocrx_word' id='word_1_20' title='bbox 309 1114 460 1169; x_wconf 81' lang='lat' dir='ltr'>rdmr&#39;sobeo</span> <span class='ocrx_word' id='word_1_21' title='bbox 473 1115 560 1186; x_wconf 71' lang='lat' dir='ltr'>Kooiy</span> <span class='ocrx_word' id='word_1_22' title='bbox 573 1117 629 1170; x_wconf 82' lang='lat' dir='ltr'>und</span> <span class='ocrx_word' id='word_1_23' title='bbox 642 1116 833 1180; x_wconf 64' lang='lat' dir='ltr'>dracontion,</span> <span class='ocrx_word' id='word_1_24' title='bbox 853 1119 907 1189; x_wconf 79' lang='lat' dir='ltr'>auf</span> <span class='ocrx_word' id='word_1_25' title='bbox 914 1120 971 1174; x_wconf 84' lang='lat' dir='ltr'>dem</span> <span class='ocrx_word' id='word_1_26' title='bbox 993 1123 1142 1176; x_wconf 81' lang='lat' dir='ltr'>betrctenen</span> <span class='ocrx_word' id='word_1_27' title='bbox 1155 1121 1263 1176; x_wconf 76' lang='lat' dir='ltr'>rechten</span> <span class='ocrx_word' id='word_1_28' title='bbox 1292 1123 1375 1192; x_wconf 75' lang='lat' dir='ltr'>Weye</span> <span class='ocrx_word' id='word_1_29' title='bbox 1398 1139 1431 1173; x_wconf 76' lang='lat' dir='ltr'>zu</span> <span class='ocrx_word' id='word_1_30' title='bbox 1443 1137 1494 1172; x_wconf 84' lang='lat' dir='ltr'>oer-</span> 
     </span>
     <span class='ocr_line' id='line_1_5' title="bbox 854 1208 964 1264; baseline 0 -2"><span class='ocrx_word' id='word_1_31' title='bbox 854 1208 964 1264; x_wconf 83' lang='lat' dir='ltr'>barren.</span> 
     </span>
    </p>
   </div>
   <div class='ocr_carea' id='block_1_4' title="bbox 192 1348 1555 3909">
    <p class='ocr_par' dir='ltr' id='par_1_4' title="bbox 308 1348 1500 2403">
     <span class='ocr_line' id='line_1_6' title="bbox 398 1348 1498 1433; baseline 0.003 -23"><span class='ocrx_word' id='word_1_32' title='bbox 398 1348 443 1411; x_wconf 84' lang='lat' dir='ltr'>Ad</span> <span class='ocrx_word' id='word_1_33' title='bbox 473 1349 593 1412; x_wconf 91' lang='lat' dir='ltr'>domum</span> <span class='ocrx_word' id='word_1_34' title='bbox 624 1356 794 1433; x_wconf 87' lang='lat' dir='ltr'>paternam,</span> <span class='ocrx_word' id='word_1_35' title='bbox 827 1352 912 1416; x_wconf 91' lang='lat' dir='ltr'>cuius</span> <span class='ocrx_word' id='word_1_36' title='bbox 943 1354 1032 1418; x_wconf 90' lang='lat' dir='ltr'>limen</span> <span class='ocrx_word' id='word_1_37' title='bbox 1063 1355 1206 1419; x_wconf 86' lang='lat' dir='ltr'>seductus</span> <span class='ocrx_word' id='word_1_38' title='bbox 1238 1373 1437 1424; x_wconf 77' lang='lat' dir='ltr'>excesseras,</span> <span class='ocrx_word' id='word_1_39' title='bbox 1467 1353 1498 1414; x_wconf 91' lang='lat' dir='ltr'>de</span> 
     </span>
     <span class='ocr_line' id='line_1_7' title="bbox 309 1456 1498 1544; baseline 0.003 -27"><span class='ocrx_word' id='word_1_40' title='bbox 309 1456 433 1536; x_wconf 82' lang='lat' dir='ltr'>regione</span> <span class='ocrx_word' id='word_1_41' title='bbox 461 1457 712 1520; x_wconf 83' lang='lat' dir='ltr'>dissimilitudinis</span> <span class='ocrx_word' id='word_1_42' title='bbox 739 1459 894 1532; x_wconf 85' lang='lat' dir='ltr'>redeunti,</span> <span class='ocrx_word' id='word_1_43' title='bbox 924 1463 1057 1544; x_wconf 87' lang='lat' dir='ltr'>quamvis</span> <span class='ocrx_word' id='word_1_44' title='bbox 1082 1463 1183 1543; x_wconf 89' lang='lat' dir='ltr'>agenti</span> <span class='ocrx_word' id='word_1_45' title='bbox 1205 1462 1303 1524; x_wconf 89' lang='lat' dir='ltr'>adhuc</span> <span class='ocrx_word' id='word_1_46' title='bbox 1320 1461 1498 1530; x_wconf 86' lang='lat' dir='ltr'>forinsecus,</span> 
     </span>
     <span class='ocr_line' id='line_1_8' title="bbox 308 1561 1499 1648; baseline 0.003 -24"><span class='ocrx_word' id='word_1_47' title='bbox 308 1563 429 1644; x_wconf 79' lang='lat' dir='ltr'>hylares</span> <span class='ocrx_word' id='word_1_48' title='bbox 461 1561 517 1626; x_wconf 92' lang='lat' dir='ltr'>tibi</span> <span class='ocrx_word' id='word_1_49' title='bbox 550 1565 735 1628; x_wconf 89' lang='lat' dir='ltr'>occurrimus</span> <span class='ocrx_word' id='word_1_50' title='bbox 768 1572 798 1629; x_wconf 86' lang='lat' dir='ltr'>et</span> <span class='ocrx_word' id='word_1_51' title='bbox 828 1567 879 1630; x_wconf 89' lang='lat' dir='ltr'>leti</span> <span class='ocrx_word' id='word_1_52' title='bbox 910 1569 1132 1648; x_wconf 82' lang='lat' dir='ltr'>procumbimus</span> <span class='ocrx_word' id='word_1_53' title='bbox 1171 1568 1210 1631; x_wconf 88' lang='lat' dir='ltr'>ad</span> <span class='ocrx_word' id='word_1_54' title='bbox 1241 1568 1499 1631; x_wconf 76' lang='lat' dir='ltr'>reconciliacionis</span> 
     </span>
     <span class='ocr_line' id='line_1_9' title="bbox 310 1672 1499 1760; baseline 0.001 -26"><span class='ocrx_word' id='word_1_55' title='bbox 310 1672 444 1734; x_wconf 89' lang='lat' dir='ltr'>osculum</span> <span class='ocrx_word' id='word_1_56' title='bbox 463 1691 553 1753; x_wconf 91' lang='lat' dir='ltr'>super</span> <span class='ocrx_word' id='word_1_57' title='bbox 570 1673 678 1736; x_wconf 86' lang='lat' dir='ltr'>collum</span> <span class='ocrx_word' id='word_1_58' title='bbox 699 1673 737 1760; x_wconf 85' lang='lat'>1),</span> <span class='ocrx_word' id='word_1_59' title='bbox 754 1674 790 1736; x_wconf 87' lang='lat' dir='ltr'>de</span> <span class='ocrx_word' id='word_1_60' title='bbox 807 1679 858 1737; x_wconf 92' lang='lat' dir='ltr'>tuo</span> <span class='ocrx_word' id='word_1_61' title='bbox 876 1675 996 1740; x_wconf 90' lang='lat' dir='ltr'>redditu</span> <span class='ocrx_word' id='word_1_62' title='bbox 1013 1675 1043 1738; x_wconf 91' lang='lat' dir='ltr'>in</span> <span class='ocrx_word' id='word_1_63' title='bbox 1059 1682 1089 1740; x_wconf 91' lang='lat' dir='ltr'>te</span> <span class='ocrx_word' id='word_1_64' title='bbox 1105 1677 1202 1758; x_wconf 90' lang='lat' dir='ltr'>ipsum</span> <span class='ocrx_word' id='word_1_65' title='bbox 1218 1674 1380 1738; x_wconf 76' lang='lat' dir='ltr'>nomentio</span> <span class='ocrx_word' id='word_1_66' title='bbox 1397 1673 1499 1756; x_wconf 88' lang='lat' dir='ltr'>gaudio</span> 
     </span>
     <span class='ocr_line' id='line_1_10' title="bbox 311 1779 1499 1869; baseline 0.002 -29"><span class='ocrx_word' id='word_1_67' title='bbox 311 1779 488 1851; x_wconf 87' lang='lat' dir='ltr'>exultantes,</span> <span class='ocrx_word' id='word_1_68' title='bbox 506 1799 565 1862; x_wconf 89' lang='lat' dir='ltr'>quo</span> <span class='ocrx_word' id='word_1_69' title='bbox 582 1787 668 1862; x_wconf 88' lang='lat' dir='ltr'>pater</span> <span class='ocrx_word' id='word_1_70' title='bbox 685 1781 722 1844; x_wconf 89' lang='lat' dir='ltr'>de</span> <span class='ocrx_word' id='word_1_71' title='bbox 739 1781 781 1868; x_wconf 85' lang='lat' dir='ltr'>a)</span> <span class='ocrx_word' id='word_1_72' title='bbox 797 1779 856 1845; x_wconf 86' lang='lat' dir='ltr'>lilio</span> <span class='ocrx_word' id='word_1_73' title='bbox 873 1782 1006 1846; x_wconf 81' lang='lat' dir='ltr'>redivivo</span> <span class='ocrx_word' id='word_1_74' title='bbox 1025 1803 1112 1866; x_wconf 87' lang='lat' dir='ltr'>quem</span> <span class='ocrx_word' id='word_1_75' title='bbox 1128 1784 1255 1865; x_wconf 89' lang='lat' dir='ltr'>putabat</span> <span class='ocrx_word' id='word_1_76' title='bbox 1270 1783 1310 1869; x_wconf 80' lang='lat' dir='ltr'>b)</span> <span class='ocrx_word' id='word_1_77' title='bbox 1328 1783 1499 1851; x_wconf 86' lang='lat' dir='ltr'>extinctum,</span> 
     </span>
     <span class='ocr_line' id='line_1_11' title="bbox 309 1886 1500 1972; baseline 0 -23"><span class='ocrx_word' id='word_1_78' title='bbox 309 1886 356 1949; x_wconf 89' lang='lat' dir='ltr'>vel</span> <span class='ocrx_word' id='word_1_79' title='bbox 385 1887 535 1950; x_wconf 84' lang='lat' dir='ltr'>inventum</span> <span class='ocrx_word' id='word_1_80' title='bbox 558 1887 596 1972; x_wconf 85' lang='lat' dir='ltr'>c)</span> <span class='ocrx_word' id='word_1_81' title='bbox 622 1907 709 1970; x_wconf 85' lang='lat' dir='ltr'>quem</span> <span class='ocrx_word' id='word_1_82' title='bbox 736 1889 887 1969; x_wconf 90' lang='lat' dir='ltr'>perditum</span> <span class='ocrx_word' id='word_1_83' title='bbox 917 1889 1059 1962; x_wconf 85' lang='lat' dir='ltr'>fleverat,</span> <span class='ocrx_word' id='word_1_84' title='bbox 1088 1891 1263 1972; x_wconf 89' lang='lat' dir='ltr'>gratulatur.</span> <span class='ocrx_word' id='word_1_85' title='bbox 1296 1891 1350 1953; x_wconf 92' lang='lat' dir='ltr'>llle</span> <span class='ocrx_word' id='word_1_86' title='bbox 1368 1889 1500 1952; x_wconf 91' lang='lat' dir='ltr'>nimirum</span> 
     </span>
     <span class='ocr_line' id='line_1_12' title="bbox 310 1993 1499 2080; baseline 0.003 -26"><span class='ocrx_word' id='word_1_87' title='bbox 310 1998 444 2057; x_wconf 82' lang='lat' dir='ltr'>sectator</span> <span class='ocrx_word' id='word_1_88' title='bbox 471 1993 591 2056; x_wconf 88' lang='lat' dir='ltr'>heredis</span> <span class='ocrx_word' id='word_1_89' title='bbox 609 1996 650 2080; x_wconf 82' lang='lat' dir='ltr'>d)</span> <span class='ocrx_word' id='word_1_90' title='bbox 672 1996 778 2058; x_wconf 29' lang='lat' dir='ltr'>hostis*</span> <span class='ocrx_word' id='word_1_91' title='bbox 798 1996 954 2078; x_wconf 87' lang='lat' dir='ltr'>antiquus,</span> <span class='ocrx_word' id='word_1_92' title='bbox 989 2003 1090 2060; x_wconf 91' lang='lat' dir='ltr'>natum</span> <span class='ocrx_word' id='word_1_93' title='bbox 1121 1998 1345 2080; x_wconf 87' lang='lat' dir='ltr'>redempcionis</span> <span class='ocrx_word' id='word_1_94' title='bbox 1378 1997 1499 2060; x_wconf 91' lang='lat' dir='ltr'>humane</span> 
     </span>
     <span class='ocr_line' id='line_1_13' title="bbox 309 2101 1497 2183; baseline 0.002 -21"><span class='ocrx_word' id='word_1_95' title='bbox 309 2119 434 2182; x_wconf 88' lang='lat' dir='ltr'>puerum</span> <span class='ocrx_word' id='word_1_96' title='bbox 452 2101 560 2182; x_wconf 90' lang='lat' dir='ltr'>impius</span> <span class='ocrx_word' id='word_1_97' title='bbox 576 2103 705 2183; x_wconf 89' lang='lat' dir='ltr'>perdere</span> <span class='ocrx_word' id='word_1_98' title='bbox 723 2103 859 2183; x_wconf 85' lang='lat' dir='ltr'>gestiens</span> <span class='ocrx_word' id='word_1_99' title='bbox 876 2104 1039 2176; x_wconf 85' lang='lat' dir='ltr'>Christum,</span> <span class='ocrx_word' id='word_1_100' title='bbox 1057 2111 1088 2168; x_wconf 88' lang='lat' dir='ltr'>et</span> <span class='ocrx_word' id='word_1_101' title='bbox 1103 2105 1215 2168; x_wconf 85' lang='lat' dir='ltr'>Christi</span> <span class='ocrx_word' id='word_1_102' title='bbox 1238 2106 1405 2168; x_wconf 88' lang='lat' dir='ltr'>ecclesiam</span> <span class='ocrx_word' id='word_1_103' title='bbox 1421 2104 1497 2167; x_wconf 81' lang='lat' dir='ltr'>vide-</span> 
     </span>
     <span class='ocr_line' id='line_1_14' title="bbox 308 2209 1497 2296; baseline 0.002 -27"><span class='ocrx_word' id='word_1_104' title='bbox 308 2209 381 2272; x_wconf 89' lang='lat' dir='ltr'>licet</span> <span class='ocrx_word' id='word_1_105' title='bbox 397 2209 592 2273; x_wconf 82' lang='lat' dir='ltr'>orthodoxam</span> <span class='ocrx_word' id='word_1_106' title='bbox 608 2211 697 2293; x_wconf 89' lang='lat' dir='ltr'>impie</span> <span class='ocrx_word' id='word_1_107' title='bbox 719 2215 846 2274; x_wconf 89' lang='lat' dir='ltr'>conatur</span> <span class='ocrx_word' id='word_1_108' title='bbox 868 2213 1042 2292; x_wconf 86' lang='lat' dir='ltr'>extinguere</span> <span class='ocrx_word' id='word_1_109' title='bbox 1072 2219 1117 2284; x_wconf 89' lang='lat' dir='ltr'>et,</span> <span class='ocrx_word' id='word_1_110' title='bbox 1146 2221 1288 2296; x_wconf 85' lang='lat' dir='ltr'>tanquam</span> <span class='ocrx_word' id='word_1_111' title='bbox 1315 2211 1497 2276; x_wconf 89' lang='lat' dir='ltr'>insaciabilis</span> 
     </span>
     <span class='ocr_line' id='line_1_15' title="bbox 310 2317 1497 2403; baseline 0.001 -25"><span class='ocrx_word' id='word_1_112' title='bbox 310 2317 421 2380; x_wconf 87' lang='lat' dir='ltr'>inferni</span> <span class='ocrx_word' id='word_1_113' title='bbox 437 2319 494 2380; x_wconf 88' lang='lat' dir='ltr'>olla</span> <span class='ocrx_word' id='word_1_114' title='bbox 510 2318 677 2399; x_wconf 86' lang='lat' dir='ltr'>profunda,</span> <span class='ocrx_word' id='word_1_115' title='bbox 693 2317 810 2400; x_wconf 91' lang='lat' dir='ltr'>ipsum,</span> <span class='ocrx_word' id='word_1_116' title='bbox 833 2340 870 2381; x_wconf 92' lang='lat' dir='ltr'>ne</span> <span class='ocrx_word' id='word_1_117' title='bbox 888 2339 996 2382; x_wconf 91' lang='lat' dir='ltr'>nomen</span> <span class='ocrx_word' id='word_1_118' title='bbox 1013 2321 1078 2384; x_wconf 87' lang='lat' dir='ltr'>eius</span> <span class='ocrx_word' id='word_1_119' title='bbox 1094 2327 1228 2385; x_wconf 88' lang='lat' dir='ltr'>moretur</span> <span class='ocrx_word' id='word_1_120' title='bbox 1244 2323 1273 2383; x_wconf 89' lang='lat' dir='ltr'>in</span> <span class='ocrx_word' id='word_1_121' title='bbox 1290 2323 1404 2392; x_wconf 76' lang='lat' dir='ltr'>terriS,</span> <span class='ocrx_word' id='word_1_122' title='bbox 1422 2319 1497 2403; x_wconf 90' lang='lat' dir='ltr'>quasi</span> 
     </span>
    </p>

    <p class='ocr_par' dir='ltr' id='par_1_5' title="bbox 192 2423 1555 3909">
     <span class='ocr_line' id='line_1_16' title="bbox 192 2423 1498 2509; baseline 0.002 -24"><span class='ocrx_word' id='word_1_123' title='bbox 192 2461 235 2499; x_wconf 79' lang='lat' dir='ltr'>sn.</span> <span class='ocrx_word' id='word_1_124' title='bbox 247 2423 410 2500; x_wconf 60' lang='lat' dir='ltr'>muitum</span> <span class='ocrx_word' id='word_1_125' title='bbox 427 2431 457 2487; x_wconf 92' lang='lat' dir='ltr'>et</span> <span class='ocrx_word' id='word_1_126' title='bbox 472 2425 623 2506; x_wconf 89' lang='lat' dir='ltr'>integrum</span> <span class='ocrx_word' id='word_1_127' title='bbox 640 2425 797 2505; x_wconf 88' lang='lat' dir='ltr'>deglutire.</span> <span class='ocrx_word' id='word_1_128' title='bbox 831 2426 928 2498; x_wconf 90' lang='lat' dir='ltr'>Unde,</span> <span class='ocrx_word' id='word_1_129' title='bbox 946 2427 1014 2509; x_wconf 85' lang='lat' dir='ltr'>quia</span> <span class='ocrx_word' id='word_1_130' title='bbox 1029 2429 1144 2508; x_wconf 87' lang='lat' dir='ltr'>pariter</span> <span class='ocrx_word' id='word_1_131' title='bbox 1160 2429 1278 2490; x_wconf 83' lang='lat' dir='ltr'>devium</span> <span class='ocrx_word' id='word_1_132' title='bbox 1296 2427 1458 2491; x_wconf 91' lang='lat' dir='ltr'>ducebaris</span> <span class='ocrx_word' id='word_1_133' title='bbox 1473 2431 1498 2488; x_wconf 86' lang='lat' dir='ltr'>et</span> 
     </span>
     <span class='ocr_line' id='line_1_17' title="bbox 311 2533 1499 2616; baseline 0 -21"><span class='ocrx_word' id='word_1_134' title='bbox 311 2534 342 2595; x_wconf 92' lang='lat' dir='ltr'>in</span> <span class='ocrx_word' id='word_1_135' title='bbox 358 2533 521 2603; x_wconf 86' lang='lat' dir='ltr'>interitum,</span> <span class='ocrx_word' id='word_1_136' title='bbox 540 2538 571 2595; x_wconf 92' lang='lat' dir='ltr'>et</span> <span class='ocrx_word' id='word_1_137' title='bbox 587 2533 756 2596; x_wconf 85' lang='lat' dir='ltr'>moliebaris</span> <span class='ocrx_word' id='word_1_138' title='bbox 775 2539 878 2596; x_wconf 89' lang='lat' dir='ltr'>contra</span> <span class='ocrx_word' id='word_1_139' title='bbox 894 2533 1055 2616; x_wconf 60' lang='lat' dir='ltr'>«proprium</span> <span class='ocrx_word' id='word_1_140' title='bbox 1078 2535 1255 2616; x_wconf 88' lang='lat' dir='ltr'>sanguinem</span> <span class='ocrx_word' id='word_1_141' title='bbox 1277 2535 1345 2599; x_wconf 89' lang='lat' dir='ltr'>illas</span> <span class='ocrx_word' id='word_1_142' title='bbox 1371 2535 1499 2603; x_wconf 80' lang='lat' dir='ltr'>insidias,</span> 
     </span>
     <span class='ocr_line' id='line_1_18' title="bbox 312 2639 1499 2725; baseline 0.003 -25"><span class='ocrx_word' id='word_1_143' title='bbox 312 2639 421 2720; x_wconf 85' lang='lat' dir='ltr'>quibus</span> <span class='ocrx_word' id='word_1_144' title='bbox 439 2639 567 2702; x_wconf 91' lang='lat' dir='ltr'>alienum</span> <span class='ocrx_word' id='word_1_145' title='bbox 585 2640 760 2720; x_wconf 88' lang='lat' dir='ltr'>sanguinem</span> <span class='ocrx_word' id='word_1_146' title='bbox 777 2641 903 2704; x_wconf 83' lang='lat' dir='ltr'>fundere</span> <span class='ocrx_word' id='word_1_147' title='bbox 920 2641 1063 2714; x_wconf 80' lang='lat' dir='ltr'>siciebas,</span> <span class='ocrx_word' id='word_1_148' title='bbox 1081 2644 1241 2706; x_wconf 88' lang='lat' dir='ltr'>dolendum</span> <span class='ocrx_word' id='word_1_149' title='bbox 1262 2643 1372 2725; x_wconf 87' lang='lat' dir='ltr'>pocius</span> <span class='ocrx_word' id='word_1_150' title='bbox 1390 2649 1454 2706; x_wconf 88' lang='lat' dir='ltr'>erat</span> <span class='ocrx_word' id='word_1_151' title='bbox 1468 2639 1499 2703; x_wconf 89' lang='lat' dir='ltr'>de</span> 
     </span>
     <span class='ocr_line' id='line_1_19' title="bbox 311 2747 1498 2834; baseline 0.001 -24"><span class='ocrx_word' id='word_1_152' title='bbox 311 2747 416 2811; x_wconf 87' lang='lat' dir='ltr'>salutis</span> <span class='ocrx_word' id='word_1_153' title='bbox 447 2753 497 2810; x_wconf 87' lang='lat' dir='ltr'>tue</span> <span class='ocrx_word' id='word_1_154' title='bbox 528 2747 678 2828; x_wconf 87' lang='lat' dir='ltr'>periculo,</span> <span class='ocrx_word' id='word_1_155' title='bbox 711 2753 740 2810; x_wconf 86' lang='lat' dir='ltr'>te</span> <span class='ocrx_word' id='word_1_156' title='bbox 773 2751 803 2810; x_wconf 92' lang='lat' dir='ltr'>in</span> <span class='ocrx_word' id='word_1_157' title='bbox 830 2750 939 2812; x_wconf 91' lang='lat' dir='ltr'>malum</span> <span class='ocrx_word' id='word_1_158' title='bbox 968 2755 1108 2813; x_wconf 85' lang='lat' dir='ltr'>currente</span> <span class='ocrx_word' id='word_1_159' title='bbox 1136 2770 1203 2814; x_wconf 90' lang='lat' dir='ltr'>cum</span> <span class='ocrx_word' id='word_1_160' title='bbox 1230 2751 1325 2823; x_wconf 92' lang='lat' dir='ltr'>malo,</span> <span class='ocrx_word' id='word_1_161' title='bbox 1357 2771 1447 2834; x_wconf 92' lang='lat' dir='ltr'>quam</span> <span class='ocrx_word' id='word_1_162' title='bbox 1468 2749 1498 2812; x_wconf 91' lang='lat' dir='ltr'>de</span> 
     </span>
     <span class='ocr_line' id='line_1_20' title="bbox 310 2847 1499 2941; baseline 0.001 -23"><span class='ocrx_word' id='word_1_163' title='bbox 310 2847 481 2919; x_wconf 85' lang='lat' dir='ltr'>fluctuantis</span> <span class='ocrx_word' id='word_1_164' title='bbox 511 2857 640 2919; x_wconf 87' lang='lat' dir='ltr'>ecclesie</span> <span class='ocrx_word' id='word_1_165' title='bbox 670 2857 859 2920; x_wconf 89' lang='lat' dir='ltr'>detrimento.</span> <span class='ocrx_word' id='word_1_166' title='bbox 894 2859 1000 2921; x_wconf 83' lang='lat' dir='ltr'>Certos</span> <span class='ocrx_word' id='word_1_167' title='bbox 1029 2878 1157 2941; x_wconf 85' lang='lat' dir='ltr'>namque</span> <span class='ocrx_word' id='word_1_168' title='bbox 1191 2880 1245 2922; x_wconf 91' lang='lat' dir='ltr'>nos</span> <span class='ocrx_word' id='word_1_169' title='bbox 1274 2859 1378 2923; x_wconf 88' lang='lat' dir='ltr'>reddit</span> <span class='ocrx_word' id='word_1_170' title='bbox 1408 2860 1499 2922; x_wconf 85' lang='lat' dir='ltr'>divina</span> 
     </span>
     <span class='ocr_line' id='line_1_21' title="bbox 311 2965 1500 3050; baseline 0.002 -24"><span class='ocrx_word' id='word_1_171' title='bbox 311 2965 470 3046; x_wconf 90' lang='lat' dir='ltr'>promissio</span> <span class='ocrx_word' id='word_1_172' title='bbox 488 2970 518 3026; x_wconf 91' lang='lat' dir='ltr'>et</span> <span class='ocrx_word' id='word_1_173' title='bbox 535 2983 669 3037; x_wconf 90' lang='lat' dir='ltr'>securos,</span> <span class='ocrx_word' id='word_1_174' title='bbox 687 2985 745 3048; x_wconf 89' lang='lat' dir='ltr'>que</span> <span class='ocrx_word' id='word_1_175' title='bbox 762 2986 912 3049; x_wconf 88' lang='lat' dir='ltr'>nunquam</span> <span class='ocrx_word' id='word_1_176' title='bbox 927 2967 1039 3048; x_wconf 88' lang='lat' dir='ltr'>poterit</span> <span class='ocrx_word' id='word_1_177' title='bbox 1053 2967 1176 3039; x_wconf 87' lang='lat' dir='ltr'>irritari,</span> <span class='ocrx_word' id='word_1_178' title='bbox 1194 2968 1273 3050; x_wconf 89' lang='lat' dir='ltr'>quod</span> <span class='ocrx_word' id='word_1_179' title='bbox 1288 2969 1424 3030; x_wconf 89' lang='lat' dir='ltr'>ecclesia</span> <span class='ocrx_word' id='word_1_180' title='bbox 1436 2966 1500 3037; x_wconf 90' lang='lat' dir='ltr'>Dei,</span> 
     </span>
     <span class='ocr_line' id='line_1_22' title="bbox 314 3071 1502 3157; baseline 0.003 -24"><span class='ocrx_word' id='word_1_181' title='bbox 314 3092 402 3156; x_wconf 88' lang='lat' dir='ltr'>quam</span> <span class='ocrx_word' id='word_1_182' title='bbox 433 3071 522 3134; x_wconf 87' lang='lat' dir='ltr'>tlatus</span> <span class='ocrx_word' id='word_1_183' title='bbox 554 3091 611 3154; x_wconf 85' lang='lat' dir='ltr'>quo</span> <span class='ocrx_word' id='word_1_184' title='bbox 645 3074 764 3136; x_wconf 88' lang='lat' dir='ltr'>ducitur</span> <span class='ocrx_word' id='word_1_185' title='bbox 794 3095 853 3136; x_wconf 91' lang='lat' dir='ltr'>non</span> <span class='ocrx_word' id='word_1_186' title='bbox 885 3073 963 3137; x_wconf 87' lang='lat' dir='ltr'>sinet</span> <span class='ocrx_word' id='word_1_187' title='bbox 989 3073 1054 3137; x_wconf 87' lang='lat' dir='ltr'>fieri</span> <span class='ocrx_word' id='word_1_188' title='bbox 1083 3076 1257 3157; x_wconf 85' lang='lat' dir='ltr'>capcionem</span> <span class='ocrx_word' id='word_1_189' title='bbox 1286 3075 1431 3140; x_wconf 89' lang='lat' dir='ltr'>dentibus</span> <span class='ocrx_word' id='word_1_190' title='bbox 1453 3077 1502 3137; x_wconf 92' lang='lat' dir='ltr'>im-</span> 
     </span>
     <span class='ocr_line' id='line_1_23' title="bbox 312 3179 1503 3264; baseline 0.002 -22"><span class='ocrx_word' id='word_1_191' title='bbox 312 3181 430 3260; x_wconf 92' lang='lat' dir='ltr'>piorum</span> <span class='ocrx_word' id='word_1_192' title='bbox 449 3183 496 3259; x_wconf 70' lang='lat'>2),</span> <span class='ocrx_word' id='word_1_193' title='bbox 508 3180 635 3242; x_wconf 87' lang='lat' dir='ltr'>contrito</span> <span class='ocrx_word' id='word_1_194' title='bbox 653 3181 692 3242; x_wconf 91' lang='lat' dir='ltr'>ad</span> <span class='ocrx_word' id='word_1_195' title='bbox 709 3179 844 3244; x_wconf 91' lang='lat' dir='ltr'>ultimum</span> <span class='ocrx_word' id='word_1_196' title='bbox 860 3182 966 3264; x_wconf 89' lang='lat' dir='ltr'>laqueo</span> <span class='ocrx_word' id='word_1_197' title='bbox 984 3183 1147 3254; x_wconf 88' lang='lat' dir='ltr'>venatoris,</span> <span class='ocrx_word' id='word_1_198' title='bbox 1169 3185 1200 3245; x_wconf 92' lang='lat' dir='ltr'>in</span> <span class='ocrx_word' id='word_1_199' title='bbox 1221 3185 1414 3248; x_wconf 89' lang='lat' dir='ltr'>latitudinem</span> <span class='ocrx_word' id='word_1_200' title='bbox 1432 3184 1503 3246; x_wconf 80' lang='lat' dir='ltr'>exiet</span> 
     </span>
     <span class='ocr_line' id='line_1_24' title="bbox 313 3285 1501 3372; baseline 0.002 -24"><span class='ocrx_word' id='word_1_201' title='bbox 313 3285 471 3358; x_wconf 88' lang='lat' dir='ltr'>libertatis,</span> <span class='ocrx_word' id='word_1_202' title='bbox 490 3286 587 3369; x_wconf 89' lang='lat' dir='ltr'>etqui</span> <span class='ocrx_word' id='word_1_203' title='bbox 605 3307 671 3349; x_wconf 87' lang='lat' dir='ltr'>earn</span> <span class='ocrx_word' id='word_1_204' title='bbox 688 3287 786 3370; x_wconf 87' lang='lat' dir='ltr'>querit</span> <span class='ocrx_word' id='word_1_205' title='bbox 808 3289 974 3370; x_wconf 90' lang='lat' dir='ltr'>opprimere</span> <span class='ocrx_word' id='word_1_206' title='bbox 992 3289 1241 3353; x_wconf 81' lang='lat' dir='ltr'>cumfautoribus</span> <span class='ocrx_word' id='word_1_207' title='bbox 1260 3290 1323 3354; x_wconf 91' lang='lat' dir='ltr'>suis</span> <span class='ocrx_word' id='word_1_208' title='bbox 1348 3291 1501 3372; x_wconf 87' lang='lat' dir='ltr'>repentine</span> 
     </span>
     <span class='ocr_line' id='line_1_25' title="bbox 315 3393 1555 3479; baseline 0.001 -23"><span class='ocrx_word' id='word_1_209' title='bbox 315 3393 493 3457; x_wconf 86' lang='lat' dir='ltr'>calamitatis</span> <span class='ocrx_word' id='word_1_210' title='bbox 510 3393 604 3456; x_wconf 89' lang='lat' dir='ltr'>ruinis</span> <span class='ocrx_word' id='word_1_211' title='bbox 622 3393 802 3457; x_wconf 91' lang='lat' dir='ltr'>obeuntibus</span> <span class='ocrx_word' id='word_1_212' title='bbox 819 3395 996 3459; x_wconf 82' lang='lat' dir='ltr'>involvetur.</span> <span class='ocrx_word' id='word_1_213' title='bbox 1030 3397 1076 3460; x_wconf 85' lang='lat' dir='ltr'>Tu</span> <span class='ocrx_word' id='word_1_214' title='bbox 1097 3416 1179 3470; x_wconf 85' lang='lat' dir='ltr'>vero,</span> <span class='ocrx_word' id='word_1_215' title='bbox 1203 3397 1228 3459; x_wconf 91' lang='lat' dir='ltr'>si</span> <span class='ocrx_word' id='word_1_216' title='bbox 1245 3404 1365 3479; x_wconf 90' lang='lat' dir='ltr'>partem</span> <span class='ocrx_word' id='word_1_217' title='bbox 1381 3404 1464 3461; x_wconf 90' lang='lat' dir='ltr'>tuam</span> <span class='ocrx_word' id='word_1_218' title='bbox 1478 3397 1504 3458; x_wconf 92' lang='lat' dir='ltr'>in</span> <span class='ocrx_word' id='word_1_219' title='bbox 1554 3401 1555 3404; x_wconf 75' lang='grc'>’</span> 
     </span>
     <span class='ocr_line' id='line_1_26' title="bbox 314 3499 1504 3586; baseline 0.001 -21"><span class='ocrx_word' id='word_1_220' title='bbox 314 3499 434 3565; x_wconf 90' lang='lat' dir='ltr'>Christo</span> <span class='ocrx_word' id='word_1_221' title='bbox 450 3501 588 3583; x_wconf 90' lang='lat' dir='ltr'>posueris</span> <span class='ocrx_word' id='word_1_222' title='bbox 607 3501 682 3578; x_wconf 84' lang='lat' dir='ltr'>etin</span> <span class='ocrx_word' id='word_1_223' title='bbox 699 3501 819 3564; x_wconf 90' lang='lat' dir='ltr'>Christo</span> <span class='ocrx_word' id='word_1_224' title='bbox 836 3501 1002 3575; x_wconf 92' lang='lat' dir='ltr'>nobiscum,</span> <span class='ocrx_word' id='word_1_225' title='bbox 1021 3506 1071 3586; x_wconf 89' lang='lat' dir='ltr'>qui</span> <span class='ocrx_word' id='word_1_226' title='bbox 1087 3503 1160 3568; x_wconf 90' lang='lat' dir='ltr'>licet</span> <span class='ocrx_word' id='word_1_227' title='bbox 1180 3505 1296 3584; x_wconf 84' lang='lat' dir='ltr'>indigni</span> <span class='ocrx_word' id='word_1_228' title='bbox 1319 3506 1421 3567; x_wconf 86' lang='lat' dir='ltr'>vicem</span> <span class='ocrx_word' id='word_1_229' title='bbox 1444 3505 1504 3566; x_wconf 89' lang='lat' dir='ltr'>eius</span> 
     </span>
     <span class='ocr_line' id='line_1_27' title="bbox 315 3607 1504 3688; baseline 0 -15"><span class='ocrx_word' id='word_1_230' title='bbox 315 3617 452 3673; x_wconf 88' lang='lat' dir='ltr'>tenemus</span> <span class='ocrx_word' id='word_1_231' title='bbox 480 3610 511 3670; x_wconf 90' lang='lat' dir='ltr'>in</span> <span class='ocrx_word' id='word_1_232' title='bbox 539 3608 644 3679; x_wconf 89' lang='lat' dir='ltr'>terris;</span> <span class='ocrx_word' id='word_1_233' title='bbox 673 3607 819 3688; x_wconf 88' lang='lat' dir='ltr'>provehet</span> <span class='ocrx_word' id='word_1_234' title='bbox 843 3607 961 3672; x_wconf 89' lang='lat' dir='ltr'>domurn</span> <span class='ocrx_word' id='word_1_235' title='bbox 980 3617 1079 3683; x_wconf 87' lang='lat' dir='ltr'>tuam,</span> <span class='ocrx_word' id='word_1_236' title='bbox 1113 3613 1193 3675; x_wconf 88' lang='lat' dir='ltr'>sicut</span> <span class='ocrx_word' id='word_1_237' title='bbox 1220 3611 1369 3675; x_wconf 89' lang='lat' dir='ltr'>hactenus</span> <span class='ocrx_word' id='word_1_238' title='bbox 1393 3615 1424 3675; x_wconf 94' lang='lat' dir='ltr'>in</span> <span class='ocrx_word' id='word_1_239' title='bbox 1451 3613 1504 3676; x_wconf 83' lang='lat' dir='ltr'>tuis</span> 
     </span>
     <span class='ocr_line' id='line_1_28' title="bbox 316 3715 1504 3802; baseline 0.006 -24"><span class='ocrx_word' id='word_1_240' title='bbox 316 3715 479 3780; x_wconf 83' lang='lat' dir='ltr'>maioribus</span> <span class='ocrx_word' id='word_1_241' title='bbox 508 3715 674 3780; x_wconf 86' lang='lat' dir='ltr'>dinoscitur</span> <span class='ocrx_word' id='word_1_242' title='bbox 707 3717 890 3798; x_wconf 84' lang='lat' dir='ltr'>provexisse.</span> <span class='ocrx_word' id='word_1_243' title='bbox 934 3717 1090 3782; x_wconf 88' lang='lat' dir='ltr'>Monemus</span> <span class='ocrx_word' id='word_1_244' title='bbox 1127 3719 1219 3801; x_wconf 87' lang='lat' dir='ltr'>igitur</span> <span class='ocrx_word' id='word_1_245' title='bbox 1248 3718 1504 3802; x_wconf 84' lang='lat' dir='ltr'>magnificenciam</span> 
     </span>
     <span class='ocr_line' id='line_1_29' title="bbox 317 3823 1502 3909; baseline 0.003 -22"><span class='ocrx_word' id='word_1_246' title='bbox 317 3831 400 3887; x_wconf 90' lang='lat' dir='ltr'>tuam</span> <span class='ocrx_word' id='word_1_247' title='bbox 418 3829 447 3886; x_wconf 87' lang='lat' dir='ltr'>et</span> <span class='ocrx_word' id='word_1_248' title='bbox 459 3825 640 3905; x_wconf 90' lang='lat' dir='ltr'>propensius</span> <span class='ocrx_word' id='word_1_249' title='bbox 657 3823 864 3894; x_wconf 87' lang='lat' dir='ltr'>adhortamur,</span> <span class='ocrx_word' id='word_1_250' title='bbox 881 3831 1029 3906; x_wconf 80' lang='lat' dir='ltr'>quatenus</span> <span class='ocrx_word' id='word_1_251' title='bbox 1045 3827 1171 3890; x_wconf 88' lang='lat' dir='ltr'>inviam</span> <span class='ocrx_word' id='word_1_252' title='bbox 1187 3831 1307 3909; x_wconf 85' lang='lat' dir='ltr'>patrum</span> <span class='ocrx_word' id='word_1_253' title='bbox 1322 3833 1455 3902; x_wconf 79' lang='lat' dir='ltr'>tuorum,</span> <span class='ocrx_word' id='word_1_254' title='bbox 1470 3827 1502 3891; x_wconf 87' lang='lat' dir='ltr'>ad</span> 
     </span>
    </p>
   </div>
   <div class='ocr_carea' id='block_1_5' title="bbox 315 3953 1501 4216">
    <p class='ocr_par' dir='ltr' id='par_1_6' title="bbox 315 3953 1501 4216">
     <span class='ocr_line' id='line_1_30' title="bbox 408 3953 1501 4040; baseline 0.002 -20"><span class='ocrx_word' id='word_1_255' title='bbox 408 3967 441 4034; x_wconf 87' lang='lat' dir='ltr'>a)</span> <span class='ocrx_word' id='word_1_256' title='bbox 456 3965 488 4019; x_wconf 89' lang='lat' dir='ltr'>de</span> <span class='ocrx_word' id='word_1_257' title='bbox 507 3983 547 4019; x_wconf 85' lang='lat' dir='ltr'>am</span> <span class='ocrx_word' id='word_1_258' title='bbox 565 3967 663 4019; x_wconf 78' lang='lat' dir='ltr'>hande.</span> <span class='ocrx_word' id='word_1_259' title='bbox 679 3996 712 4004; x_wconf 96' lang='lat'>—</span> <span class='ocrx_word' id='word_1_260' title='bbox 727 3966 757 4034; x_wconf 87' lang='lat' dir='ltr'>b)</span> <span class='ocrx_word' id='word_1_261' title='bbox 771 3983 848 4036; x_wconf 89' lang='lat' dir='ltr'>quem</span> <span class='ocrx_word' id='word_1_262' title='bbox 868 3971 980 4038; x_wconf 81' lang='lat' dir='ltr'>putabat</span> <span class='ocrx_word' id='word_1_263' title='bbox 993 3987 1034 4023; x_wconf 88' lang='lat' dir='ltr'>am</span> <span class='ocrx_word' id='word_1_264' title='bbox 1046 3953 1149 4023; x_wconf 71' lang='lat' dir='ltr'>nanda.</span> <span class='ocrx_word' id='word_1_265' title='bbox 1164 4001 1197 4010; x_wconf 89' lang='lat'>—</span> <span class='ocrx_word' id='word_1_266' title='bbox 1212 3971 1242 4040; x_wconf 88' lang='lat' dir='ltr'>c)</span> <span class='ocrx_word' id='word_1_267' title='bbox 1257 3971 1365 4025; x_wconf 84' lang='lat' dir='ltr'>invento</span> <span class='ocrx_word' id='word_1_268' title='bbox 1380 3991 1415 4026; x_wconf 84' lang='lat' dir='ltr'>zu</span> <span class='ocrx_word' id='word_1_269' title='bbox 1427 3975 1501 4026; x_wconf 84' lang='lat' dir='ltr'>lesen.</span> 
     </span>
     <span class='ocr_line' id='line_1_31' title="bbox 322 4055 1500 4126; baseline 0.003 -17"><span class='ocrx_word' id='word_1_270' title='bbox 322 4085 349 4096; x_wconf 87' lang='lat'><em>-</em></span> <span class='ocrx_word' id='word_1_271' title='bbox 365 4057 399 4124; x_wconf 88' lang='lat' dir='ltr'>d)</span> <span class='ocrx_word' id='word_1_272' title='bbox 415 4056 532 4110; x_wconf 81' lang='lat' dir='ltr'>Herodes</span> <span class='ocrx_word' id='word_1_273' title='bbox 545 4073 577 4108; x_wconf 85' lang='lat' dir='ltr'>au</span> <span class='ocrx_word' id='word_1_274' title='bbox 591 4055 672 4109; x_wconf 83' lang='lat' dir='ltr'>lesen.</span> <span class='ocrx_word' id='word_1_275' title='bbox 685 4055 777 4126; x_wconf 83' lang='lat' dir='ltr'>Vorgl.</span> <span class='ocrx_word' id='word_1_276' title='bbox 791 4058 836 4110; x_wconf 82' lang='lat' dir='ltr'>Er.</span> <span class='ocrx_word' id='word_1_277' title='bbox 852 4059 944 4111; x_wconf 84' lang='lat' dir='ltr'>llatth.</span> <span class='ocrx_word' id='word_1_278' title='bbox 957 4058 983 4121; x_wconf 79' lang='lat'>2,</span> <span class='ocrx_word' id='word_1_279' title='bbox 999 4059 1042 4112; x_wconf 80' lang='lat'>13.</span> <span class='ocrx_word' id='word_1_280' title='bbox 1056 4059 1183 4115; x_wconf 82' lang='lat' dir='ltr'>Futurum</span> <span class='ocrx_word' id='word_1_281' title='bbox 1197 4064 1240 4116; x_wconf 84' lang='lat' dir='ltr'>est</span> <span class='ocrx_word' id='word_1_282' title='bbox 1253 4061 1330 4124; x_wconf 86' lang='lat' dir='ltr'>enim,</span> <span class='ocrx_word' id='word_1_283' title='bbox 1344 4067 1375 4117; x_wconf 89' lang='lat' dir='ltr'>ut</span> <span class='ocrx_word' id='word_1_284' title='bbox 1390 4060 1500 4116; x_wconf 84' lang='lat' dir='ltr'>llerodes</span> 
     </span>
     <span class='ocr_line' id='line_1_32' title="bbox 315 4145 879 4216; baseline 0.002 -18"><span class='ocrx_word' id='word_1_285' title='bbox 315 4151 428 4216; x_wconf 79' lang='lat' dir='ltr'>quaerat</span> <span class='ocrx_word' id='word_1_286' title='bbox 449 4162 559 4215; x_wconf 86' lang='lat' dir='ltr'>puerum</span> <span class='ocrx_word' id='word_1_287' title='bbox 578 4145 609 4198; x_wconf 89' lang='lat' dir='ltr'>ad</span> <span class='ocrx_word' id='word_1_288' title='bbox 629 4145 794 4215; x_wconf 85' lang='lat' dir='ltr'>perdendum</span> <span class='ocrx_word' id='word_1_289' title='bbox 812 4163 879 4200; x_wconf 89' lang='lat' dir='ltr'>eum.</span> 
     </span>
    </p>
   </div>
   <div class='ocr_carea' id='block_1_6' title="bbox 459 4291 642 4300">
    <p class='ocr_par' dir='ltr' id='par_1_7' title="bbox 459 4291 642 4300">
     <span class='ocr_line' id='line_1_33' title="bbox 459 4291 642 4300; baseline 0.005 -2"><span class='ocrx_word' id='word_1_290' title='bbox 459 4291 642 4300; x_wconf 37' lang='grc' dir='ltr'>ἥκῃ--</span> 
     </span>
    </p>
   </div>
   <div class='ocr_carea' id='block_1_7' title="bbox 346 4455 541 4532">
    <p class='ocr_par' dir='ltr' id='par_1_8' title="bbox 346 4455 541 4532">
     <span class='ocr_line' id='line_1_34' title="bbox 346 4455 541 4532; baseline -0.01 -18"><span class='ocrx_word' id='word_1_291' title='bbox 346 4467 371 4532; x_wconf 74' lang='lat'>2)</span> <span class='ocrx_word' id='word_1_292' title='bbox 389 4455 429 4515; x_wconf 73' lang='lat' dir='ltr'>rs.¹</span> <span class='ocrx_word' id='word_1_293' title='bbox 447 4470 500 4523; x_wconf 81' lang='lat'>123,</span> <span class='ocrx_word' id='word_1_294' title='bbox 519 4471 541 4512; x_wconf 84' lang='lat' dir='ltr'>o.</span> 
     </span>
    </p>
   </div>
   <div class='ocr_carea' id='block_1_8' title="bbox 1553 0 1558 5114">
    <p class='ocr_par' dir='ltr' id='par_1_9' title="bbox 1553 0 1558 5114">
     <span class='ocr_line' id='line_1_35' title="bbox 1553 0 1558 5114; baseline 0 0"><span class='ocrx_word' id='word_1_295' title='bbox 1553 0 1558 5114; x_wconf 95' lang='lat' dir='ltr'> </span> 
     </span>
    </p>
   </div>
   <div class='ocr_carea' id='block_1_9' title="bbox 0 0 1558 5118">
    <p class='ocr_par' dir='ltr' id='par_1_10' title="bbox 0 0 1558 5118">
     <span class='ocr_line' id='line_1_36' title="bbox 0 0 1558 5118; baseline 0 0"><span class='ocrx_word' id='word_1_296' title='bbox 0 0 1558 5118; x_wconf 95' lang='lat' dir='ltr'> </span> 
     </span>
    </p>
   </div>
  </div>
 </body>
</html>
