3116 5124
278 299 328 372 68

276 472 402 559 bonta)
422 496 568 559 persona,
593 483 624 540 et
646 495 681 538 ea
705 495 764 559 que
785 475 834 538 ille
858 481 984 539 tentator
1007 475 1045 536 de
1067 495 1100 536 se
1122 475 1241 538 locutus
1266 477 1316 536 est
1332 471 1364 533 in
1380 469 1485 552 prima
1553 521 1554 564 ᾗ

276 600 415 663 persona,
431 583 480 648 illa
496 585 539 647 illi
553 585 710 669 loquantur
730 586 761 647 in
783 584 871 648 tertia
891 603 1032 666 persona,
1048 583 1111 646 sic:
1553 565 1554 568 ¹

366 691 428 754 Nos
439 693 510 757 Otto
518 692 556 777 ὂ]
568 693 822 757 milesindexcum
830 693 1023 757 universitate
1031 693 1140 756 civium
1148 691 1489 758 Winnensiumteuore

275 800 462 882 presentium
474 799 658 882 profitemur,
671 802 831 884 quodRud.
842 801 1013 882 eldilectus
1028 801 1162 866 concivis
1175 805 1291 871 noster,
1305 795 1490 880 egritudine

276 909 412 990 corporis
424 913 655 990 preoccupttus,
668 915 877 974 testamentum
890 909 993 972 facere
1007 910 1111 973 rolens
1124 903 1490 988 seddoloreprepeditus

278 1016 472 1088 convalens,
490 1036 563 1079 sana
579 1022 678 1080 tamen
694 1023 792 1080 mente
816 1023 846 1080 et
867 1017 960 1080 libera
976 1017 1143 1088 voluntate,
1160 1016 1250 1079 talem
1262 1013 1310 1076 vel
1327 1013 1412 1076 tales
1430 1029 1490 1093 pro

273 1143 310 1185 se
327 1125 457 1188 omnium
472 1144 573 1189 rerum
589 1145 710 1188 suarum
726 1125 881 1189 constituit
896 1131 1068 1196 testatores,
1085 1126 1160 1188 dans
1177 1125 1222 1186 eis
1239 1123 1280 1207 d)
1297 1127 1359 1184 etc.

670 1338 716 1382 ne
730 1336 781 1382 lite
796 1337 824 1381 ln
839 1347 931 1382 eausa
945 1336 1025 1382 clvlll
1038 1339 1075 1392 e).

792 1430 919 1476 Distiuctlo
932 1431 958 1474 V.

371 1565 444 1628 ltem
466 1565 638 1637 notandum,
662 1565 688 1627 si
711 1585 802 1648 super
826 1564 973 1649 aliquibus
995 1563 1239 1648 possessionibus
1261 1564 1310 1626 vel
1332 1561 1439 1626 rebus
1456 1560 1494 1624 lis

277 1679 342 1736 orta
358 1674 448 1737 luerit
464 1679 494 1736 et
510 1673 661 1737 contentio
677 1675 816 1747 ventilata
839 1675 869 1737 in
891 1675 956 1738 foro
979 1674 1121 1736 videlicet
1143 1672 1240 1747 civili,
1265 1673 1338 1756 quia
1357 1671 1404 1734 de
1422 1670 1493 1733 soro

280 1782 489 1846 ecclesiastico
505 1801 595 1863 supra
610 1783 739 1865 positum
752 1787 800 1845 est
822 1783 895 1845 satis
915 1783 1031 1855 lucide,
1060 1781 1133 1845 etsi
1154 1802 1210 1865 per
1226 1781 1423 1845 sententiam
1440 1798 1494 1843 res

278 1890 326 1954 illa
344 1891 516 1955 adiudicata
533 1891 624 1954 luerit
639 1892 717 1972 parti
733 1891 784 1954 uni
801 1897 831 1954 et
846 1890 1018 1955 abiudicata
1033 1891 1110 1973 parti
1127 1890 1231 1963 alteri,
1247 1889 1374 1954 iudices
1395 1907 1496 1952 secu-

279 1999 358 2062 lares
374 1999 420 2062 vel
437 1999 524 2063 iudex
540 2005 634 2064 totum
650 2018 825 2081 processum
840 2019 932 2063 cause
954 1999 1091 2063 scribunt
1114 2019 1168 2064 suo
1191 1999 1314 2063 nominc
1338 1999 1406 2062 sub
1433 1997 1496 2076 hac

276 2108 390 2170 forma:

365 2215 427 2279 Nos
444 2216 515 2280 Otto
530 2214 569 2299 f)
585 2215 674 2280 iudex
690 2221 720 2278 et
735 2215 912 2279 universitas
937 2216 1047 2280 civium
1078 2215 1208 2280 civitatis
1239 2216 1439 2282 Winnensis
1455 2215 1499 2302 a)

278 2324 415 2388 onrnibus
438 2323 548 2388 Christi
570 2323 707 2388 fidelibus
729 2330 884 2405 presentes
906 2325 1009 2388 literas
1031 2325 1214 2408 inspecturis
1238 2325 1389 2406 cupimus
1423 2345 1498 2387 esse

278 2439 390 2504 notum,
408 2433 488 2514 quod
505 2453 572 2496 cum
590 2432 717 2516 quedam
733 2432 769 2494 lis
786 2433 864 2495 inter
879 2433 1065 2496 venerabiles
1082 2433 1121 2517 l)
1137 2433 1279 2496 abbatem
1296 2440 1329 2497 et
1346 2453 1497 2496 conven-

281 2545 345 2603 tum
369 2540 543 2604 monasterii
565 2541 633 2604 talis
651 2547 783 2623 exparte
806 2561 862 2602 una
885 2547 915 2603 et
937 2541 990 2604 Ch.
1009 2540 1040 2624 i)
1056 2542 1241 2614 institorem,
1266 2541 1444 2605 concivem
1460 2541 1500 2626 1⁶)

279 2652 413 2710 nostrum
431 2669 466 2711 ex
482 2652 568 2729 parte
584 2648 677 2711 altera
695 2667 785 2729 super
800 2648 864 2710 iure
881 2648 964 2710 tundi
981 2649 1138 2712 cuiusdam
1154 2650 1261 2713 domus
1278 2649 1311 2711 in
1334 2649 1398 2712 tali
1425 2651 1497 2714 loco

280 2755 338 2819 site
355 2755 405 2818 diu
423 2755 582 2818 admodum
598 2760 764 2819 verteretur
782 2757 823 2838 l),
837 2757 874 2818 ad
887 2762 1018 2819 nostram
1030 2758 1152 2821 taudem
1167 2759 1360 2840 presentiam
1375 2761 1415 2822 in
1428 2762 1500 2824 loco

278 2863 402 2946 pretorii
420 2862 536 2935 urbani,
549 2865 595 2927 vel
609 2863 640 2925 in
656 2863 785 2926 ecclesia
802 2865 864 2936 tali,
881 2865 1017 2948 partibus
1033 2866 1104 2928 hinc
1117 2867 1188 2929 inde
1201 2867 1403 2942 constitutis,
1422 2889 1501 2952 pro-

284 2972 414 3056 positum
430 2971 487 3036 fuit
503 2993 539 3034 ex
554 2977 640 3055 parte
656 2970 774 3034 abbatis
790 2972 917 3053 predicti
935 2979 965 3036 et
980 2980 1158 3047 conventus,
1176 2976 1257 3059 quod
1274 2976 1337 3059 ipsi
1354 2977 1503 3042 fuissent

280 3080 310 3142 in
338 3079 432 3143 libera
461 3085 491 3143 et
519 3079 620 3163 quieta
647 3079 839 3160 possessione
868 3080 952 3142 lundi
981 3081 1085 3144 domus
1102 3103 1158 3164 per
1181 3083 1290 3146 decem
1314 3091 1347 3148 et
1380 3086 1500 3169 viginti

279 3207 373 3250 annos
391 3193 421 3250 et
437 3187 524 3258 ultra,
546 3187 759 3269 proprietatem
784 3187 867 3250 fundi
889 3187 967 3250 illius
989 3189 1028 3251 ad
1050 3191 1267 3254 monasterium
1285 3213 1383 3256 suum
1397 3195 1502 3278 perti-

279 3315 351 3359 nere
379 3301 568 3365 asserentes,
598 3294 678 3376 qnod
702 3294 790 3356 etiam
804 3295 850 3380 m)
872 3316 906 3357 se
939 3296 1118 3377 probaturos
1141 3299 1270 3380 ydoneis
1287 3301 1330 3383 π)
1352 3303 1499 3366 testibus

282 3402 479 3466 affirmabant.
513 3401 588 3465 Cum
614 3420 685 3482 crgo
713 3421 769 3483 per
795 3403 978 3466 sentenciam
1001 3405 1131 3468 omnium
1163 3411 1260 3470 testes
1294 3410 1503 3490 producendi

281 3513 527 3581 decernerentur,
544 3509 742 3591 productique
765 3529 856 3591 super
871 3511 1079 3575 consciencias
1096 3533 1168 3576 suas
1186 3514 1224 3598 ⁰)
1242 3521 1274 3578 et
1286 3516 1502 3583 iureiurando

280 3619 406 3682 l'undum
423 3617 504 3681 illum
520 3616 559 3680 ad
575 3616 743 3697 predictum
760 3616 899 3679 abbatem
927 3625 957 3681 et
979 3627 1159 3686 conventum
1183 3623 1346 3704 pertinere
1364 3646 1503 3690 asseve-

281 3731 393 3796 rarent,
411 3732 441 3789 ot
457 3744 527 3806 pars
544 3724 671 3786 aduersa
689 3744 747 3785 non
762 3723 887 3787 haberet
904 3726 983 3808 quod
1000 3735 1104 3790 contra
1126 3730 1251 3794 testium
1275 3735 1502 3799 assercionem

280 3836 408 3900 ueritate
421 3833 539 3916 plenum
551 3832 647 3913 possit
663 3832 815 3913 excipere:
833 3855 953 3917 uesper
965 3837 1136 3917 generalem
1149 3819 1345 3904 sentenciam
1359 3844 1503 3908 omnium

282 3943 319 4006 ad
335 3943 393 4005 hoc
415 3940 592 4020 dignorum,
608 3938 734 4002 eundem
753 3940 878 4004 fundum
898 3943 1042 4024 predictis
1066 3945 1168 4009 abbati
1192 3954 1223 4011 ct
1245 3953 1425 4016 conventui
1445 3952 1502 4016 ad-

358 4119 392 4188 o)
414 4118 533 4171 scribant
545 4116 574 4168 Z.
593 4145 630 4155 -
647 4115 678 4182 d)
692 4116 723 4170 0.
738 4117 766 4169 V.
786 4147 819 4155 —
839 4118 870 4184 c)
886 4119 915 4173 a.
934 4121 964 4174 V.
983 4151 1019 4160 —
1039 4123 1075 4190 d)
1099 4126 1141 4178 rel
1155 4126 1180 4178 ei
1193 4128 1304 4196 plenam
1323 4137 1503 4201 potestatem

283 4213 335 4265 etc.
355 4226 406 4279 per
424 4209 509 4262 omnia
527 4211 557 4261 ut
576 4223 657 4276 supra
675 4223 759 4277 usquc
772 4213 858 4262 actum
877 4227 943 4264 anno
957 4213 1032 4265 llom.
1053 4221 1105 4268 etc.
1125 4217 1237 4286 Z.-e)
1260 4220 1333 4274 Uist
1356 4223 1403 4278 VI.
1427 4223 1459 4278 V.
1471 4255 1500 4265 -

280 4301 314 4374 f)
336 4300 366 4354 0,
386 4299 416 4354 V,
435 4327 470 4337 -
487 4297 522 4368 p)
545 4297 574 4350 N.
597 4295 626 4347 v,
646 4325 680 4335 -
698 4295 732 4364 l)
751 4299 923 4352 uenerabilem
944 4302 973 4354 V.
1001 4332 1033 4340 —
1054 4303 1081 4373 i)
1103 4306 1134 4360 C·
1155 4308 1186 4361 V.
1213 4340 1249 4349 -
1278 4310 1316 4381 k)
1351 4316 1504 4369 concivem

282 4391 349 4446 fehlt
368 4389 398 4442 ll.
426 4417 461 4428 -·
480 4387 506 4455 t)
527 4387 678 4440 uolueretur
698 4387 724 4438 Z.
744 4415 777 4424 —
798 4389 839 4455 m)
859 4405 908 4457 per
926 4390 954 4442 v.
986 4421 1016 4430 —
1046 4394 1082 4462 u)
1102 4395 1147 4463 yd.
1167 4397 1240 4453 fehlt
1260 4399 1292 4452 V.
1313 4431 1354 4443 -
1375 4405 1410 4473 o)
1436 4423 1503 4459 suns

281 4481 352 4538 tenu
372 4479 400 4532 V.
