3112 5118
1186 336 1262 408 203

62 503 201 574 indiciis,
219 505 260 566 ad
278 525 312 566 se
330 497 476 568 et'oonea
494 527 527 568 se
544 507 706 570 Romanam
723 507 884 570 ecclesiam
909 508 1016 570 merito
1031 507 1262 589 provocandam.
1293 501 1298 517 '

64 611 274 694 Quapropter*
294 633 361 675 curn
393 613 493 677 officio
522 620 625 678 nostre
657 616 811 678 servitutis
841 615 1013 687 incumbat,
1046 615 1201 678 fraudibus
1234 621 1265 678 et

63 718 195 782 666116116
225 739 388 783 666666666
416 740 626 804 perversorum
655 743 709 794 ne,
742 723 820 807 quod
853 721 948 794 absit,
980 722 1120 804 neglecta
1146 723 1265 786 valeant

62 824 208 888 incendia
227 826 268 910 a)
284 827 364 889 vires
380 848 545 899 resumere,
569 848 626 911 que
644 830 675 891 in
692 829 765 910 ipsis
783 829 941 895 initiorum
958 849 1078 895 suorum
1093 827 1264 911 primordiis

63 934 175 997 melius
204 935 410 1016 extinguntur:
445 957 500 1000 nos
527 937 558 997 in
582 957 686 1000 omnes
709 943 744 1000 et
767 937 902 1018 singulos
925 939 1129 1018 cuiuscunque
1157 937 1265 1000 condi-

66 1041 169 1104 cionis
187 1046 219 1103 et
235 1047 330 1104 616166
348 1043 488 1114 existant,
505 1044 711 1126 cuiuscunque
729 1044 790 1106 sint
806 1045 928 1126 gradus,
947 1044 1061 1107 ordinis
1084 1044 1148 1106 sive
1165 1063 1264 1115 66666,

65 1151 118 1234 qui
146 1169 205 1230 per
235 1155 380 1214 tractatus
410 1152 449 1237 b)
476 1150 614 1233 publicos
641 1154 689 1214 vel
717 1153 853 1214 occultos
883 1173 937 1214 666
965 1171 1161 1234 quoscunque
1190 1152 1264 1215 alios

63 1257 175 1319 modos
203 1256 409 1338 procurabunt
431 1258 503 1320 dicti
532 1258 716 1322 Chunradini
744 1259 970 1340 promocionem
986 1257 1018 1319 in
1033 1278 1138 1340 regem
1155 1260 1264 1321 Roma-

64 1384 176 1427 norum
193 1370 224 1428 61
239 1364 270 1426 16
286 1385 400 1436 omnes,
424 1365 474 1448 qui
491 1367 529 1428 ad
545 1365 576 1427 id
592 1366 812 1448 procurandum
829 1367 1034 1440 convenerint,
1059 1365 1265 1430 excommuni-

65 1471 205 1534 cacionis
224 1472 414 1536 sentenciam
435 1473 658 1554 promulgamus
682 1479 713 1538 61
734 1473 934 1536 anathematis
958 1493 1010 1537 eos
1033 1473 1160 1538 vinculis
1176 1473 1265 1535 inno-

66 1578 198 1648 dantes,
225 1584 322 1641 terras
340 1599 443 1641 eorum
460 1579 673 1643 ecclesiastiae
689 1580 852 1643 subicimus
870 1581 1040 1644 interdicto.
1075 1582 1109 1644 Si
1126 1581 1175 1663 qui
1191 1600 1264 1643 vcro

66 1686 106 1749 ad
123 1687 222 1767 ipsius
239 1685 418 1749 electionem
439 1693 673 1769 processerunt,
701 1689 726 1751 si
749 1689 902 1770 principes
918 1688 1030 1750 1666161
1047 1688 1198 1750 666616666
1216 1688 1264 1773 6),

66 1795 153 1876 ipsos
178 1799 210 1856 61
236 1795 366 1856 heredes
385 1815 487 1857 eorum
514 1802 661 1877 perpetuo
679 1796 816 1858 omnibus
843 1796 941 1858 leodis
960 1801 991 1858 et
1006 1794 1188 1866 honoribus,
1206 1813 1264 1876 que

66 1902 105 1964 ab
130 1901 272 1964 ecclesiis
302 1909 331 1966 61
357 1894 496 1983 pe‘rsonis
525 1902 743 1966 ecclesiasticis
772 1903 925 1974 obtinent,
955 1909 985 1965 61
1011 1909 1072 1966 tarn
1091 1923 1153 1964 eos
1176 1921 1265 1984 quarn

65 2011 276 2092 posteritatem
295 2031 396 2073 eorum
413 2031 509 2094 usque
522 2013 561 2074 ad
574 2018 708 2094 quartam
721 2014 964 2094 generacionem,
987 2013 1069 2074 iure
1093 2009 1264 2091 eligendi

66 2120 323 2182 Romanorum
351 2138 478 2199 regem
501 2120 733 2182 auctoritate
756 2119 950 2201 privamus
974 2118 1209 2199 apostolica,
1235 2122 1265 2179 61

66 2227 195 2307 insuper
213 2226 376 2288 eorundem
392 2225 480 2295 tilios,
503 2227 529 2287 si
553 2227 655 2288 clerici
672 2226 794 2298 fuerint,
817 2246 910 2308 usque
928 2228 966 2288 ad
983 2231 1118 2308 quartam
1134 2243 1265 2306 genera-

69 2336 192 2397 cionem
223 2333 377 2396 reddimus
409 2353 533 2414 prorsus
565 2333 712 2396 inhabiles
744 2333 782 2396 ad
799 2334 961 2415 dignitates
995 2339 1025 2397 et
1056 2333 1265 2396 ecclesiastica

70 2441 224 2505 beneficia
241 2441 419 2514 obtinenda,
452 2443 566 2505 sivero
594 2443 794 2528 electores
826 2441 996 2506 huiusmodi
1019 2441 1126 2525 prelati
1141 2441 1264 2513 1666161,

67 2548 137 2630 1666
167 2549 250 2610 16616
279 2548 409 2628 depositi
436 2567 472 2609 66
501 2548 604 2611 nudati
632 2548 711 2610 omni
739 2554 880 2611 maneant
907 2549 1070 2630 dignitate,
1103 2569 1157 2610 seu
1185 2546 1265 2610 omni

68 2656 282 2718 ecclesiastico
298 2654 446 2717 beneficio
464 2655 528 2717 sine
545 2675 599 2738 666
611 2655 815 2718 restitucionis
833 2662 884 2719 661
896 2656 999 2738 gracie
1017 2656 1116 2739 aliquo
1129 2661 1264 2736 ternpore

69 2763 236 2828 obtinende
254 2761 300 2848 δ).
333 2763 421 2825 Licet
437 2767 536 2826 autem
553 2762 590 2825 de
613 2768 663 2825 tue
681 2763 853 2826 devocionis
872 2769 903 2826 61
918 2764 988 2826 fidei
1004 2764 1134 2844 puritate
1150 2762 1265 2826 firmam

68 2890 215 2952 geramus
231 2868 388 2938 fiduciam,
416 2871 496 2952 quod
512 2871 543 2932 in
559 2870 617 2932 hiis
635 2875 666 2932 et
681 2871 747 2933 aliis
763 2871 885 2953 proprie
902 2872 1062 2953 provideas
1080 2870 1168 2932 saluti
1187 2874 1263 2931 6116

67 2978 185 3042 6661616
201 2978 400 3059 beneplacitis
428 2979 550 3043 studeas
578 2984 740 3061 66661666,
767 2980 836 3062 quia
864 2987 964 3042 tamen
981 2980 1082 3041 calcar
1098 2977 1263 3040 adhibitum

69 3107 184 3170 equum
215 3086 379 3149 admissum
405 3087 503 3168 magis
547 3088 659 3150 excitat
686 3107 774 3170 quam
807 3089 962 3151 molestat:
1006 3085 1185 3150 fraternitati
1213 3091 1264 3148 tue

66 3217 126 3278 per
158 3195 325 3276 apostolica
363 3195 476 3276 scripta
519 3201 550 3258 et
585 3196 615 3256 in
653 3195 771 3258 vinculo
804 3194 981 3260 obediencie
1011 3194 1136 3258 tirmiter
1165 3195 1265 3276 preci-

18 3319 21 3329 ·
66 3303 181 3386 piendo
212 3303 404 3372 mandamus,
437 3309 584 3385 quatenus
611 3324 628 3365 a
656 3304 801 3384 predictis
832 3304 948 3386 laqueis
977 3309 1008 3365 et
1034 3302 1176 3386 periculis
1205 3322 1264 3365 non

69 3411 170 3473 solum
187 3409 241 3472 tibi
271 3429 397 3479 caveas,
426 3411 481 3472 sed
510 3411 647 3480 6161166,
675 3412 760 3473 6616
787 3411 957 3474 huiusmodi
984 3409 1263 3492 666616116611666,

68 3520 183 3581 reddas
201 3517 328 3581 sollicite
346 3519 501 3581 cauciores
520 3523 550 3581 61
571 3519 626 3582 has
649 3524 767 3582 nostras
784 3519 955 3583 sentencias
972 3524 1125 3601 totumque
1142 3517 1263 3598 predic-

66 3633 133 3690 tum
168 3631 304 3688 tenorem
332 3626 363 3688 in
390 3627 450 3688 tuis
485 3625 655 3689 civitatibus
690 3626 829 3709 dyocesis
854 3631 884 3688 et
907 3627 1070 3708 provinciis
1098 3631 1262 3688 convocato

66 3736 151 3798 clero
175 3739 207 3797 et
222 3735 331 3815 populo
349 3733 443 3796 166166
461 3734 585 3814 singulis
601 3735 754 3797 mensibus
770 3734 917 3816 publicari
935 3734 975 3821 ε).
1163 3812 1164 3815 ¹
1272 3760 1378 3800 66666.

160 3861 354 3930 Ergttnzungen
373 3875 421 3912 666
439 3859 574 3912 Schannet
591 3858 741 3913 Vindemiae
761 3877 788 3929 p.
808 3859 953 3912 207-209
973 3858 1096 3913 Clemens
1117 3860 1261 3930 episcopus

69 3969 90 4004 6.
105 3969 128 4004 6.
143 3952 175 4004 D.
195 3949 271 4016 fratri
293 3948 497 4018 archiepiscopo
520 3948 673 4015 Moguntino
692 3950 802 4003 salutem
821 3954 849 4002 61
867 3967 908 4018 66.
923 3951 1016 4003 bened.
1035 3981 1071 3990 —-
1089 3953 1123 4019 α)
1141 3952 1176 4002 Er
1195 3951 1262 4002 hehe

68 4042 126 4093 sich
140 4040 193 4092 der
215 4037 366 4092 Wohlfahrt
380 4037 535 4091 Conradin's
559 4038 683 4109 gel'reut,
707 4040 770 4091 aber
797 4039 885 4092 dieser
906 4042 976 4092 trete
999 4039 1025 4090 16
1046 4040 1087 4092 (116
1103 4040 1262 4106 1666166166

67 4133 155 4185 661666
171 4131 363 4186 Grumentum,
383 4127 452 4180 ohne
466 4146 497 4180 uu
512 4129 664 4188 bedeulren‚
684 4128 746 4182 dass
760 4129 809 4182 wie
822 4129 891 4182 61661
904 4129 1034 4182 16666666
1047 4129 1107 4182 dem
1121 4127 1263 4181 Friedrich

69 4222 180 4275 Sicilien
200 4219 252 4272 und
273 4219 320 4274 166
339 4217 519 4278 1161666116666,
543 4234 573 4271 66
594 4217 702 4272 erdem
724 4217 857 4273 Conradin
878 4217 925 4272 166
939 4219 1100 4288 Kdnigreioh
1113 4217 1262 4273 Jerusalem

69 4312 122 4364 und
150 4310 226 4364 66166
251 4309 353 4362 Rechts
378 4307 433 4361 und
460 4307 577 4361 inrden
604 4309 714 4362 nehmen
741 4310 846 4362 nonne:
873 4309 948 4363 66166
975 4308 1201 4378 congauderemus
1229 4341 1259 4350 -

160 4455 194 4518 a)
209 4451 331 4506 incendia
346 4469 387 4504 666
400 4451 500 4504 Rande.
518 4481 548 4490 -
563 4452 594 4519 d)
610 4453 754 4521 praetactis
773 4453 886 4522 publicis
912 4452 953 4505 vel
969 4452 1080 4506 occultis
1101 4453 1262 4522 corrumpirt

66 4546 109 4600 hei
125 4545 273 4600 Schannel.
290 4571 321 4580 -
336 4543 367 4611 r)
382 4560 452 4598 6666.
467 4542 534 4596 fehlt
548 4541 659 4596 Schann.
