3100 5116
638 640 700 710 26.

77 823 242 907 inperator
258 822 410 901 slgnlbcat
426 793 555 904 principi
571 839 625 884 suo
642 821 721 903 quod
739 836 819 903 papa
831 821 928 903 ipson
940 777 1067 902 benigne
1084 826 1198 890 adiuvit
1214 830 1272 893 etc.

526 1021 529 1026 A
549 979 630 1035 1275.
649 977 803 1035 November.

78 1127 107 1182 ii.
128 1125 237 1197 liudolf
255 1125 331 1181 tbeo'lt
352 1125 436 1182 eicem
454 1127 568 1182 bersan
590 1127 676 1196 (oder
693 1129 767 1181 decr
786 1124 880 1195 Stadt)
904 1125 964 1188 mit,
986 1128 1051 1183 dass
1072 1127 1147 1184 seiae
1165 1129 1275 1186 lictber-

152 1217 279 1290 lrrdoucy
292 1216 444 1273 devorstebc
456 1219 514 1272 urrd
525 1211 597 1273 distet
609 1234 655 1272 um
668 1215 830 1288 Adsendunp
842 1234 894 1278 con
907 1219 990 1274 Boeen
1002 1237 1034 1274 zu
1048 1221 1197 1276 deroelben.

164 1363 292 1426 Gerbort,
305 1361 331 1426 2,
345 1362 389 1417 21.

164 1509 206 1574 Ut
233 1513 334 1576 vestre
362 1507 536 1572 devocionis
564 1508 699 1573 auditum
728 1509 765 1573 de
794 1509 954 1574 fortunatis
986 1515 1088 1576 nostre
1118 1511 1274 1578 felicitatis

72 1617 234 1683 eventibus
261 1613 340 1681 ¹nova
371 1615 510 1701 graciora
538 1615 683 1681 letificent
713 1622 744 1680 et
771 1617 982 1682 fortunacioris
1010 1621 1138 1705 auspicii
1165 1621 1275 1705 gandia

71 1725 261 1812 prefigurent
277 1726 329 1814 a),
354 1746 427 1790 ecce
444 1725 502 1790 boc
519 1726 559 1812 b)
575 1725 690 1810 liquido
713 1725 799 1789 vobis
824 1725 902 1810 stylo
925 1726 1135 1802 describimus,
1162 1731 1275 1815 quoda

1 1822 3 1829 ¹
71 1840 159 1921 patre
177 1840 280 1899 nostro
297 1834 498 1907 sanctissimo,
522 1834 641 1899 domino
658 1835 695 1899 N.
714 1855 791 1919 papa
802 1834 841 1922 ¹),
865 1854 959 1919 nuper
975 1837 1135 1902 affectione
1151 1843 1276 1923 paterna

72 1944 226 2029 suscepti,
259 1944 354 2008 auditi
385 1942 518 2028 benigne
546 1944 585 2030 e)
613 1945 643 2007 in
671 1943 799 2026 agendis
827 1943 960 2027 imperii,
993 1945 1082 2008 immo
1114 1934 1275 2030 benignius

72 2053 223 2125 exauditi,
252 2053 283 2116 in
310 2052 445 2138 proximo
468 2071 571 2116 sumus
594 2052 747 2137 recepturi
769 2053 800 2116 in
823 2051 898 2115 urbe
922 2051 960 2116 de
982 2057 1185 2119 sacrosanctis
1209 2056 1274 2120 eius

72 2162 214 2228 manibus
237 2182 357 2226 sacrum
385 2160 502 2245 imperii
531 2160 670 2225 diadema
679 2161 718 2250 Β).
752 2147 863 2227 Verum
892 2180 960 2224 cum
989 2161 1027 2225 ad
1050 2164 1168 2246 agenda
1191 2169 1274 2230 tante

71 2271 248 2338 festivitatis
265 2270 431 2356 solempnia
444 2271 620 2335 nunciorum
637 2275 804 2334 vestrorum
820 2269 1009 2354 presenciam
1027 2270 1139 2336 ibidem
1156 2273 1276 2338 omnino

72 2381 282 2445 necessariam
305 2379 502 2449 arbitremur,
524 2377 700 2443 fidelitatem
722 2384 854 2442 vestram
877 2377 1031 2443 hortamur
1055 2385 1085 2444 et
1107 2401 1274 2459 monemus,

72 2494 241 2574 quatenus,
271 2488 352 2551 iuxta
379 2487 613 2571 requisicionem
640 2486 824 2551 honorabilis
848 2487 903 2551 viri
925 2488 980 2559 N.,
1010 2491 1135 2554 nuncios
1158 2498 1275 2556 vestros

71 2599 241 2664 industrios
280 2601 310 2660 et
347 2597 526 2660 auctoritate
558 2597 717 2679 presignes
749 2596 789 2659 ad
820 2596 900 2660 dicte
932 2598 1140 2663 coronacionis
1173 2607 1275 2665 nostre

72 2705 211 2774 celebria
235 2705 383 2788 dirigatis,
408 2710 439 2766 ut
456 2725 548 2789 snper
564 2705 701 2769 omnibus
718 2703 830 2768 ibidem
846 2724 901 2788 pro
917 2704 997 2769 bono
1014 2712 1093 2771 statu
1110 2709 1276 2793 reipublice

73 2821 104 2880 et
134 2814 206 2879 fidei
236 2814 407 2879 Christiane
435 2813 597 2879 salubriter
624 2812 813 2884 ordinandis,
842 2814 965 2896 possitis
994 2835 1096 2880 eorum
1124 2819 1278 2884 relacione

73 2923 264 2990 commodius
282 2928 312 2986 et
327 2922 495 3006 perfectius
512 2924 643 2987 edoceri.

165 3087 271 3142 Gebbrt
293 3103 339 3142 aus
362 3085 518 3141 demselben
542 3086 650 3140 Grunde
673 3085 724 3139 wie
747 3085 797 3140 der
821 3086 1045 3157 vorbergebende
1070 3087 1147 3144 Brlel
1172 3091 1198 3143 in
1223 3091 1275 3147 den

72 3179 225 3234 November
240 3176 319 3231 1275.

651 3369 714 3438 27.

233 3544 399 3627 imperator
415 3545 564 3625 slgnlbcat
579 3545 712 3629 prlrclpl
729 3547 962 3611 commendando
979 3565 1047 3612 enm
1064 3554 1120 3613 etc.

72 3701 163 3774 Kenip
176 3698 283 3771 liudolf
297 3701 381 3758 delebo
399 3702 476 3758 doen
493 3701 598 3773 Grafen
616 3721 707 3777 weyers
724 3703 816 3760 omnes
828 3703 1004 3778 Erpebenbeit
1021 3707 1079 3762 und
1094 3706 1216 3765 wdnocbe
1231 3707 1276 3764 iba

356 3793 385 3849 in
397 3793 488 3850 sciner
500 3792 578 3850 Nc'r'be
590 3797 647 3851 und
656 3795 756 3852 seioem
769 3794 854 3851 Ratbe
866 3814 898 3851 cu
911 3795 1003 3853 baben.

168 3937 319 4022 Quantum
336 3938 424 4003 nobis
440 3939 472 4004 in
487 3958 524 4004 eo
541 3941 731 4024 complacuit,
748 3943 829 4026 quod
845 3942 889 4006 sio
902 3941 944 4028 d)
960 3963 1108 4008 accensus
1125 3965 1159 4008 es
1175 3944 1277 4010 innato

72 4047 147 4112 fidei
171 4048 319 4131 puritate,
344 4067 402 4132 qua
428 4068 501 4131 erga
526 4068 647 4114 sacrum
670 4050 836 4114 Romanum
860 4050 1018 4134 imperium
1040 4072 1161 4136 semper
1182 4053 1278 4137 viguit

170 4174 205 4244 a)
219 4173 390 4245 prefigeotur
402 4175 431 4228 Z.
451 4209 480 4218 -
503 4175 536 4246 b)
555 4176 627 4247 quod
645 4176 673 4230 Z.
688 4208 717 4218 -
735 4177 767 4248 c)
787 4178 903 4247 benigne
920 4179 968 4232 aut
984 4179 1070 4234 Rasur
1088 4179 1116 4230 Z.
1131 4206 1164 4218 —
1179 4179 1215 4260 d)
1237 4179 1277 4234 sic

72 4264 127 4320 und
150 4280 181 4318 es
202 4263 292 4319 ieblec
312 4263 340 4319 V.

102 4469 126 4530 ¹)
148 4472 271 4532 Gregorio
283 4471 311 4517 X.

101 4559 127 4622 ι)
148 4563 232 4622 vergl.
245 4565 313 4607 Anm.
329 4564 339 4608 l
355 4577 406 4609 aum
421 4564 633 4624 verborgebcnden
646 4565 733 4610 Brisie.
