3112 5118
1149 303 1240 395 roo=

52 496 152 567 nititur,
181 495 367 559 reformetur.
399 493 491 559 Huius
511 496 589 558 enim
605 495 841 577 preminenciam
859 497 1014 578 dignitatis
1043 497 1112 559 dum
1137 516 1225 559 reve-

50 610 138 666 renter
152 603 344 676 attendimus,
375 605 426 698 qui
452 604 593 686 regimini
622 603 773 684 generalis
802 604 949 676 ecclesie,
983 605 1056 666 licet
1083 604 1225 673 inmeriti,

52 710 134 774 divina
155 716 253 773 tamen
269 710 463 792 providencia
479 710 685 792 presidemus,
710 710 864 773 reddimur
880 712 971 774 corde
988 709 1124 781 solliciti,
1150 729 1226 793 quo-

50 817 125 881 modo
153 817 248 899 possit
280 839 315 880 ex
346 823 449 881 nostre
486 818 667 900 provisionis
699 818 807 881 auxilio
847 818 1056 901 tranquillitati
1089 817 1226 881 eiusdem

51 924 174 996 ecclesie,
191 925 296 988 celesti
308 925 421 1006 pietate
436 926 584 1007 propicia,
600 925 762 1007 provideri,
780 926 940 1008 presertim
957 926 1037 1008 quod
1053 925 1226 1006 unigenitus

49 1032 97 1094 llei
120 1032 186 1103 rivi,
214 1037 247 1094 ut
273 1032 485 1095 reconciliaret
512 1052 632 1095 servum
661 1029 798 1104 domino,
827 1032 986 1096 descendit
1008 1032 1046 1095 ad
1062 1032 1120 1094 ima
1137 1037 1168 1094 et
1186 1032 1223 1094 de

49 1140 141 1203 mundo
162 1141 343 1202 transiturus
365 1140 404 1202 ad
425 1143 559 1220 patrem,
586 1137 671 1221 pacis
694 1138 895 1202 hereditatem
918 1139 980 1201 suis
998 1140 1028 1201 in
1044 1144 1225 1202 testamento

47 1248 197 1328 delegarit:
217 1257 384 1329 „pacem“,
408 1247 566 1329 inquiens,
592 1265 709 1320 „meam
725 1246 763 1309 do
779 1246 883 1318 uobis,
905 1252 1027 1328 pacem!
1051 1245 1099 1332 1)‘“
1118 1246 1225 1309 hocin

48 1354 137 1418 ultimo
154 1345 372 1438 quodammodo
389 1372 571 1434 proponens,
588 1359 621 1416 ut
636 1353 761 1417 uerbum
775 1353 860 1435 pacis
877 1353 1037 1420 ardencius
1055 1353 1086 1415 in
1102 1353 1229 1415 audien-

47 1463 113 1525 cium
138 1462 278 1525 cordibus
306 1460 460 1542 figeretur.
484 1460 628 1524 -Hinc
660 1467 706 1524 est
735 1460 830 1544 quod,
862 1466 895 1524 ut
923 1461 988 1542 ipsa
1014 1460 1104 1524 beata
1132 1466 1228 1523 mater

48 1570 164 1633 ecclesia
179 1588 235 1651 per
246 1568 378 1632 fidelium
394 1587 517 1631 suorum
532 1568 651 1631 salubre
665 1567 824 1631 consilium
841 1573 871 1630 et
887 1568 1027 1631 auxilium
1039 1568 1228 1630 fructuosum

46 1684 129 1742 status
146 1679 240 1742 debiti
255 1679 353 1760 possit
373 1677 487 1740 hahere
511 1678 654 1740 decorem
671 1677 722 1763 α),
739 1697 796 1739 nec
819 1697 878 1739 non
899 1696 954 1758 pro
977 1677 1123 1758 negocio,
1147 1676 1228 1758 quod

44 1786 112 1850 inter
126 1787 252 1851 eandem
275 1790 411 1848 sanctam
432 1791 559 1848 matrem
582 1784 744 1848 ecclesiam
760 1805 796 1846 ex
811 1789 898 1865 parte
923 1803 991 1854 una,
1015 1789 1046 1846 et
1061 1783 1229 1865 principem

45 1894 75 1956 N.
97 1893 123 1980 ²)
146 1915 181 1956 ex
207 1899 296 1976 parte
319 1893 414 1956 altera
435 1912 490 1974 per
518 1892 638 1955 modum
659 1892 720 1955 litis
743 1891 885 1962 sortitur,
922 1890 1107 1953 dirimendo:
1136 1910 1227 1972 reges

44 2008 127 2075 terre,
152 2003 288 2084 prelatos
305 2001 503 2064 ecclesiarum
526 2006 557 2064 et
579 2001 653 2064 alios
677 1999 780 2063 mundi
803 2004 940 2062 rectores
964 1997 1099 2061 duximus
1117 2017 1229 2060 convo·

45 2111 161 2181 candos,
193 2116 224 2173 et
254 2109 292 2172 oh
327 2109 386 2172 hoc
414 2116 465 2172 tue
495 2110 591 2173 eciam
625 2108 807 2172 fraternitati
838 2127 893 2189 per
921 2105 1086 2188 apostolica
1114 2107 1228 2189 scripta

43 2219 222 2290 mandantes,
249 2222 396 2301 quatenus
421 2217 499 2280 omni
515 2236 639 2298 prorsus
662 2216 823 2279 occasione
850 2215 1002 2296 relegata,
1031 2214 1067 2277 N.
1097 2214 1225 2278 termino

43 2331 121 2409 atque
137 2325 186 2389 die
204 2322 246 2409 β)
266 2329 367 2387 nostro
396 2329 427 2386 te
456 2325 634 2405 conspectui
661 2328 871 2404 representes,
898 2328 1045 2405 quatenus
1077 2341 1149 2392 nos,
1179 2321 1229 2404 qui

43 2454 73 2496 ex
97 2433 184 2496 ollicii
207 2431 306 2496 nostri
328 2430 430 2495 debito
455 2431 530 2503 hiis,
555 2431 606 2513 qui
628 2450 722 2513 prope
739 2430 844 2493 athiis
861 2430 911 2513 qui
927 2423 1017 2510 longe
1035 2434 1120 2501 sunt,
1143 2422 1229 2510 pacis

45 2545 70 2604 et
83 2540 243 2605 concordie
273 2539 398 2602 consilia
425 2544 563 2601 tenemur
589 2537 768 2620 propensius
798 2539 949 2620 cogitare,
978 2542 1030 2600 tua
1047 2542 1077 2599 et
1104 2537 1229 2599 aliorum

16 2669 17 2674 ¹
44 2648 196 2728 prudencia
214 2648 256 2732 a)
279 2647 441 2716 mediante,
466 2645 636 2727 predictum
661 2646 820 2727 negocium
845 2665 881 2708 eo
905 2644 1060 2707 comodius
1077 2644 1229 2706 valeamus

44 2755 75 2817 ad
90 2763 198 2821 statum
213 2755 301 2837 pacis
319 2761 350 2817 et
366 2753 528 2817 concordie
545 2759 722 2836 retorquere
740 2754 790 2839 p).

120 2919 319 2989 Ergtnzungen
341 2935 389 2970 aus
408 2917 490 2984 Rayn.
507 2915 587 2978 1245,
601 2932 643 2969 no.
659 2915 683 2968 l.
698 2945 733 2954 -
747 2914 780 2985 α)
804 2917 831 2966 et
853 2911 1018 2983 deplorando
1040 2917 1113 2966 terre
1136 2913 1229 2988 sancte

43 2995 176 3060 discrimini
200 3013 228 3060 et
253 3007 354 3060 afflicto
377 3007 495 3059 Romano
523 3003 633 3076 imperio
656 3021 773 3076 propere
797 3005 885 3057 valeat
906 3003 1041 3056 subveniri
1063 3019 1094 3056 ac
1116 3002 1230 3056 inueniri

41 3096 176 3150 remedium
194 3098 294 3150 contra
307 3095 438 3148 Tartaros
457 3099 484 3148 et
503 3094 569 3149 alios
591 3097 792 3164 contemptores
805 3093 868 3148 fidei
882 3110 913 3146 ao
927 3095 1119 3163 persecutores
1134 3092 1228 3161 populi

41 3185 175 3240 christiani.
191 3216 225 3226 -
241 3183 279 3256 β)
303 3201 389 3254 usquc
412 3184 446 3238 ad
466 3185 614 3254 proximum
636 3185 735 3238 testum
758 3185 785 3237 S.
809 3184 919 3238 loannis
942 3183 1061 3253 Baptiste
1075 3211 1110 3220 -
1124 3179 1155 3250 p)
1171 3181 1229 3234 Dat.

40 3274 148 3348 Lugduni
174 3276 209 3330 lll
235 3275 327 3328 Nonas
353 3272 472 3329 lanuarii
496 3275 591 3343 pontif.
617 3273 745 3330 secundo.
773 3303 801 3312 -
827 3274 875 3327 uin
902 3272 1038 3326 dholiches
1062 3271 1228 3341 pt'pstliehes

41 3364 177 3422 Sclreibon
207 3365 367 3431 „abbatibus
392 3368 420 3417 et
446 3363 582 3434 prioribus
604 3380 655 3435 per
676 3364 799 3432 Angliam
822 3363 996 3418 constitutis“
1019 3362 1079 3415 oar.
1105 3360 1229 3428 Lugduni

40 3454 69 3508 lll
84 3457 138 3510 llal.
157 3457 242 3511 Febr.
261 3455 357 3525 pontif.
372 3471 439 3508 anno
453 3455 587 3509 secundo:
606 3454 654 3508 Dei
672 3455 758 3508 virtus
772 3483 808 3492 -
822 3452 929 3532 onerosi
951 3453 993 3506 bei
1007 3452 1085 3504 usto.
1099 3450 1175 3503 Paris
1190 3449 1223 3500 ed

40 3544 138 3601 London
152 3546 237 3610 1640,
252 3563 279 3616 p.
294 3544 355 3599 636.

123 3711 156 3777 a)
173 3726 216 3763 am
231 3707 339 3762 Rande:
360 3706 425 3761 alius
441 3708 589 3776 presencia.

39 3878 361 3891 s-...ffl

60 3996 81 4054 ¹)
97 3998 137 4042 llu.
156 4000 210 4044 loli.
233 4011 254 4042 c.
276 3995 313 4043 14.
332 3996 371 4040 2⁷.

62 4091 83 4150 Ι)
97 4096 179 4141 llaiser
197 4095 326 4141 Friedrich
344 4095 375 4138 ist
391 4091 503 4152 gemeiut.
