3100 5116
866 501 927 574 37.

632 677 798 760 llplscopus
815 674 846 740 ll.
865 677 1062 743 homanorum
1078 683 1152 762 regl.

769 835 839 891 1275
855 837 920 892 oder
935 837 1015 892 12⁷6.

289 978 451 1051 Eraddochof
459 977 602 1034 Friedrich
619 996 669 1035 eon
684 980 814 1052 Sclzhurp
827 979 898 1035 cieret
912 983 964 1036 deo
978 982 1066 1054 Kduip
1077 982 1183 1054 liudolf
1191 981 1237 1037 die
1249 982 1485 1055 widerepenotipen

288 1071 503 1138 diaconum,
535 1070 580 1127 die
605 1090 635 1127 er
660 1072 881 1128 excommunicari
905 1075 962 1128 und
985 1073 1050 1128 dher
1075 1077 1159 1129 deren
1187 1074 1361 1146 Beeiteunpen
1385 1091 1415 1127 cr
1436 1075 1489 1128 dee

339 1162 467 1218 Interdict
480 1162 702 1236 acepeeprocheo,
715 1164 867 1219 acinereeita
879 1162 953 1218 ihrer
969 1166 1052 1219 Gruter
1062 1165 1112 1236 fdr
1124 1165 1254 1238 ccrluetip
1267 1182 1300 1217 zu
1314 1164 1443 1219 erhldren.

377 1307 521 1369 Bodmann,
535 1324 561 1378 p.
576 1308 612 1362 32
626 1308 843 1379 Salisburgensis
857 1308 973 1380 archiep.
988 1310 1020 1364 ad
1036 1309 1178 1366 Rudoltum
1192 1311 1222 1364 R.
1236 1311 1267 1364 R.

379 1453 472 1516 Error
486 1453 712 1535 incorrigibilis,
729 1454 889 1536 desperata
905 1455 1022 1518 malicia
1040 1460 1070 1517 et
1086 1454 1255 1519 inflexibilis
1269 1455 1308 1519 ad
1326 1454 1481 1518 emendam

290 1562 433 1645 iniquitas
450 1561 482 1624 C.
502 1568 532 1625 et
549 1563 596 1634 H,
613 1563 763 1646 quondam
788 1564 919 1626 ecclesie
949 1569 1051 1627 nostre
1078 1563 1334 1636 ministerialium,
1364 1569 1489 1645 urgente

289 1670 409 1734 iusticia
426 1690 481 1733 nos
498 1671 691 1753 compellunt,
705 1676 853 1735 uteorum
869 1677 997 1754 peccata
1014 1675 1130 1736 notoria
1144 1680 1175 1737 et
1188 1673 1305 1736 scelera
1317 1664 1489 1742 manifesta,

288 1798 419 1864 quorum
436 1783 571 1842 veterata
587 1778 745 1861 putredine
762 1779 872 1843 vicinia
895 1786 959 1844 tota
982 1782 1096 1853 sordet,
1118 1782 1197 1844 iusto
1214 1781 1270 1845 Dei
1286 1781 1405 1844 iudicio
1422 1801 1490 1863 por-

288 1907 465 1971 sequamur‚
482 1893 573 1970 utque
592 1907 660 1960 eos,
684 1869 761 1971 quos
778 1889 1008 1970 exspectaeione
1025 1909 1145 1953 morosa
1163 1896 1193 1953 et
1210 1889 1340 1974 quodam
1359 1891 1489 1972 irrepre-

287 1995 426 2060 sentabili
443 1996 550 2078 spiritu
563 1997 604 2084 a)
620 1997 741 2078 pietatis
759 1997 954 2060 sustinuimus
971 1998 1131 2070 hactenus,
1148 1998 1375 2080 incorrigibiles
1393 1999 1488 2060 animo

288 2112 318 2169 et
334 2105 474 2186 indignos
491 2104 578 2167 venia
594 2104 796 2188 relinquamus
814 2106 912 2168 divino
929 2106 1119 2190 humanoque
1144 2106 1255 2170 iudicio
1279 2128 1335 2189 pro
1353 2106 1488 2190 peccatis

285 2214 414 2298 propriis
431 2215 608 2296 puniendos.
641 2215 746 2297 Nuper
763 2214 852 2287 enim,
870 2214 1019 2278 universis
1038 2215 1169 2278 ecclesie
1192 2222 1297 2280 nostre
1322 2216 1487 2280 ministeri-

289 2324 385 2389 alibus
409 2324 601 2395 convocatis,
630 2329 747 2387 servato
770 2325 843 2386 iuris
867 2324 970 2387 ordine
987 2330 1018 2388 et
1034 2323 1184 2408 prioribus
1202 2325 1368 2388 sentenciis
1387 2325 1484 2388 ineos

289 2432 378 2496 editis
417 2431 626 2496 ordinabiliter
665 2452 766 2496 coram
797 2412 867 2495 ¹suis
899 2432 1024 2515 paribus
1056 2434 1087 2496 in
1118 2433 1229 2498 iudicio
1261 2435 1404 2517 repetitis
1436 2435 1483 2519 b),

290 2543 327 2606 de
359 2542 509 2606 communi
541 2560 691 2606 consensu
725 2548 755 2606 et
787 2542 942 2606 sentencia
971 2542 1157 2624 singulorum
1185 2544 1268 2626 ipsos
1302 2543 1485 2607 infidelitatis

288 2658 318 2715 et
344 2650 468 2736 periurii
497 2650 622 2713 crimine
650 2652 784 2716 irretitos
813 2658 843 2716 et
870 2653 933 2716 veri
962 2653 1007 2715 sui
1031 2652 1141 2715 domini
1166 2651 1268 2715 hostes
1292 2651 1434 2734 publicos
1460 2656 1488 2713 et

286 2761 448 2825 malevolos
465 2759 634 2842 proditores
653 2780 721 2823 esse
744 2767 774 2825 et
792 2762 842 2823 diu
858 2761 953 2824 tuisse
969 2762 1251 2845 pronunciauimus‚
1276 2767 1362 2825 etex
1385 2761 1434 2824 his
1460 2768 1488 2823 et

287 2871 354 2934 aliis
372 2869 485 2938 causis,
501 2868 604 2931 iudicii
621 2874 757 2951 tempore
775 2869 946 2942 declaratis,
964 2870 1091 2932 infames
1108 2889 1161 2932 eos
1179 2870 1391 2943 iudicavimus,
1418 2890 1487 2933 eos·
1546 2945 1547 2950 γ

287 3002 345 3064 que
368 2981 498 3044 omnium
524 2978 686 3051 bonorum,
708 2980 832 3053 iunium,
863 2987 893 3044 et
910 2980 1104 3062 dignitatum,
1129 3000 1219 3064 quea
1237 2985 1343 3044 nostra
1361 2979 1489 3044 ecclesia
1546 2979 1547 2984 ’

285 3090 431 3153 hactenus
448 3094 618 3159 tenuerant,
648 3088 775 3150 t'ecimus
800 3088 975 3151 exheredes.
1010 3089 1048 3151 Et
1071 3088 1209 3172 quoniam
1233 3089 1325 3151 iidem
1354 3089 1487 3151 homines

229 3189 232 3194 ’
286 3196 438 3262 inhumani
454 3196 553 3277 longis
570 3201 651 3259 retro
668 3197 854 3279 temporibus
871 3216 925 3279 pro
943 3197 1057 3279 rapinis
1080 3203 1111 3260 et
1135 3197 1240 3279 predis
1263 3197 1415 3279 publicis,
1438 3216 1489 3279 pro

286 3305 440 3368 nocturnis
475 3310 505 3367 et
530 3303 642 3366 diurnis
668 3302 915 3386 aggressionibus
934 3309 964 3367 et
983 3303 1049 3366 aliis
1069 3305 1168 3366 multis
1187 3303 1345 3368 maleficiis
1375 3325 1492 3368 exeom-

284 3414 500 3477 municacionis
514 3412 687 3476 sentencias
701 3413 730 3474 in
744 3432 795 3474 eos
812 3413 868 3475 rite
881 3413 956 3475 latas
969 3412 1185 3493 perbiennium
1202 3414 1374 3497 etamplius
1390 3415 1490 3496 damp-

285 3523 427 3586 nabiliter
449 3527 705 3603 contempserunt,
729 3521 882 3603 predictas
906 3521 1228 3584 excommunicacionis
1253 3524 1432 3586 sentencias
1449 3523 1489 3584 sic

288 3632 425 3695 duximus
444 3631 665 3713 aggravandas,
684 3631 752 3693 dum
771 3631 868 3693 omnia
884 3630 963 3693 bona
982 3651 1038 3714 que
1055 3630 1154 3693 adhuc
1171 3637 1286 3704 tenent,
1305 3631 1487 3696 subiecimus

288 3743 500 3808 ecclesiastico
536 3742 713 3813 interdicto,
753 3761 933 3824 omnesque,
972 3741 1021 3825 qui
1057 3741 1181 3804 consilio
1218 3747 1248 3804 et
1277 3742 1388 3806 auxilio
1421 3741 1489 3824 ipsis
1543 3797 1545 3804 ⁴

286 3853 449 3924 assistunt,
479 3853 523 3914 eis
546 3852 763 3933 participantes
787 3851 964 3913 incrimine
988 3851 1149 3913 criminoso
1173 3850 1261 3913 simili
1286 3852 1486 3915 excommuni-

286 3962 420 4027 cacionis
444 3961 599 4023 sentencia
628 3960 763 4023 duximus
793 3959 989 4023 innodandos.
1033 3960 1144 4022 Verum
1177 3980 1242 4022 cum
1272 3960 1407 4024 ecelesia
1435 3980 1487 4022 non

286 4071 399 4136 babeat
414 4070 501 4141 ultra,
519 4070 590 4152 quid
614 4069 715 4140 saciat,
739 4068 796 4131 nisi
820 4074 851 4132 ut
873 4066 1012 4131 auxilium
1035 4066 1153 4130 brachii
1176 4068 1322 4130 secularis
1341 4069 1483 4130 adversus

294 4207 346 4253 eos
370 4184 498 4254 excitet,
528 4182 578 4266 qui
602 4182 699 4246 divina
730 4182 841 4246 iudicia
863 4186 1126 4263 contempserunt,
1156 4180 1351 4244 serenitatem
1377 4180 1488 4262 regiam

290 4294 407 4359 devotis
434 4291 583 4375 precibus,
605 4292 804 4374 inploramus,
840 4297 986 4375 quatenus
1011 4309 1065 4372 pro
1089 4290 1204 4352 honore
1225 4288 1282 4352 Dei
1311 4295 1342 4352 et
1370 4289 1486 4370 imperii

381 4419 416 4488 a)
436 4417 550 4490 quadam
569 4417 793 4489 irreprehensibili
814 4418 904 4491 specie
918 4416 946 4469 Z.
965 4416 1018 4470 und
1037 4416 1129 4470 Bodm.
1145 4445 1178 4455 -
1193 4415 1224 4482 b)
1239 4413 1264 4468 in
1292 4433 1339 4469 eos
1363 4415 1444 4470 editis
1456 4443 1488 4454 -

285 4509 410 4586 repetitis
423 4511 471 4565 auf
481 4509 567 4565 Rasur
580 4509 609 4563 V.
