3108 5118
311 345 386 414 270

314 517 458 580 duriciam
488 513 655 578 adamante
674 514 786 575 sorcius
803 510 993 581 indurantes,
1025 511 1113 576 immo
1140 512 1333 576 afflictionem
1363 511 1496 576 addentes

314 624 439 694 afflicto,
458 622 572 685 eisdem
587 620 729 702 precibus
747 625 777 682 et
792 625 894 681 nostro
911 617 1051 680 mandato
1069 620 1248 701 contemptis
1265 620 1318 704 a),
1334 621 1496 700 permittitis

313 749 380 795 eum
402 729 523 811 fatigari
544 727 698 791 laboribus
721 725 863 808 gravibus
888 731 918 788 et
942 725 1100 806 expensis,
1121 746 1175 789 sue
1198 747 1258 790 non
1282 725 1495 809 compacientes

311 838 411 920 inopie
428 857 485 900 nec
502 836 621 898 iusticie
639 835 696 898 sibi
715 834 848 898 debitum
870 834 1079 916 inpendentes.
1113 835 1188 898 llinc
1212 840 1268 907 est,
1295 836 1376 917 quod
1396 835 1495 898 iterato
1519 915 1524 926 ι

310 947 342 1008 in
370 944 440 1007 fidei
457 943 496 1030 b]
513 943 631 1015 debito,
660 961 718 1025 quo
747 942 833 1004 nobis
862 942 1077 1022 astringimini,
1115 947 1144 1005 et
1173 942 1228 1004 sub
1253 942 1379 1006 obtentu
1403 943 1496 1024 gracie

313 1056 415 1115 nostre
437 1051 521 1113 vobis
554 1051 689 1114 districte
719 1049 913 1132 precipiendo
937 1049 1127 1122 mandamus,
1151 1056 1299 1132 quatenus
1316 1052 1376 1132 ipsi
1391 1051 1426 1113 N.
1444 1057 1497 1112 tan

313 1159 482 1240 graciosam
500 1162 529 1220 et
545 1163 606 1220 tam
622 1157 751 1220 celerem
769 1157 914 1221 studeatis
938 1157 1058 1220 iusticie
1079 1158 1294 1239 plenitudinem
1308 1159 1456 1240 inpertiri,
1471 1165 1497 1220 ut

314 1287 373 1330 non
391 1271 519 1348 cogatur
535 1265 679 1346 deinceps
697 1263 735 1326 ad
752 1264 880 1328 tribunal
897 1265 1013 1348 regium
1029 1284 1186 1328 recurrere
1202 1285 1295 1347 super
1311 1285 1359 1326 eo.

869 1576 932 1648 56.

641 1751 700 1816 ltcx
719 1733 911 1816 Romanorum
928 1751 958 1816 ll.
977 1755 1118 1835 episcope
1133 1751 1181 1836 a).

313 1912 407 1984 Kdniy
420 1910 524 1981 liudolf
533 1916 627 1964 croslet
639 1909 715 1963 einen
731 1908 844 1978 Bisebof
852 1909 916 1964 dher
929 1910 980 1962 den
993 1910 1052 2004 ⁸Tod
1064 1910 1152 1964 scinco
1170 1911 1279 1982 νομίσῃ
1303 1928 1336 1965 er
1349 1913 1439 1968 werde
1449 1907 1497 1966 siet

535 2003 581 2057 mit
594 2000 646 2055 ibm
659 1999 784 2056 beratben
797 2003 852 2056 uad
865 2000 941 2055 einen
955 2001 1057 2054 andern
1076 2003 1140 2072 Vopt
1153 2002 1286 2056 dcatellen.

404 2148 547 2206 Rodmanm
561 2164 586 2216 p.
600 2144 662 2198 228.

406 2292 449 2353 Ex
467 2311 525 2373 quo
543 2288 657 2372 placuit
673 2289 738 2370 regi
755 2308 860 2369 regum
877 2289 1033 2359 altissimo,
1050 2289 1149 2370 palmo
1172 2291 1270 2352 omnia
1287 2287 1494 2373 complectenti

312 2400 396 2462 cuius
420 2397 530 2461 indicia
551 2416 625 2460 voce
647 2396 824 2478 prophetica
852 2402 1027 2478 reputantur
1050 2396 1160 2478 abysos
1177 2398 1269 2460 multa
1292 2396 1332 2483 1),
1359 2398 1494 2462 dilectum

316 2511 451 2569 nostrum
468 2507 503 2568 N.
522 2505 617 2568 virum
635 2505 808 2576 discretum,
833 2524 922 2586 quern
946 2505 1030 2568 vobis
1054 2505 1084 2567 in
1106 2505 1284 2568 advocatum
1302 2512 1409 2569 nostra
1425 2525 1500 2568 sere·

316 2614 393 2677 nitas
411 2614 593 2696 prefecerat,
610 2632 666 2694 per
681 2613 880 2675 universalem
896 2613 1089 2676 humanitatis
1106 2614 1205 2694 legem
1228 2614 1383 2676 communi
1399 2612 1501 2678 tributo

322 2721 511 2786 mortalitatis
533 2721 684 2784 involvere
708 2727 738 2784 et
758 2720 817 2783 boc
839 2720 949 2784 mundo
971 2721 1067 2802 procb
1093 2723 1192 2784 dolori
1218 2741 1366 2792 evocare;
1392 2725 1503 2803 propter

319 2829 400 2912 quod
423 2829 525 2912 utique
547 2828 651 2910 regius
675 2830 791 2892 animus
815 2829 854 2891 ad
870 2829 912 2914 d)
929 2830 1148 2910 compassionis
1164 2829 1320 2892 lacrimam
1338 2850 1400 2892 non
1416 2828 1502 2911 potuit

317 2958 376 3003 non
399 2938 523 3008 moveri,
548 2958 584 2999 eo
608 2937 688 3019 quod
713 2935 798 2999 vobis
823 2936 982 2998 admodum
999 2937 1036 3022 e)
1055 2937 1245 3004 necessarius
1268 2942 1299 2998 et
1321 2935 1501 2999 universitati

316 3051 417 3108 vestre
434 3065 493 3106 non
510 3043 661 3106 modicum
678 3044 769 3105 luerit
784 3044 972 3112 fructuosus,
987 3043 1151 3125 prudencie
1169 3051 1271 3107 vestre
1289 3043 1501 3107 consolacionis

317 3156 449 3232 ungenta
478 3150 676 3231 porrigimus,
704 3169 757 3212 vos
780 3149 953 3222 hortantes,
977 3157 1124 3233 quatenus
1148 3153 1282 3216 animosa
1299 3151 1422 3216 interim
1438 3170 1502 3213 con·

318 3259 434 3322 stancia
461 3259 672 3341 regminis),
690 3257 769 3339 quod
799 3277 877 3329 cum,
908 3259 984 3321 duce
1005 3260 1149 3331 Domino,
1178 3261 1216 3323 ad
1237 3259 1329 3323 talem
1352 3261 1450 3322 locum
1471 3257 1500 3320 N.
1547 3317 1548 3332 ,

318 3366 488 3428 venerimus
507 3370 537 3428 et
552 3366 645 3429 vestri
663 3365 779 3427 consilii
796 3366 882 3446 copia
898 3365 985 3428 nobis
1002 3367 1110 3430 adesse
1126 3368 1249 3449 poterit,
1273 3367 1361 3430 vobis
1388 3389 1424 3431 ex
1441 3375 1501 3429 tunc
1546 3341 1548 3398 l

316 3475 476 3560 providere
494 3473 663 3538 curabimus
682 3473 718 3536 de
736 3474 854 3554 ydoneo
872 3481 1060 3556 successore.

411 3671 444 3737 a)
459 3669 787 3739 contemptoV.-b)lide
800 3669 869 3723 V.-
879 3671 911 3737 e)
925 3671 1036 3740 principi
1051 3671 1224 3741 auspunetirt
1238 3671 1318 3725 dafdr
1331 3689 1382 3725 von
1397 3677 1504 3742 aptarer
1546 3675 1548 3686 ⁴

319 3760 393 3814 Hand
408 3775 448 3829 ep.
465 3792 494 3802 -
511 3761 547 3828 d)
564 3777 577 3811 a
593 3761 622 3813 V.
633 3789 666 3799 -
679 3761 710 3827 e)
725 3759 864 3814 admodum
878 3761 906 3823 Z,
920 3777 950 3814 so
965 3763 1033 3814 aucb
1046 3761 1235 3832 ursprdnglicb
1249 3762 1278 3822 V,
1293 3762 1365 3816 daun
1375 3762 1504 3830 corripit:
1546 3753 1548 3820 l

319 3849 353 3901 ad
367 3850 541 3902 commodum.
556 3878 591 3888 -
605 3849 639 3919 f)
654 3849 808 3902 constancia
822 3849 991 3918 corrogatis,
1006 3866 1054 3904 nos
1067 3850 1136 3904 enim
1154 3849 1177 3904 si
1196 3849 1222 3902 in
1241 3850 1379 3905 Unicum
1399 3851 1464 3921 apud
1477 3850 1502 3903 ll.
1547 3831 1548 3898 s

319 3940 387 3993 duee
400 3938 508 3992 Domino
522 3956 570 3991 nos
585 3939 673 3992 venire
686 3937 822 4007 continget
836 3942 863 3992 et
876 3939 958 3992 vestri
973 3938 1074 3994 consilii
1089 3945 1141 4008 etc.
1154 3939 1299 3994 Bodmaou.

319 4099 643 4118 -u——y-—b—-n-

355 4211 568 4267 ommma
