3116 5124
1153 323 1228 396 137

59 494 252 580 prosequenda
267 516 321 578 pro
338 496 429 560 divini
445 496 560 561 timoris
583 496 702 561 fervore
725 496 833 570 subiit,
861 517 920 563 une
942 497 1090 580 cumipse
1107 498 1230 562 studeas

58 604 125 669 omni
139 624 195 688 que
210 605 323 688 poteris
340 605 501 689 diligencia
511 625 698 689 promovere,
709 605 752 670 ita
764 606 845 690 quod
860 605 1004 689 premium
1019 606 1230 671 retribucionis

17 761 19 784 .
58 722 147 778 eterne
168 715 223 778 tibi
244 715 351 778 exinde
373 721 587 798 proventurum
609 715 730 780 uberius
752 719 897 781 merearis
920 723 951 780 et
965 716 1129 800 apostolice
1147 716 1229 781 sedis

17 805 19 822 ⁷
55 825 165 905 gratiam
181 823 235 888 tibi
252 844 288 888 ex
310 846 346 888 eo
363 825 497 889 cumules
520 830 554 910 et,
566 825 709 888 favorem.
743 824 806 888 Nos
824 825 903 889 enim
919 825 1079 908 negocium
1096 827 1226 890 ecclesie

17 953 19 1012 p
57 939 81 996 et
102 932 230 1016 imperii,
265 933 346 1016 quod
372 933 452 998 idem
480 933 580 997 divino
610 940 794 1016 suggerente
824 933 948 998 consilio
977 941 1025 998 est
1051 952 1228 1017 aggressus,

17 1013 19 1126 i
56 1041 321 1106 incommutabiliter
342 1043 498 1108 statuimus
515 1061 610 1126 usque
633 1041 671 1105 ad
693 1041 813 1106 felicem
840 1043 950 1107 exitum
977 1062 1169 1125 promovere,
1198 1050 1230 1108 ut

55 1150 98 1214 sub
111 1150 220 1233 potenti
236 1171 326 1215 manu
343 1151 482 1217 celeriter
498 1149 658 1215 humilietis
676 1149 726 1234 qui
742 1149 810 1234 paci
826 1151 971 1217 resistunt
986 1151 1105 1235 publice
1121 1152 1172 1234 a),
1189 1153 1228 1217 ad

56 1258 148 1324 cultum
163 1259 220 1323 Dei
238 1259 405 1326 christiana
422 1260 547 1324 devocio
564 1264 732 1324 revocetur.

473 1702 554 1784 lupe
585 1703 649 1783 regi
680 1701 794 1766 Slellie.

17 1367 21 1498 ³
583 1513 672 1592 ι..

17 1635 20 1700 i

17 1711 19 1854 ἰ

17 1857 19 1960 i
515 1859 586 1914 1199
599 1859 750 1932 (tenuari)

17 1963 19 1974 ι
62 2001 159 2058 lusorem
174 2005 224 2059 ΙΙΙ.
243 2012 386 2060 outwortet
401 2006 460 2060 dem
472 2006 577 2078 joopen
594 2007 696 2078 Kom'qe
713 2024 761 2062 eon
782 2005 893 2062 Sicilien
911 2005 967 2078 auf
980 2005 1024 2062 die
1036 2005 1151 2078 Anzeipe
1168 2021 1224 2060 eom

493 2097 562 2152 Tode
574 2098 664 2153 eeiuer
676 2100 781 2153 Msctter.

123 2237 299 2294 liudi-Breb.
313 2242 332 2294 l.
345 2258 369 2295 e.
383 2239 514 2297 boehmer
526 2241 593 2314 ch.
607 2242 662 2297 lnn.
677 2241 719 2297 18.

126 2401 209 2486 Quod
234 2405 279 2488 α)
311 2404 406 2488 prima
443 2405 531 2488 primi
561 2405 648 2469 lactis
680 2406 787 2488 pocula
816 2406 872 2471 tibi
901 2403 1045 2470 Dominus
1076 2404 1225 2470 absinthio

17 2521 18 2542 ³
55 2509 163 2584 miscuit,
179 2514 261 2597 quod
279 2513 327 2577 vix
341 2513 419 2578 bene
432 2514 652 2579 balbucientein
668 2515 829 2578 infanciam
842 2515 927 2599 quasi
940 2515 1079 2580 continua
1095 2513 1226 2578 reddidit

52 2616 246 2687 lamentacione
277 2622 420 2687 disertam
437 2623 499 2708 β),
530 2623 663 2706 puericie
696 2645 755 2688 non
793 2625 888 2688 solum
919 2622 1139 2707 recentem),
1171 2622 1225 2686 sed

51 2730 188 2810 repetitum
207 2732 415 2797 amaritudinis
429 2732 553 2796 calicem
568 2732 754 2816 propinavit:
770 2731 837 2805 tibi,
849 2740 990 2817 tanquam
1006 2731 1087 2796 sedis
1104 2738 1226 2815 aposto·

50 2836 93 2903 lice
106 2841 160 2908 filio
177 2844 305 2928 speciali
323 2845 372 2930 c),
389 2843 582 2909 condolemus
599 2850 630 2908 et
645 2852 745 2909 tecum
761 2844 875 2928 pariter
896 2843 928 2908 in
948 2851 979 2908 te
1001 2852 1158 2927 propinate
1174 2852 1224 2908 tue

51 2952 233 3017 amaritudinis
262 2953 441 3019 violenciam
469 2953 647 3038 experimur.
687 2953 866 3037 Recepimus
894 2953 973 3017 enim
989 2953 1032 3038 p)
1047 2953 1150 3017 literas
1174 2958 1225 3017 tue
1264 2950 1267 2957 ’

17 3145 18 3152 ¹
50 3060 219 3136 serenitatis,
248 3063 361 3127 doloris
389 3064 432 3128 tui
455 3070 486 3127 et
507 3063 636 3147 gemitus
659 3063 865 3146 expressivas,
892 3062 1054 3146 inquibus
1078 3068 1109 3126 et
1129 3063 1224 3146 petris

17 3229 20 3262 r
51 3164 189 3235 decessum
212 3181 243 3237 et
266 3173 371 3238 matris
395 3173 508 3238 obitum
532 3181 598 3238 etas
619 3173 781 3238 tenerrima
798 3172 964 3256 deploravit
984 3173 1030 3260 1),
1047 3177 1151 3256 utpote
1174 3170 1224 3255 qui

17 3321 18 3326 η
50 3276 115 3357 prius
130 3288 288 3367 utrumque
304 3283 409 3366 lugere
427 3282 533 3347 didicit
548 3302 637 3367 quam
652 3284 740 3366 plene
754 3283 910 3348 elementis
923 3282 1048 3346 alterum
1060 3281 1222 3346 nominare.

50 3382 166 3455 Nondum
193 3393 275 3456 enim
305 3393 417 3476 regalis
449 3393 580 3458 infancie
611 3413 703 3477 super
733 3400 828 3459 morte
859 3391 953 3475 patris
982 3389 1224 3455 consolationem

50 3507 189 3583 acceperat
208 3501 260 3589 c),
278 3508 309 3568 et
324 3523 398 3567 ecce
416 3502 549 3568 dolorem
565 3503 719 3588 antiquum
735 3502 949 3586 superveniens
973 3499 1084 3565 doloris
1105 3499 1222 3564 novitas

122 3665 154 3734 c)
169 3670 196 3721 et
208 3669 239 3722 nt
252 3683 288 3722 no
301 3672 440 3738 erginuen.
456 3697 490 3708 -
503 3665 536 3736 b)
550 3667 704 3723 renitentem
717 3663 784 3722 coo.
798 3695 832 3707 -
846 3667 878 3737 e)
893 3681 934 3720 sm
947 3664 1050 3721 Raude.

50 3813 356 3836 Q*-
1047 3811 1066 3848 ς

99 3917 215 3984 beregen,
234 3921 307 3969 demit
322 3935 348 3968 es
365 3923 405 3968 ibn
422 3922 487 3968 nieht
504 3935 606 3984 gerere,
628 3923 674 3969 ibrn
693 3923 731 3968 die
746 3923 891 3981 llbedispens
909 3924 955 3969 und
971 3923 1043 3969 demit
1059 3922 1167 3983 eugleieb
1184 3923 1223 3971 die

99 4004 269 4064 dnerkeunsng
291 4006 326 4050 sls
345 4007 440 4064 llersog
461 4019 508 4051 von
531 3996 668 4051 deterreicb
689 4006 797 4065 gewibrt
818 4019 846 4051 nn
868 4007 950 4052 beben.
983 4006 1072 4053 Otaker
1091 4007 1157 4062 thet,
1174 4019 1221 4052 ures

100 4084 207 4133 lnnoeens
224 4087 261 4132 lv.
284 4089 408 4146 verlengte
430 4087 477 4132 und
499 4085 597 4146 gelobte
624 4100 652 4132 sn
676 4087 1103 4146 llremsemli.8epternber1253
1126 4088 1221 4134 eidlieb=
1322 4119 1331 4139 .,

98 4169 155 4224 qnod
171 4183 216 4217 nos
231 4172 368 4217 assistemus
385 4183 429 4229 pes·
445 4183 489 4215 nos
506 4175 530 4215 et
547 4170 658 4226 nostros,
681 4183 732 4216 enm
749 4171 822 4217 terris
839 4171 926 4218 cestris
942 4175 967 4217 et
980 4168 1114 4217 civitatibus
1132 4170 1220 4216 nostris

100 4251 122 4294 et
136 4263 185 4298 enus
199 4255 253 4300 toto
266 4267 338 4312 posse
354 4256 438 4299 nostro
455 4254 570 4300 Romanae
582 4251 700 4300 ecelesiae
712 4255 737 4299 et
752 4266 840 4300 summo
852 4253 958 4310 pentiliei
970 4286 976 4299 .
987 4286 993 4298 .
1005 4284 1011 4297 .
1024 4254 1049 4298 et
1064 4253 1219 4298 Wilbelrno

99 4330 225 4390 illustri,
243 4335 351 4394 quamdin
368 4336 392 4380 in
408 4337 483 4396 gretie
502 4337 527 4380 et
542 4334 671 4382 devotione
688 4335 791 4382 eiusdem
806 4336 922 4382 Romanae
939 4336 1055 4382 eeclesiae
1071 4335 1213 4393 perstiterit,

102 4415 123 4458 et
144 4414 267 4464 iuvebimne
292 4431 343 4464 enm
368 4415 471 4463 fideliter
492 4418 517 4464 et
539 4418 631 4464 sineere
654 4418 701 4463 ete.
721 4418 825 4474 Revoeld
840 4419 855 4466 Ι.
874 4431 895 4464 e.
912 4419 1013 4475 l’elseky
1028 4420 1045 4463 l.
1063 4429 1085 4462 e.
1103 4429 1126 4461 n.
1153 4417 1214 4470 2293

101 4493 184 4542 berem
196 4500 210 4544 l.
221 4513 242 4546 e.
255 4504 279 4548 s.
291 4501 322 4546 33
334 4513 357 4546 ιι.
369 4499 401 4546 dl
411 4501 458 4546 und
467 4499 554 4545 descen
566 4499 682 4546 deutsche
692 4499 777 4546 lieseb.
793 4499 825 4546 im
839 4499 875 4546 ts.
888 4513 911 4545 ιι.
928 4499 966 4547 14.
977 4498 1221 4554 Jenrhunuertbsi.

73 4569 94 4632 ¹)
108 4574 183 4625 dieser
200 4580 266 4628 lirici
279 4581 421 4628 Friedricli's
437 4581 468 4628 ist
483 4579 519 4627 bis
532 4579 596 4639 jetet
612 4579 678 4627 niebt
695 4580 798 4628 bekannt
811 4583 918 4628 worden.
