3100 5116
1187 337 1263 412 3⁷5

155 521 243 585 Sane
272 539 339 583 cum
373 541 408 583 ex
436 517 566 582 deffectu
595 517 670 581 iuris
697 516 811 601 pariter
843 526 873 583 et
904 521 1044 602 neglectu
1071 517 1103 579 io
1129 515 1265 600 partibus

68 629 242 693 Alamannia
266 632 310 718 a)
339 628 415 693 adeo
450 627 481 690 iu
515 647 601 692 usum
634 626 694 692 siut
721 627 845 692 redacte
873 628 1001 711 quedam
1029 624 1265 691 consuetudines

68 737 266 810 detestande,
294 744 326 802 ut
354 737 426 802 boni
453 737 587 820 speeiem
615 736 824 820 preferentes,
858 735 1043 820 nequitatem
1066 736 1106 822 d)
1134 733 1265 818 quodam

66 849 187 930 palliant
203 849 387 919 velamento,
403 845 513 930 quibus
529 847 700 929 principum
716 845 832 928 imperii
849 845 907 909 iuri
923 844 1092 908 detrahitur
1103 849 1134 907 et
1145 843 1264 916 honori,
1274 865 1319 905 ru.
1329 865 1382 908 aaa.

65 961 94 1020 et
108 957 265 1040 imperalis
283 955 494 1020 nichilominus
510 956 676 1020 auctoritas
693 958 869 1018 enervatur:
894 959 995 1017 nostre
1012 953 1158 1018 incumbit
1181 955 1265 1018 solli-

67 1066 190 1131 citudini
207 1065 446 1152 precavendum,
463 1085 500 1128 ne
518 1064 691 1152 huiusmodi
714 1063 949 1128 consuetudines
973 1063 1164 1138 detestande,
1188 1082 1264 1146 quas

67 1194 228 1239 censemus
260 1173 365 1257 pocius
399 1174 603 1256 corruptelas,
640 1172 671 1236 in
704 1172 844 1238 diuturna
874 1177 1009 1256 tempora
1040 1172 1263 1255 protrahantur.

66 1282 209 1370 Voleotes·
224 1283 328 1366 igitur,
346 1288 379 1347 ut
394 1282 433 1366 c)
449 1282 604 1347 libertates
621 1286 652 1345 et
668 1281 757 1353 dona,
776 1302 834 1366 que
851 1281 952 1347 dilecti
971 1281 1066 1346 nostri
1089 1281 1205 1364 imperii
1222 1283 1265 1371 d)
1342 1297 1346 1304 '

66 1392 219 1475 principes
237 1412 274 1455 ex
292 1391 371 1456 dono
389 1393 485 1455 nostri
502 1391 641 1455 culminis
658 1411 739 1454 nunc
754 1391 913 1474 possident
930 1395 961 1454 et
977 1396 1048 1454 sunt
1063 1410 1118 1474 pro
1131 1398 1266 1473 tempore

66 1502 256 1585 possessuri,
284 1501 431 1564 latissima
452 1500 708 1583 interpretacione
731 1500 902 1582 gaudeant,
927 1505 958 1563 et
978 1503 1079 1585 quieta
1097 1500 1266 1565 omnimode

65 1612 121 1695 ipsi
136 1611 297 1694 principes
314 1629 350 1673 ea
371 1608 550 1692 possideant
571 1608 729 1681 libertate;
754 1608 812 1672 hac
835 1615 938 1675 nostra
961 1609 1083 1674 edictali
1107 1609 1265 1675 sanctione

64 1740 241 1784 revocamus
258 1720 290 1781 in
306 1718 422 1782 irritum
439 1725 470 1781 et
487 1738 642 1782 cassamus
666 1719 696 1781 in
721 1719 802 1782 omui
825 1719 947 1783 civitate
971 1719 1018 1782 vel
1041 1719 1131 1802 opido
1149 1720 1266 1783 Alama-

66 1829 110 1893 nie
126 1830 165 1916 e)
181 1833 356 1894 communia
384 1829 526 1902 consilia,
556 1828 717 1910 magistros
746 1827 857 1892 civium
885 1850 940 1892 seu
968 1833 1104 1892 rectores
1132 1833 1162 1890 et
1189 1829 1265 1892 alios

67 1958 262 2024 quoscunque
275 1937 431 2010 officiales,
445 1938 497 2023 qui
510 1938 548 2003 ab
561 1937 757 2001 universitate
770 1937 877 2002 civium
892 1939 956 2002 sine
969 1939 1265 2021 archiepiscoporum

66 2068 116 2112 scu
130 2049 348 2133 episcoporum
364 2048 554 2132 beneplacito
572 2052 756 2120 statuuntur,
779 2068 960 2133 quocunque
983 2069 1038 2133 per
1060 2048 1265 2112 diversitatem

8 2203 9 2206 ,
66 2155 195 2222 locorum
225 2157 348 2222 nomine
377 2163 571 2222 censeantur.
615 2156 770 2223 lrritamus
803 2157 1014 2222 nichilominus
1047 2163 1077 2221 et
1108 2176 1265 2221 cassamus

8 2337 9 2346 ἦ
67 2267 227 2333 cuiuslibet
251 2268 371 2332 artificii
395 2268 660 2333 confraternitates
684 2289 738 2332 seu
763 2268 927 2332 societates
943 2288 1122 2354 quocunque
1146 2267 1265 2331 nomine

8 2369 9 2372 '
67 2378 263 2461 appellentur.
297 2377 370 2442 ltem
393 2377 451 2442 hac
474 2384 576 2442 nostra
599 2378 722 2443 edictali
744 2379 903 2443 sanctione
925 2379 1039 2461 placuit
1061 2376 1264 2447 statuendum,

7 2535 9 2558 ,
66 2491 96 2550 ut
106 2487 136 2549 in
149 2485 233 2550 omni
247 2469 369 2550 civitate
386 2489 432 2550 vel
450 2487 552 2570 opido,
568 2487 620 2552 ubi
637 2493 757 2552 moneta
774 2489 840 2552 iure
857 2488 987 2560 cuditur,
1002 2508 1058 2550 nec
1070 2485 1265 2550 mercimonia

68 2615 119 2659 neo
134 2595 281 2660 victualia
297 2595 397 2682 aliquo
420 2597 538 2680 argenti
561 2597 696 2680 pondere
719 2603 857 2661 emautur
880 2618 934 2661 seu
952 2596 1130 2668 vendantur,
1147 2601 1267 2679 preter-

7 2785 8 2788 *
68 2723 149 2790 quam
177 2705 240 2798 illis
269 2704 413 2778 denariis,
441 2705 492 2792 qui
515 2705 641 2771 cuilibet
663 2707 778 2771 civitati
800 2709 847 2771 vel
871 2706 961 2791 opido
986 2711 1057 2771 sunt
1079 2725 1264 2771 communes.

7 2797 9 2814 ,
69 2813 150 2878 Sicut
177 2814 262 2878 enim
290 2815 477 2898 temporibus
506 2816 666 2881 retroactis
694 2817 849 2881 ordinacio
877 2816 1033 2881 civitatum
1060 2821 1090 2878 et
1117 2814 1264 2879 bonorum

7 2945 8 2948 ¹
69 2927 206 2997 omnium,
225 2944 286 3009 que
302 2924 341 2988 ab
357 2924 506 3007 imperiali
523 2909 703 2989 celsitudine
728 2927 936 2998 conferuntur,
958 2925 995 2988 ad
1018 2926 1265 3007 archiepiscopos

71 3051 120 3096 seu
136 3033 300 3116 episcopos
318 3033 502 3116 pertinebat,
528 3036 572 3098 sio
592 3034 717 3098 eandem
732 3035 956 3099 ordinacionem
971 3034 1008 3097 ad
1022 3034 1105 3116 ipsos
1118 3039 1149 3097 et
1161 3054 1265 3098 eorum

7 3131 8 3136 ¹
70 3141 224 3216 officiales,
243 3142 281 3206 ab
299 3141 343 3205 eis
361 3144 534 3226 specialiter
550 3143 714 3217 institutos,
737 3148 884 3227 perpetuo
912 3145 1048 3208 volumus
1077 3163 1264 3226 permanere,

7 3319 8 3340 ἦ
71 3271 125 3312 uon
151 3251 294 3316 obstante
317 3251 413 3315 abusu
436 3253 553 3339 aliquo,
576 3253 602 3316 si
619 3252 686 3338 quis
702 3253 780 3318 forte
797 3253 963 3316 incivitate
979 3253 1078 3338 aliqua
1096 3254 1265 3316 contrarius

7 3361 8 3430 j
72 3359 235 3433 extitisset,
265 3360 344 3445 quod
375 3360 413 3423 de
435 3361 516 3425 facto
541 3381 701 3426 censemus
723 3361 829 3445 pocius
852 3381 940 3446 quam
957 3363 995 3426 de
1013 3363 1086 3425 iure.
1119 3361 1159 3426 Ut
1174 3360 1268 3443 igitur

71 3468 134 3532 talis
150 3469 274 3533 omnino
297 3473 472 3533 amoveatur
493 3473 655 3535 enormitas
678 3470 725 3534 vel
748 3470 872 3541 abusus,
892 3491 948 3533 uec
964 3470 1151 3534 auctoritatis
1166 3468 1267 3554 aliquo

7 3659 8 3664 ἵ
73 3579 216 3641 velamine
235 3578 391 3662 pallietur:
418 3578 516 3643 omnia
532 3579 702 3665 privilegia,
720 3579 823 3644 literas
840 3584 959 3662 apertas
975 3581 1022 3642 vel
1040 3581 1168 3650 clausas,
1192 3601 1267 3665 quas

75 3692 170 3751 nostra
203 3689 303 3771 pietas
332 3689 377 3750 vel
402 3691 657 3772 predecessorum
682 3696 867 3760 nostrorum,
900 3689 1197 3775 archiepiscoporum
1220 3698 1268 3760 vel

72 3795 285 3880 episcoporum
298 3816 391 3882 super
402 3797 600 3862 societatibus
614 3817 668 3862 seu
682 3797 814 3861 consiliis
832 3798 863 3859 in
881 3797 1081 3880 preiudicium
1100 3807 1271 3866 nostrorum

74 3906 238 3990 principum
250 3910 281 3969 et
293 3906 423 3990 imperii,
431 3907 495 3970 sive
502 3909 755 3991 privatepersone
764 3907 951 3973 dederitsive
965 3909 1089 3974 cuilibet
1101 3911 1224 3983 civitati,
1231 3912 1270 3976 ab

72 4012 124 4077 hac
139 4014 187 4079 die
204 4020 235 4078 et
249 4015 280 4077 in
294 4020 383 4079 antea
391 4016 422 4078 in
434 4016 552 4080 irritum
558 4035 735 4080 revocamus
747 4036 784 4080 ac
796 4016 1029 4099 frivolapenitus
1037 4019 1271 4104 etinaniarepu-

74 4125 176 4196 tamus,
194 4129 400 4209 protestantes
413 4125 492 4189 hanc
506 4131 607 4189 nostre
625 4125 843 4197 concessionis,
860 4127 1087 4191 constitucionis
1104 4148 1158 4192 seu
1174 4130 1270 4194 eciam

38 4267 39 4272 κ
77 4232 236 4298 sanctionis
256 4232 367 4297 seriem
378 4229 562 4317 'exquisitam
587 4256 623 4298 ex
647 4235 769 4299 decreto
785 4236 955 4320 principum
971 4241 1001 4298 et
1018 4257 1054 4300 ex
1071 4243 1154 4302 certa
1170 4251 1272 4307 nostra

7 4347 8 4350 ’
80 4340 214 4407 sciencia
231 4347 262 4406 in
279 4343 345 4406 foro
362 4349 391 4404 et
407 4342 436 4404 iu
450 4344 546 4407 forma
558 4343 661 4407 iudicii
674 4345 871 4427 processisse.
887 4345 1052 4410 Statuimus
1063 4346 1155 4428 igitur
1171 4355 1201 4412 et
1216 4353 1273 4416 im-

162 4488 196 4558 o)
221 4486 357 4542 Alemanie
385 4486 412 4539 b.
449 4517 482 4527 -
513 4489 545 4556 l)
565 4489 730 4560 iniquitatem
749 4492 776 4544 Z.
807 4523 839 4532 -
869 4496 901 4562 c)
921 4496 951 4546 ut
973 4493 1040 4547 fehlt
1060 4494 1080 4547 V
1103 4497 1153 4551 und
1182 4498 1209 4552 Z.
1238 4531 1273 4539 -

79 4575 109 4644 d)
127 4579 228 4650 imperii
248 4595 289 4631 am
312 4575 401 4630 Raude
421 4578 449 4631 V.
471 4609 503 4618 -
525 4581 556 4649 r)
577 4579 711 4637 Alamanie
731 4584 758 4633 z.
