3116 5124
1179 304 1228 373 77

58 492 143 548 autem
168 486 296 568 inportat
312 492 429 569 tempus
445 488 476 550 iu
493 507 550 570 quo
569 507 605 550 ea
620 489 699 550 sacta
717 492 786 549 sunt
802 505 893 568 super
908 483 1015 566 quihus
1032 483 1117 545 litera
1136 479 1232 564 datur·

13 613 15 644 r
57 594 129 658 Solet
144 613 214 674 ergo
230 600 329 657 actum
345 595 488 686 precipue
512 594 605 657 scribi
626 594 658 658 in
679 594 774 658 literis
792 598 1008 663 contractuum,
1025 589 1077 654 ubi
1093 587 1235 651 videlicet

13 683 14 698 ἢ
57 702 220 765 contrahens
238 709 268 766 et
284 703 309 765 is
327 724 394 766 cum
411 723 468 786 quo
485 705 671 769 contrahitur
685 711 803 768 mutuas
819 702 932 766 habent
947 700 1092 766 actiones.
1125 698 1236 760 Datum

13 861 14 864 ,
58 831 118 874 iero
132 810 273 875 scribitur
290 811 319 873 in
335 811 430 875 literis
448 813 617 894 graciarum
635 819 665 876 et
681 813 890 883 donaciouum‚
906 816 938 874 ut
954 813 1023 872 sunt
1037 807 1124 870 litere
1136 805 1236 867 indul-

13 957 15 1026 ᾗ
56 919 193 1000 geueiaies
222 927 253 983 et
276 928 440 1003 questuosa
469 927 499 984 et
526 923 557 985 iu
583 922 678 986 literis
705 918 920 1004 procuratoriis
937 923 968 981 et
985 915 1166 986 emissionis,
1183 897 1235 975 uhi

13 1029 15 1118 t
57 1027 121 1089 uuila
142 1028 218 1091 actio
242 1034 291 1091 est
313 1030 436 1094 inserta.
468 1031 500 1092 In
525 1029 703 1112 quibusdam
723 1035 824 1093 tanuen
845 1026 941 1091 literis
965 1031 1122 1107 utrumque
1144 1017 1237 1084 scribi

13 1123 14 1128 ¹
57 1135 134 1199 debet
149 1136 208 1215 sic:
232 1144 334 1201 actum
351 1144 381 1202 et
398 1138 499 1201 datum
515 1157 592 1201 anno
610 1138 729 1203 Domini
745 1136 902 1200 millesimo
920 1139 990 1216 etc,
1008 1152 1076 1196 cum
1097 1130 1240 1193 videlicet

57 1243 81 1304 iu
98 1244 180 1307 litera
200 1245 300 1328 aliqua
322 1245 401 1309 actio
424 1246 537 1327 agitata
560 1247 733 1328 exprimitur
754 1250 785 1308 et
805 1250 922 1326 tempus
938 1240 1148 1305 nichilominus
1165 1258 1240 1302 cou-

13 1371 15 1392 i
60 1352 158 1435 scripte
172 1353 260 1417 litere
277 1353 410 1434 ignorari
427 1376 487 1418 nou
502 1354 583 1417 iicet.

13 1319 15 1368 i

13 1405 15 1432 Ι

405 1607 407 1613 k
456 1553 563 1594 Forma
577 1549 790 1595 credendarum
801 1551 837 1604 a).

13 1555 16 1768 ,
340 1635 342 1642 ’
549 1661 746 1708 utrttnetioxtu.

13 1453 15 1482 t

131 1797 232 1860 Litora
250 1797 412 1860 credeucie
429 1797 527 1870 datur,
545 1797 662 1880 quaudo
676 1798 713 1869 is,
726 1797 776 1878 qui
789 1796 881 1858 mittit
893 1793 1038 1866 nuntium,
1051 1814 1110 1857 non
1122 1793 1184 1855 vult
1195 1792 1242 1853 vei

13 1959 15 1998 ἑ
63 1923 107 1966 nou
126 1905 214 1969 audet
237 1911 358 1968 secreta
381 1925 434 1968 sua
456 1905 551 1969 literis
577 1905 769 1977 conmittere,
785 1905 894 1968 timens
912 1902 991 1985 quod
1007 1903 1094 1966 litere
1116 1906 1243 1983 possunt

65 2029 117 2073 casu
132 2014 226 2077 amitti
254 2013 303 2076 vet
330 2012 408 2096 legi,
436 2013 514 2076 unde
543 2013 692 2078 conmittit
707 2013 815 2076 nuncio
832 2012 861 2074 iu
885 2032 919 2075 os
943 2017 973 2074 et
988 2012 1019 2073 in
1035 2016 1141 2093 pectus
1158 2029 1243 2074 suum

13 2133 16 2142 ·
63 2121 123 2202 prod
137 2121 217 2205 loqui
235 2122 347 2186 debeat
363 2128 393 2184 et
410 2141 551 2204 supereo
569 2122 620 2186 dat
637 2121 695 2184 sibi
711 2119 750 2207 b)
766 2122 884 2185 literam
908 2120 1068 2183 credencie
1096 2124 1127 2182 et
1139 2119 1243 2182 harum

60 2227 170 2294 formam
185 2231 304 2314 poteris
321 2233 452 2295 formare
468 2229 603 2295 breviter
618 2231 650 2293 in
665 2231 723 2294 hee
740 2230 850 2293 verba:

135 2339 242 2404 Frater
264 2339 302 2404 Ο.
319 2340 388 2402 talis
415 2339 475 2403 loci
502 2340 673 2422 prepositus
702 2339 812 2402 dilecto
840 2339 871 2401 iu
894 2338 1013 2401 Christo
1041 2338 1093 2401 tali
1114 2356 1243 2419 persone
1253 2353 1357 2394 roeo..

65 2446 175 2511 salutem
192 2469 261 2512 cum
281 2449 449 2513 omnimoda
473 2449 608 2512 caritate.
641 2443 832 2512 Discrecioni
853 2454 955 2511 vestre
976 2447 1100 2511 fratrem
1116 2447 1151 2510 H.
1170 2466 1244 2509 con-

62 2575 165 2620 versum
181 2565 318 2640 nostrum
336 2579 404 2621 cum
420 2558 517 2622 literis
534 2557 694 2620 credeucie
711 2557 750 2620 ad
771 2577 825 2620 vos
847 2557 1043 2628 destinamus,
1058 2561 1197 2639 petentes
1215 2563 1245 2618 et

63 2671 200 2747 rogantes,
231 2673 382 2751 quatenus
406 2667 439 2728 in
461 2666 520 2728 hiis
551 2686 608 2748 que
639 2687 675 2728 ex
703 2673 789 2748 parte
819 2672 923 2729 nostra
953 2664 1100 2736 retulerit,
1132 2665 1244 2728 curetis

15 2803 16 2844 ς
64 2778 187 2857 tauquam
215 2775 305 2838 nobis
335 2775 409 2856 ipsis
439 2775 470 2837 iu
494 2773 630 2838 omnihus
654 2773 742 2836 iidem
767 2774 919 2852 credulam
943 2773 1096 2838 adhibere.
1137 2773 1245 2837 Cetera

64 2881 128 2946 lator
143 2885 188 2968 ο).

444 3081 490 3123 lle
504 3079 570 3123 iure
585 3077 803 3124 advocatiarum
818 3079 854 3132 d).

552 3173 680 3219 Distiuctio
695 3175 753 3218 XIV.

69 3417 144 3498 gitur,
158 3420 338 3504 quandoque
350 3419 399 3481 ille
412 3419 574 3482 advocatus
591 3423 725 3500 vocatur,
743 3417 792 3500 qui
805 3419 835 3480 in
847 3419 913 3481 foro
926 3419 1029 3481 iudicii
1047 3419 1247 3482 ecelesiastici

66 3527 173 3591 verbum
199 3529 333 3612 loquitur
359 3547 411 3610 pro
440 3535 542 3592 actore
566 3535 596 3590 et
620 3549 682 3591 reo.
701 3530 798 3593 Actor
820 3534 945 3591 vocatur
960 3528 1025 3598 ille,
1042 3529 1093 3610 qui
1111 3528 1249 3610 querelas

66 3643 150 3701 moret
170 3657 263 3719 super
279 3636 394 3719 aliqum
418 3658 492 3701 neoc
507 3643 632 3700 vocatur
647 3636 713 3706 ille,
736 3642 841 3698 contra
860 3655 948 3718 quem
965 3637 1087 3719 querela
1103 3643 1249 3706 movetur,

68 3764 116 3807 nou
142 3745 221 3828 quod
249 3765 370 3826 semper
397 3744 436 3807 sit
463 3765 549 3816 reus,
579 3745 633 3807 sed
662 3744 741 3826 quod
765 3750 850 3806 actor
877 3743 988 3807 haheat
1016 3765 1082 3808 eum
1109 3765 1163 3828 pro
1186 3765 1248 3807 reo.

69 3850 256 3940 Quandoque
279 3853 369 3916 etiam
402 3853 564 3916 advocatus
602 3853 767 3915 secuudum
805 3853 1053 3916 cousuetudinem
1086 3855 1251 3937 aliquarum
1333 3859 1337 3868 '

68 3963 210 4042 regionum
223 3963 426 4043 vocaturipse
439 3962 538 4033 iudex,
555 3963 657 4024 siout
679 3967 732 4024 est
754 3961 790 4023 in
806 3962 976 4025 Moravia
994 3964 1251 4034 consuetud03

70 4070 213 4152 aliquando
223 4071 261 4158 e)
274 4071 436 4134 advocatus
453 4076 578 4135 vocatur
593 4071 653 4142 ille,
671 4071 721 4152 qui
739 4091 774 4132 ex
791 4070 888 4152 aliqua
906 4091 996 4134 causa
1012 4077 1131 4135 tenetur
1147 4074 1253 4136 defen-

71 4177 132 4242 dere
159 4181 305 4244 ecclesias
334 4184 363 4242 et
390 4179 600 4260 possessiones
624 4200 743 4251 earum,
771 4180 816 4241 vei
840 4180 961 4251 viduas,
989 4181 1035 4243 vel
1058 4200 1253 4265 quoscunque

72 4287 206 4363 homiues,
221 4290 367 4353 habentes
386 4289 577 4351 detensiones
594 4273 801 4360 necessarias,
827 4289 906 4351 siout
926 4289 1078 4370 principes
1102 4291 1253 4352 seculares

75 4402 209 4461 eteorum
225 4397 339 4461 vicarii.
348 4398 387 4460 ut
402 4397 476 4459 tales
494 4396 630 4460 advocati
647 4396 745 4478 aliqua
759 4397 821 4458 iura
835 4397 995 4460 vendicant
1011 4397 1068 4460 sibi
1084 4399 1115 4460 iu
1130 4419 1255 4480 posses,

15 3019 16 3065 i

14 3094 19 3288 p

14 3293 15 3354 Ῐ
144 3310 309 3375 Sciendum
337 3314 435 3373 autem
452 3310 531 3392 quod
549 3310 712 3372 advocatus
729 3309 828 3375 multis
845 3309 941 3372 modis
959 3309 1068 3372 dicitur
1085 3315 1115 3372 et
1136 3310 1248 3372 iutelli-

124 4524 154 4591 α)
168 4525 232 4579 urst.
247 4524 310 4578 mv.
321 4524 393 4592 -ω
410 4525 433 4576 c
452 4524 695 4592 cremamur
710 4509 903 4591 senisu-u)
919 4523 1083 4578 omxv.-
1095 4524 1212 4592 oetam
1226 4527 1252 4578 z.
