3100 5116
549 487 555 500 “
640 529 701 602 rs.

378 711 544 794 inperator
558 711 626 774 duel
642 709 756 774 insule
771 706 964 785 regradetur.

634 867 713 922 aaut.

84 1017 178 1072 Koieer
203 1016 350 1072 Fro'edricb
375 1017 406 1074 11.
431 1017 544 1090 pedietet
569 1016 627 1070 dem
651 1017 755 1086 Herzop
779 1009 921 1067 Friedrich
946 1011 1004 1064 dem
1030 1005 1193 1062 Strer‘tdoren
1219 1021 1267 1058 ooo

81 1098 225 1163 deterreicb
245 1125 278 1162 cu
295 1105 348 1162 itm
365 1127 397 1162 zu
416 1107 537 1162 nomnen
555 1105 612 1160 und
630 1106 704 1160 aevae
716 1101 813 1159 Nicbte
827 1100 946 1157 Gertrud
958 1099 1015 1152 und
1026 1099 1071 1154 die
1082 1115 1139 1151 com
1151 1099 1268 1166 Herzoqe

387 1207 396 1214 ‘
426 1206 576 1270 praenotes
589 1199 702 1251 Faretcn
714 1193 910 1265 mittebatnpen.

162 1341 340 1402 unilt-Brea
354 1343 395 1403 Vl,
411 1341 474 1396 274.
487 1342 591 1398 ldeiller
603 1343 669 1414 Reg.
682 1340 849 1412 Babcnberg.
863 1353 906 1390 no.
920 1335 982 1390 143.

166 1489 262 1559 Grate
279 1493 367 1558 valde
385 1492 505 1557 culmini
523 1497 626 1556 nostro
643 1495 693 1554 tue
709 1490 810 1554 littere
826 1489 1038 1574 pervenerunt,
1054 1484 1085 1547 in
1101 1481 1210 1570 quibus
1234 1500 1271 1543 ex

78 1614 179 1682 magna
213 1600 393 1666 sinceritate
419 1605 470 1664 tue
497 1599 568 1665 fidei
596 1605 700 1664 nostre
728 1595 899 1662 celsitudini
930 1592 1124 1680 persuasisti,
1156 1595 1189 1655 ut
1213 1587 1271 1653 tibi

78 1708 247 1794 ceterisque
278 1710 389 1774 nostris
422 1708 627 1795 principibus,
667 1707 717 1793 qui
747 1707 892 1772 bonorem
925 1709 1062 1770 nostrum
1092 1708 1124 1766 et
1152 1700 1272 1782 imperii

79 1817 202 1881 sinceris
219 1817 382 1883 affectibus
399 1819 630 1902 amplectuntur,
653 1817 690 1882 ad
713 1814 903 1882 tractandum
926 1833 993 1878 eum
1016 1813 1089 1897 ipsis
1107 1812 1144 1875 de
1159 1810 1284 1874 nostris

14 1971 15 2008 p
79 1926 212 2008 negociis
243 1928 345 2012 apud
380 1927 567 1992 Villacum
597 1926 756 2012 presencie
783 1929 887 1990 nostre
919 1924 1035 2008 copiam
1066 1919 1271 2004 preberemus,

78 2035 239 2117 presertim
258 2035 496 2123 comprincipes
512 2035 624 2100 ibidem
641 2034 798 2101 nobiscum
814 2031 971 2100 commode
991 2029 1074 2114 loqui
1089 2030 1224 2113 possent,
1243 2031 1274 2090 et

78 2144 216 2208 tractatis
248 2142 365 2208 eisdem
392 2145 529 2228 negociis
557 2163 716 2229 possemus
745 2165 761 2208 c
787 2143 886 2207 vicino
919 2139 1104 2206 commodius
1136 2139 1274 2220 repetere

14 2257 16 2342 ζ
78 2251 302 2316 bombardiam.
333 2252 409 2316 Cum
425 2251 518 2335 igitur
532 2258 616 2319 tuum
638 2253 812 2326 consilium,
835 2250 913 2336 quod
936 2269 1011 2334 pura
1033 2246 1107 2312 tides
1130 2266 1166 2310 ex
1181 2245 1274 2310 corde

79 2361 174 2426 edidit
190 2361 333 2447 quodque
350 2361 570 2446 circumspecta
591 2363 672 2426 racio
695 2362 864 2435 comitatur,
884 2366 968 2425 tanto
991 2356 1140 2422 salubrius
1164 2373 1274 2438 appro-

14 2445 16 2510 ῗ
77 2467 183 2533 bemus
207 2475 321 2556 quanto
346 2469 541 2534 sinceriorem
563 2475 676 2535 motum
697 2473 727 2533 in
751 2468 935 2535 consulendo
956 2465 1169 2552 perpendimus
1199 2475 1388 2528 con-rudtr-

14 2577 16 2602 '
80 2578 212 2651 sulentis,
234 2579 305 2666 quia
324 2583 426 2643 tamen
440 2579 567 2664 qualitas
580 2579 625 2642 rei
639 2585 669 2644 et
681 2579 824 2663 temporis
837 2577 972 2662 aptitudo
989 2597 1044 2641 nos
1060 2596 1077 2639 a
1093 2575 1273 2642 lombardie

14 2681 16 2752 Ῐ
79 2687 210 2769 partibus
236 2689 373 2773 elongari
396 2687 434 2752 ad
456 2688 616 2752 transitum
638 2689 755 2771 Alpium
777 2691 844 2751 sinc
865 2686 951 2770 gravi
974 2687 1095 2751 honoris
1124 2688 1220 2751 nostri
1244 2691 1274 2750 et

80 2815 175 2860 rerum
192 2797 353 2883 dispendio
375 2817 434 2860 non
455 2797 617 2880 permittit,
646 2797 805 2880 presertim
835 2817 904 2860 cum
919 2795 1050 2860 rebelles
1069 2797 1173 2870 nostri,
1197 2817 1273 2881 quos

14 2887 16 2972 J
82 2906 218 2987 potencie
236 2911 340 2970 nostre
356 2905 516 2988 presencia
533 2904 658 2969 cottidie
675 2905 808 2970 concutit
826 2910 856 2969 et
872 2909 1013 2976 exterret,
1028 2925 1084 2988 per
1101 2905 1273 2968 absenciam

82 3019 209 3078 nostram
227 3013 322 3077 robur
338 3018 526 3079 assumerent
543 3014 718 3086 animorum,
735 3035 786 3079 eos
803 3014 834 3077 in
850 3012 1013 3077 rebellione
1028 3034 1082 3077 sua
1099 3017 1202 3078 contra
1218 3035 1273 3078 uos

81 3121 178 3185 donor
193 3123 362 3206 pertinacia
380 3124 565 3196 confoveret,
582 3142 656 3206 quos
675 3124 770 3186 eciam
787 3121 887 3187 statim
904 3123 985 3185 circa
998 3123 1149 3185 introitum
1162 3109 1273 3188 mensis

14 3319 15 3322 Ἴ
81 3228 149 3293 Julii
166 3233 208 3316 a)
227 3235 299 3294 ante
317 3231 554 3295 maturacionem
571 3237 709 3314 segetum
725 3229 801 3294 vivis
819 3237 849 3294 et
864 3232 981 3316 asperis
997 3231 1124 3313 gwerris
1146 3234 1273 3314 aggredi

14 3373 15 3418 3
80 3343 214 3420 potenter
238 3339 438 3410 intendimus,
463 3339 691 3404 commoditates
715 3339 759 3403 eis
783 3341 853 3404 anni
876 3341 1027 3424 presentis
1044 3341 1074 3404 in
1090 3341 1271 3406 victualibus

14 3447 15 3482 l
81 3445 216 3520 ablaturi,
252 3453 285 3512 ut
319 3447 481 3511 earundem
519 3447 778 3513 necessitudinum
808 3449 936 3532 penuria
968 3450 1093 3514 coartati
1125 3455 1273 3532 cogantur

80 3557 252 3621 necessario
269 3562 372 3620 nostre
389 3577 422 3620 se
440 3556 579 3621 subicere
597 3556 717 3620 dicioni.

14 3745 15 3748 Ἴ
165 3665 345 3730 Mandamus
372 3667 474 3750 itaque
502 3665 557 3729 tibi
586 3670 753 3752 quatenus,
783 3672 937 3749 assumpta
965 3671 1066 3731 tecum
1089 3671 1179 3750 nepte
1209 3674 1273 3742 tua,

14 3769 15 3772 ’
81 3773 179 3838 lutura
197 3778 342 3838 consorte
358 3778 472 3844 nostra,
490 3774 541 3837 tali
557 3774 624 3838 loco
642 3793 678 3838 ac
694 3775 820 3838 termino
837 3774 900 3846 tali,
923 3780 954 3838 te
978 3780 1080 3839 nostro
1098 3780 1274 3860 conspectui

81 3887 285 3966 representes,
301 3887 403 3946 tecum
418 3883 583 3966 principes,
599 3902 724 3967 quorum
741 3883 859 3947 nomina
882 3883 969 3948 uobis
991 3889 1043 3948 tue
1064 3884 1151 3948 litere
1174 3887 1273 3970 expri-

14 3995 15 4024 ³
81 3990 211 4063 urebant,
242 3989 358 4072 pariter
384 3989 573 4062 adducendo,
601 3991 711 4075 quibus
735 3991 829 4056 eciam
852 3993 1024 4057 vocacionis
1046 3998 1149 4056 nostre
1170 3993 1273 4060 literas

14 4117 15 4126 ¹
84 4097 278 4171 destinamus,
295 4119 349 4162 eos
368 4097 580 4182 sollempnitati
595 4103 656 4163 tam
674 4099 846 4184 sollempnis
868 4100 1043 4166 tradicionis
1065 4100 1213 4166 interesse
1238 4125 1274 4167 ex

82 4207 175 4273 animo
194 4211 364 4290 cupientes,
382 4212 416 4270 ut
432 4206 540 4270 deinde
557 4207 595 4272 ad
613 4229 658 4280 ea,
676 4230 733 4294 que
750 4211 787 4274 de
804 4211 916 4274 nostris
938 4214 968 4273 et
989 4209 1107 4293 imperii
1135 4214 1272 4294 negociis

14 4363 15 4368 η
81 4314 236 4380 tractanda
262 4315 386 4387 suerint,
414 4314 496 4379 iuxta
523 4320 606 4380 tuum
624 4323 653 4381 et
677 4318 802 4382 aliorum
825 4319 993 4391 consilium,
1017 4339 1149 4401 congruo
1172 4343 1273 4386 rerum

84 4424 182 4489 ordine
198 4423 411 4508 procedamus.
444 4424 511 4489 Dat.
527 4432 584 4491 etc.

167 4550 203 4618 a)
218 4548 288 4605 dunii
301 4549 473 4606 dulit-Both.
