3108 5118
1179 299 1254 368 267

56 474 178 546 literas
198 477 294 538 omnis
311 475 518 539 benivolencie
535 451 720 558 plenitudine
744 476 878 546 floridas,
904 473 1062 554 dirigendo
1083 471 1121 558 1).
1139 472 1255 532 —Pro

60 582 175 664 quibus
194 580 297 667 utiquc
314 583 445 666 copiosis
461 582 666 647 beneficeneie
683 589 783 646 vestre
800 583 841 668 a)
857 580 1041 652 muneribus,
1058 578 1157 650 nobis,
1173 578 1257 641 inex·

53 690 194 772 plicabili
212 691 322 772 gaudio
340 690 519 762 secundatis,
537 692 576 754 ad
598 691 814 754 redhibendam
837 690 1026 754 condebitam
1044 686 1258 770 gratitudinem

56 798 237 879 graciarum
259 819 318 862 non
340 799 451 862 sufficit
471 799 574 879 lingua
597 799 714 870 carnis,
743 818 810 860 cum
833 818 892 860 non
913 799 953 861 sit
973 797 1100 859 humane
1116 795 1257 878 potencie

54 925 152 986 super
180 904 241 969 boc
263 906 403 970 affectum
425 906 456 969 in
483 914 583 971 mente
606 913 786 989 conceptum
813 908 949 988 perfecte
973 925 1063 987 posse
1092 903 1257 985 exprimere

53 1033 111 1094 per
145 1014 300 1077 effectum.
342 1014 367 1078 0
400 1015 474 1077 mira
504 1021 629 1097 paterne
662 1016 827 1078 clemencia
858 1014 996 1097 pietatis,
1031 1033 1088 1097 que
1120 1033 1179 1075 non
1212 1015 1259 1073 est

56 1121 229 1202 dedignata
258 1121 344 1184 nobis
373 1143 390 1186 a
418 1123 521 1204 primis
550 1124 635 1186 annis
665 1124 703 1209 6)
732 1130 835 1186 nostre
863 1121 1024 1186 creationis
1052 1117 1258 1190 nascentibus,

55 1231 288 1311 compassionis
305 1232 343 1317 e)
362 1230 503 1294 exhibere
519 1231 696 1303 mamillam,
725 1230 835 1302 ubera,
863 1231 970 1295 lacteis
991 1231 1119 1292 irrorata
1134 1228 1260 1310 liquori-

54 1336 128 1408 bus,
145 1339 307 1419 porrigere
322 1338 504 1409 redolenda,
522 1359 613 1419 grave
626 1338 736 1420 pignus
750 1339 876 1402 amoris!
895 1337 921 1401 Ο
934 1337 1093 1400 ineffabilis
1107 1335 1257 1417 gratitudo
1269 1345 1376 1388 rolm-

54 1445 174 1507 favoris
202 1451 233 1508 et
253 1446 402 1526 stupenda
430 1445 600 1507 dilectionis
628 1445 765 1517 allectio,
794 1465 852 1528 que
880 1465 935 1510 nos
962 1445 1078 1527 pridem
1105 1444 1137 1505 in
1163 1453 1258 1523 regno

58 1555 195 1617 tenellos
218 1555 250 1616 in
271 1556 348 1618 ulnis
372 1554 564 1618 educacionis
582 1555 725 1618 deliciose
748 1555 936 1637 suscipiens,
964 1553 1038 1617 fovit
1065 1574 1143 1616 nunc
1171 1554 1260 1637 inpu-

55 1664 151 1726 beres
171 1670 203 1726 et
220 1664 355 1728 adultos!
372 1663 459 1727 Licet
470 1663 564 1744 igitur
576 1665 703 1746 pervigil
719 1665 758 1727 ad
773 1665 832 1726 hoo
849 1670 951 1727 nostra
968 1664 1099 1746 suspiret
1115 1664 1260 1735 intencio,

56 1771 132 1835 licet
165 1775 197 1832 in
229 1771 287 1833 hoc
319 1776 453 1834 nostrum
483 1771 604 1834 fervens
637 1771 820 1834 desiderium
851 1769 1044 1836 immobiliter
1070 1763 1261 1856 perseveret,

61 1879 146 1962 quod
180 1898 272 1960 super
303 1878 345 1957 d)
377 1883 438 1941 tam
469 1879 565 1960 gratis
598 1884 628 1941 et
659 1878 806 1960 placidis,
844 1877 888 1940 sic
920 1898 975 1964 per
1006 1897 1060 1940 vos
1094 1885 1124 1942 et
1154 1880 1260 1942 almam

57 1987 228 2050 Romanam
246 1985 425 2062 ecclesiam,
452 1992 577 2048 matrem
595 1991 727 2049 nostram
750 1984 932 2067 piissimam,
961 1992 1063 2049 nostro
1085 1985 1260 2067 progressui

58 2093 221 2182 prelibatis
243 2093 385 2175 auspiciis
409 2093 648 2177 correspondeat
669 2095 699 2156 in
716 2095 866 2175 condigne
884 2081 1204 2176 deeeneie'repensiva
1223 2095 1260 2180 e)

61 2202 194 2265 devocio
223 2201 335 2266 filialis:
365 2201 434 2284 quia
465 2207 566 2265 tamen
594 2203 632 2266 ad
660 2203 735 2275 hoc,
768 2209 800 2266 ut
827 2201 978 2268 humiliter
1005 2201 1262 2284 recognoscimus,

57 2311 250 2396 possibilitas
284 2310 370 2372 nobis
403 2311 471 2373 data
496 2331 573 2388 non
611 2311 737 2382 suflicit,
778 2311 909 2373 divinum
948 2310 1084 2392 cogimur
1114 2311 1262 2392 inplorare

65 2421 256 2506 presidium,
285 2425 317 2484 ut
334 2440 369 2482 ex
386 2440 439 2482 sue
456 2419 735 2501 superabundancia
756 2419 916 2491 bonitatis,
945 2419 1024 2503 quod
1046 2418 1133 2482 nobis
1151 2417 1263 2488 delicit,

64 2531 97 2593 in
115 2530 228 2592 virtute
255 2527 393 2610 perficiat
421 2547 479 2610 que
505 2529 537 2590 in
564 2529 673 2591 vestris
701 2527 761 2592 sint
789 2528 883 2591 oeulis
910 2528 1021 2611 placita
1048 2527 1260 2611 prosequendi.

65 2641 162 2704 Porro
186 2639 324 2721 quoniam
342 2638 522 2719 sollempnes
546 2638 671 2700 nuncios
688 2644 818 2711 nostros,
835 2657 911 2720 quos
933 2643 1057 2724 propter
1072 2638 1130 2700 hec
1147 2642 1177 2700 et
1194 2637 1263 2708 alia,

68 2769 129 2830 que
148 2747 236 2809 nobis
265 2745 439 2811 incumbunt
468 2747 612 2828 negocia,
640 2747 678 2809 ad
706 2752 806 2810 vestre
835 2746 1029 2810 beatitudinis
1056 2746 1151 2828 pedes
1169 2746 1264 2808 desti·

66 2878 141 2920 nare
175 2856 387 2938 concepimus,
425 2855 463 2917 ob
476 2855 606 2918 vicinam
637 2857 815 2919 instanciam
845 2855 927 2919 curio
957 2862 1059 2920 nostre
1077 2853 1262 2936 sollempnis,

66 2966 127 3028 iam
145 2965 177 3026 in
193 2964 327 3046 proximo
346 2963 526 3028 celebrande
536 2964 582 3051 ²),
611 2965 649 3027 ad
671 2965 729 3028 iter
745 2965 843 3028 adhuc
861 2964 1028 3028 distulimus
1045 2962 1203 3044 expedire,
1230 2967 1264 3042 ut

66 3073 240 3157 principum
273 3079 460 3144 nostrorum,
493 3073 543 3155 qui
575 3072 616 3135 ibi
649 3074 845 3144 convenient,
877 3073 1094 3136 communicato
1128 3069 1263 3142 consilio,

70 3179 289 3242 committenda
306 3180 424 3261 legacio
441 3178 590 3242 celebrius
608 3185 638 3243 et
659 3181 796 3244 festivius
820 3181 997 3252 adornetur;
1027 3201 1100 3243 ecce
1123 3179 1203 3262 quod
1226 3179 1262 3241 N.

67 3293 272 3370 cognomento
289 3287 417 3369 probum
444 3286 557 3356 virum,
582 3287 667 3350 cuius
690 3286 785 3360 actio,
815 3288 955 3352 virtuosis
978 3289 1093 3370 pollens
1111 3287 1263 3370 operibus,

158 3485 192 3545 a)
217 3489 307 3536 nostre
321 3484 350 3536 V.
367 3511 396 3521 -
412 3483 443 3550 b)
464 3482 538 3535 anais
561 3482 589 3536 V.
612 3484 816 3552 untorpunctirt.
836 3513 870 3522 -
888 3485 920 3551 c)
945 3483 1169 3554 compassionibus
1187 3483 1213 3535 Z·
1228 3511 1262 3523 -

67 3577 102 3643 d)
118 3590 225 3644 semper
238 3591 269 3626 zu
283 3575 365 3626 lesen.
380 3603 413 3612 -
428 3573 457 3640 e)
471 3573 626 3643 responsiva
641 3573 721 3627 Gerb.

70 3730 394 3739 *φο-ψ

93 3831 116 3888 1)
135 3830 177 3872 Am
195 3827 234 3872 26.
255 3826 333 3882 Sptbr.
352 3826 414 3872 1271
431 3826 522 3870 machte
535 3827 627 3886 Gregor
644 3827 671 3870 Χ.
689 3827 712 3872 ia
730 3829 803 3872 oinom
816 3829 1007 3876 Rundschreiben
1027 3831 1071 3876 don
1085 3829 1263 3886 Erebiscbolem

132 3909 277 3960 bischoton,
300 3907 411 3960 Firsten,
433 3908 523 3953 llorren
543 3906 589 3952 und
602 3907 699 3952 Stlldtea
712 3909 735 3952 in
748 3910 906 3954 Deulsobland
924 3910 1041 3965 belannt,
1064 3924 1090 3954 er
1108 3911 1166 3957 habe
1178 3913 1267 3957 Rndolt

133 3993 168 4034 als
181 3990 260 4046 Kbnlg
272 3990 413 4034 onerkannt.
436 3987 567 4046 (Palacky,
586 3988 737 4034 ltalieaisobe
753 3991 823 4036 lleise
840 4003 863 4037 a.
883 3990 923 4036 63.
947 3993 994 4036 Das
1011 3993 1141 4038 schreiben
1153 3993 1264 4050 gleichen

134 4073 223 4116 lnbnlts
242 4071 288 4114 und
301 4074 396 4116 Datum·
412 4084 440 4116 an
453 4071 541 4116 Otalrar
558 4071 596 4115 bei
616 4072 710 4116 Boczek
722 4073 780 4116 Cod.
799 4072 855 4129 dipl.
873 4074 991 4138 bloraviae
1003 4073 1027 4127 4,
1048 4075 1115 4133 133).
1137 4076 1184 4120 nun
1199 4074 1264 4120 diosa

134 4153 217 4197 llrlete
230 4151 325 4196 heziebt
337 4141 391 4195 sich¹
400 4153 452 4196 hier
465 4151 559 4204 Rudolt,
576 4154 647 4196 uomit
661 4153 691 4195 ist
705 4165 775 4198 unser
786 4155 853 4198 Brlot
863 4156 921 4199 nach
934 4156 985 4199 dem
998 4155 1036 4201 26.
1050 4156 1187 4212 September
1202 4155 1264 4202 1271

131 4232 302 4293 gesohricbon,
313 4233 359 4277 und
372 4233 400 4276 da

94 4311 115 4372 ¹)
134 4328 180 4358 von
204 4313 280 4358 einem
297 4314 358 4357 nabe
379 4313 584 4360 bevorstebeudon
604 4313 746 4373 Reicbstoge
768 4314 806 4360 dio
826 4315 890 4362 liade
910 4317 953 4369 ist,
977 4331 1004 4362 so
1021 4317 1082 4362 laon
1099 4330 1145 4360 nur
1165 4317 1208 4361 dor
1228 4330 1262 4362 om

134 4397 171 4440 11.
185 4395 244 4440 Nov.
260 4392 362 4438 1271111
375 4395 499 4449 Ndrnberg
511 4395 666 4454 obgebolteae
678 4397 782 4453 gemeint
792 4397 849 4442 scin.
862 4398 937 4442 Somit
952 4398 1005 4444 mlle
1022 4411 1093 4444 unser
1105 4398 1172 4444 Briel
1187 4398 1210 4442 in
1223 4398 1262 4442 dio

130 4477 185 4522 Zeit
198 4471 318 4522 euriclion
332 4476 385 4522 dem
396 4475 435 4522 26.
449 4477 588 4534 September
601 4477 648 4522 und
660 4478 717 4523 dem
726 4479 763 4526 11.
776 4479 835 4525 Nov.
851 4479 920 4526 1274.
