3108 5118
279 355 358 430 306

279 529 453 602 goccbricbcu
468 529 538 586 scinu,
557 525 615 578 weil
631 524 769 577 loadisluus
782 520 856 575 dario
869 540 919 574 von
933 523 1023 574 seinen
1039 521 1152 575 reiferca
1168 521 1265 574 labreu
1281 521 1488 590 (crescentibus

280 619 374 692 cunis)
393 618 511 692 spricht,
530 631 584 670 uas
604 613 736 669 attentatis
754 613 796 666 ein
811 612 974 682 lljabrigec,
993 612 1068 666 nicbt
1084 612 1149 665 aber
1167 612 1210 664 ein
1224 611 1381 681 lzjtbriger
1393 612 1488 681 Konig

280 728 361 784 ugeu
375 711 452 766 laun,
467 706 519 762 und
537 707 595 762 weil
609 723 658 759 von
672 705 724 758 den
742 703 982 772 bescbvvicbtigten
999 703 1124 757 Uni-uben
1143 701 1186 757 die
1204 703 1279 756 llede
1291 704 1336 765 ist,
1350 702 1403 767 die,
1419 704 1489 756 nach

280 803 354 860 dum.
374 801 392 856 2
412 801 445 856 im
465 799 489 854 d.
512 797 581 852 1275
607 797 675 852 nocb
693 796 883 850 fortdauerten.
910 796 949 848 Da
968 811 1019 848 uun
1043 792 1131 848 dieser
1150 793 1225 848 Brief
1240 795 1287 847 auf
1305 795 1356 848 den
1374 796 1491 848 verber·

285 890 423 962 gcbcudcn
443 891 530 960 Rcaug
550 888 653 950 nimmt,
676 904 706 940 sn
726 887 823 957 gebdrt
840 902 869 938 er
888 885 1041 938 frithestens
1062 886 1129 937 auch
1149 884 1174 938 in
1196 884 1244 938 das
1263 885 1332 938 Jabc
1346 885 1423 940 1276
1438 886 1488 939 und

282 982 447 1052 bctuccwegc
463 997 494 1034 au
510 977 590 1040 1274,
605 979 653 1032 vie
668 977 781 1047 Palaclry
796 978 811 1030 Ι.
827 993 850 1028 e.
866 975 925 1028 wilt.

870 1167 906 1234 9.

664 1307 829 1387 Episcopus
846 1305 875 1368 ll.
896 1305 1015 1368 subdito
1033 1323 1095 1367 suo.

286 1435 337 1494 uin
352 1433 471 1505 iliccbof
490 1431 572 1486 dacolct
590 1430 744 1484 descandam
765 1429 815 1499 scir
837 1430 883 1484 die
902 1437 984 1502 putea
1010 1430 1132 1494 Dieacte,
1155 1431 1200 1484 die
1222 1449 1253 1483 er
1277 1432 1368 1485 seium
1390 1431 1493 1485 Kircbc

304 1526 429 1600 pclcc'etct
441 1523 496 1586 bat,
510 1522 567 1576 rond
578 1519 699 1574 ermabm
711 1519 765 1581 idn,
780 1519 848 1574 anob
860 1519 955 1591 fernen
969 1520 1013 1575 die
1028 1519 1125 1575 ilecblc
1137 1521 1276 1576 deroclden
1290 1540 1323 1574 zu
1336 1521 1474 1577 scbcitzen.

378 1633 520 1692 Bndmsnn,
535 1648 562 1702 p.
574 1629 618 1681 42.

379 1745 423 1808 Ex
439 1743 559 1805 sincere
572 1741 741 1804 dilectionis
759 1743 934 1804 constancia
948 1747 978 1804 et
991 1739 1135 1803 fidelitate
1152 1741 1342 1822 processisse
1359 1741 1495 1805 dinosci-

287 1875 354 1918 mus
371 1854 451 1916 illam
464 1851 573 1914 mentis
585 1856 686 1913 vestre
699 1850 830 1930 ingenue
843 1849 1029 1930 legalitatem
1046 1851 1256 1931 conspicuam,
1269 1869 1329 1933 que
1341 1850 1371 1912 in
1388 1851 1494 1915 matris

290 1985 356 2036 sue,
379 1961 521 2026 videlicet
537 1960 605 2023 talis
629 1959 776 2030 ecclesie,
806 1960 952 2040 gremium
975 1951 1078 2021 videbs
1103 1964 1133 2022 ct
1149 1959 1323 2041 percipiens
1341 1979 1494 2024 venenosa

288 2071 476 2158 quorundam
494 2067 719 2132 detrabencium
737 2068 852 2149 spicula
870 2068 958 2150 quasi
969 2067 1098 2132 letaliter
1112 2067 1272 2138 fulminari,
1293 2088 1348 2150 pro
1366 2089 1405 2132 ea
1423 2069 1494 2151 ipsis

289 2203 323 2246 se
339 2197 511 2243 mucronem
529 2176 714 2240 defensionis
723 2176 865 2258 opposuit
873 2181 965 2257 etpro
972 2175 1085 2238 viribus
1103 2175 1237 2238 studiose
1249 2178 1494 2258 perspicacitatis

290 2291 414 2373 ingenio
430 2289 566 2370 ipsorum
588 2284 766 2349 violenciam
795 2284 1025 2347 commendabili
1047 2284 1216 2367 patrocinio
1233 2285 1367 2348 inanivit.
1386 2287 1423 2348 ln
1439 2287 1494 2350 boc

290 2400 389 2469 enim,
418 2396 498 2480 quod
529 2396 593 2458 eius
617 2395 740 2466 honori,
769 2399 800 2457 et
827 2415 869 2456 ne
895 2414 1011 2476 super
1035 2394 1255 2457 collacione
1280 2395 1488 2459 comitatus

291 2508 468 2574 indebita
494 2506 714 2574 lederetur,
739 2504 876 2585 vigilanti
911 2503 1075 2584 diligencia
1102 2503 1285 2576 insudastis,
1315 2504 1491 2570 devocionis

290 2640 345 2683 vos
363 2616 539 2682 ostendistis
556 2614 648 2678 filium
666 2620 696 2677 ct
712 2615 807 2696 ipsius
826 2613 979 2676 felicitatis
997 2620 1028 2676 et
1044 2613 1163 2676 comedi
1181 2613 1384 2686 defensorem,
1403 2617 1489 2678 immo

289 2732 505 2816 permaximum
533 2727 711 2795 zelatorem,
740 2726 901 2807 legemque
929 2744 1000 2786 vere
1022 2722 1160 2786 karitatis
1185 2723 1216 2786 in
1238 2724 1297 2787 boc
1319 2725 1492 2808 adimplevit

289 2840 387 2906 filialis
405 2837 538 2906 dilectio,
566 2835 646 2918 quod
663 2835 701 2897 ad
717 2835 820 2897 matris
838 2832 992 2896 erubescit
1017 2832 1178 2914 obprobria
1195 2839 1226 2896 et
1253 2834 1319 2896 eius
1344 2836 1487 2916 periculis

296 2970 418 3031 semper
435 2946 538 3010 studet
555 2945 710 3027 oportunis
727 2942 870 3007 remediis
889 2942 1020 3006 obviare.
1056 2942 1137 3006 Sane
1154 2943 1234 3024 apud
1250 2943 1349 3006 Deum
1366 2952 1397 3008 et
1415 2946 1489 3029 apud

289 3061 428 3125 homiues
445 3057 503 3120 boc
520 3057 634 3120 factum
650 3054 800 3117 laudabile
817 3058 951 3134 graciam
969 3052 1065 3124 vobis,
1083 3059 1116 3115 ut
1132 3052 1295 3125 credimus,
1314 3056 1489 3125 cumulavit;

291 3171 370 3256 quod
388 3166 599 3231 nichilominus
616 3166 647 3227 in
664 3169 767 3227 nostro
784 3163 860 3225 libro
877 3163 1021 3225 memorie
1038 3164 1273 3244 conscripsimus
1292 3164 1393 3246 dignis
1413 3167 1491 3228 favo·

293 3280 377 3344 ribus
395 3284 425 3342 et
440 3277 546 3360 gracia
564 3274 721 3357 oportunis
738 3272 924 3355 temporibus
942 3272 1205 3353 compensandum.

383 3390 544 3452 Hortamur
572 3390 673 3447 autem
702 3388 732 3445 et
759 3403 915 3445 monemus
938 3387 1039 3444 vestre
1064 3379 1132 3443 fidei
1155 3382 1328 3463 puritatem,
1346 3391 1488 3466 quatenus

292 3499 475 3565 continuatis
492 3493 688 3578 processibus
706 3492 853 3555 studeatis
876 3490 1028 3553 indefesse
1052 3493 1098 3552 sic
1123 3490 1236 3553 directo
1253 3492 1375 3556 tramite
1393 3498 1489 3555 nostro

293 3616 458 3692 nostreque
489 3604 619 3668 ecclesie
646 3602 752 3665 honori
783 3606 813 3663 et
839 3600 1008 3662 defensioni
1037 3599 1161 3670 iuriam,
1189 3605 1223 3662 ut
1243 3600 1322 3663 actis
1345 3601 1489 3683 prioribus

293 3719 465 3806 posteriora
488 3719 657 3777 consonent
681 3717 712 3774 et
735 3730 856 3792 semper
879 3709 1007 3791 probate
1030 3713 1130 3772 vestre
1154 3708 1317 3790 legalitatis
1340 3710 1490 3772 redoleant

291 3830 464 3916 puritatem.

395 3955 487 4009 Bodm.
507 3953 524 4005 Ι.
545 3967 568 4004 c.
589 3951 680 4015 „Litra
694 3947 815 4018 episcopi
829 3946 860 3998 N.
874 3943 908 3998 ad
921 3946 953 3999 N.
967 3943 1195 4014 (protonotarium
1208 3943 1335 4014 Regium)
1350 3945 1488 4012 gratiarum

291 4050 393 4106 actoris
417 4051 445 4099 cl
467 4041 739 4099 recommendntoria“
763 4039 810 4090 bat
833 4038 902 4090 noch
925 4035 1068 4106 folgenden
1089 4033 1274 4088 Schlusssatz:
1299 4035 1401 4102 Quodsi
1424 4038 1488 4088 forle

292 4144 355 4214 post
373 4141 522 4209 Augustum
540 4135 681 4187 affuturum
698 4130 817 4200 proximo
836 4128 987 4181 Alemaniae
1006 4125 1139 4197 principes
1158 4127 1297 4196 contingat
1315 4125 1350 4180 de
1370 4125 1486 4179 mandato

290 4234 369 4306 regio
389 4227 548 4290 convocari,
567 4242 614 4277 vos
635 4241 686 4276 una
706 4239 766 4276 curn
786 4219 962 4280 cancellario,
982 4223 1096 4271 nostrum
1116 4233 1167 4269 non
1182 4216 1328 4270 obmittntis
1343 4218 1486 4271 absenciam

292 4325 442 4382 efficaciter
460 4335 598 4379 excusare,
622 4320 669 4368 aut
681 4319 797 4367 nostram
811 4313 905 4365 saltem
920 4311 1119 4362 excusacionem
1133 4309 1157 4360 ia
1171 4311 1320 4378 conspectu
1335 4308 1488 4363 serenitatis

292 4417 386 4490 rogiae
412 4433 473 4470 curn
501 4412 569 4464 omui
595 4407 726 4462 modestia
756 4407 940 4476 praesentare,
973 4401 1118 4471 praecipue.
1143 4417 1202 4452 cum
1234 4417 1282 4453 nos
1314 4400 1394 4454 simus
1421 4397 1489 4470 quasi

290 4509 399 4568 adeius
412 4513 440 4561 et
453 4501 678 4558 inextricabilibus
691 4495 807 4566 negotiis
822 4493 946 4564 impediti.

387 4599 491 4654 Stobbc
504 4613 546 4651 uo.
563 4592 615 4646 177
628 4593 705 4652 olme,
719 4605 762 4641 uo.
778 4585 830 4639 lll
843 4586 888 4638 mit
901 4585 960 4638 dem
975 4583 1158 4638 Scblusssatze
1171 4583 1213 4636 bci
1232 4583 1377 4636 Bndmnuu.
