3108 5118
1189 288 1267 406 aon

72 507 280 572 munificencia
293 516 395 575 nostre
412 510 608 595 benignitatis
625 510 790 582 eximimus,
804 501 845 572 ita
860 512 998 591 utusque
1012 508 1181 590 adtempus
1196 507 1270 573 illud

72 619 253 701 completum
275 639 293 682 a
315 638 466 704 quoquam
488 641 581 705 super
611 619 670 682 hiis
702 617 871 683 nullatenus
901 619 1081 701 impetantur.
1115 617 1270 682 Presentis

72 727 162 809 igitur
178 734 306 792 auctore
322 729 475 812 privilegii
498 731 692 800 mandamus,
722 735 869 813 quatenus
886 727 984 791 nullus
1001 747 1104 792 comes
1121 726 1272 798 veiham,

72 837 166 900 nullus
196 836 337 902 officialis
365 839 412 904 vel
442 839 507 904 eius
535 837 686 910 vicarius,
715 837 796 902 uulla
825 837 955 922 denique
983 857 1113 920 persona
1136 837 1196 901 alta
1225 835 1271 899 vel

72 946 206 1020 humilis,
237 948 448 1016 ecclesiastica
477 951 523 1013 vel
551 951 719 1022 mundana,
750 947 904 1031 predictos
937 947 1042 1012 fideles
1071 953 1191 1012 nostros
1224 947 1272 1010 rel

75 1056 186 1140 aliquos
211 1058 378 1123 eorundem
400 1064 507 1122 contra
529 1058 618 1122 huius
642 1055 746 1140 gracie
770 1062 872 1120 nostre
889 1058 1014 1120 formam
1032 1063 1146 1120 temere
1162 1057 1274 1120 audeat

74 1167 245 1232 molestare.

668 1487 702 1553 3.

392 1659 553 1744 imperiale
569 1660 759 1744 prlrllcglum
775 1661 806 1726 ll.
823 1661 962 1726 ecclesie.

77 1821 125 1875 uio
147 1821 238 1892 lfdnip
264 1818 395 1896 empfieblt
417 1821 461 1876 eia
475 1819 588 1882 Kloeler,
611 1822 714 1877 dacer
735 1821 763 1876 ia
785 1820 878 1878 eeiaeo
899 1821 1046 1877 beeoadera
1061 1819 1157 1876 Sabate
1179 1820 1279 1885 aimmt,

344 1913 393 1966 der
406 1913 540 1985 Fdreorge
552 1913 646 1970 aciaco·
659 1912 768 1968 Riebter
782 1914 839 1968 aad
853 1912 1015 1968 Stallbclter.

169 2059 275 2114 Stobbe
288 2077 313 2114 u.
328 2057 389 2114 146.
403 2060 492 2116 blosse
506 2060 721 2132 lnbaltsaugabe.

162 2207 318 2292 Equitntis
341 2208 430 2292 rigor
454 2209 548 2292 exigit
565 2216 596 2272 et
612 2210 685 2274 ordo
704 2208 842 2292 suggerit
857 2209 1000 2282 racionis,
1017 2213 1133 2273 ut-eun
1148 2209 1180 2272 in
1195 2226 1280 2271 men-

79 2312 137 2378 bris
153 2317 218 2380 suis
237 2317 412 2400 specialiter
427 2317 628 2390 honoremus,
651 2317 718 2402 qui,
742 2319 853 2383 nostris
870 2337 929 2382 non
946 2316 1136 2400 exigentibus
1153 2316 1280 2386 meritis,

78 2425 169 2508 regali
198 2427 277 2490 solio
305 2447 361 2492 nos
389 2429 518 2512 prefecit
546 2429 584 2492 ad
611 2429 670 2493 hoc
698 2428 858 2500 videlicet,
881 2434 915 2492 ut
937 2427 1123 2491 defensionis
1147 2425 1280 2511 presidio

81 2542 202 2601 cunctas
219 2556 369 2619 personas
385 2537 575 2602 miserabiles
598 2539 752 2602 foveamus
795 2537 839 2601 Ea
861 2543 984 2622 propter
1000 2536 1150 2601 uniuersis
1167 2537 1279 2601 uostris

81 2641 229 2709 iudicibus
255 2664 292 2708 ac
314 2646 436 2709 vicariis
458 2647 633 2710 mandamus
656 2645 797 2718 firmiter,
827 2653 973 2731 quatenus
997 2644 1154 2710 abbaciam
1176 2646 1279 2718 talem,

83 2769 167 2834 quam
184 2771 255 2816 cum
274 2753 353 2817 omui
370 2773 424 2819 sua
447 2755 622 2819 substancia
645 2762 676 2819 et
698 2755 837 2840 personis
854 2752 1077 2839 pertinentibus
1096 2754 1133 2818 ad
1150 2754 1280 2818 eandem

82 2857 110 2922 in
125 2867 260 2926 nostram
278 2863 485 2927 defensionem
502 2870 532 2928 ot
548 2863 673 2928 tutelam
690 2865 852 2948 recipimus
877 2865 1051 2946 specialem,
1074 2885 1133 2928 nou
1155 2862 1280 2948 permit-

84 2971 152 3034 tatis
180 2971 221 3036 ab
249 2970 351 3056 aliquo
379 2972 523 3059 deinceps
542 2975 711 3046 molestari,
740 2981 771 3040 ut
788 2976 897 3042 fratres
914 2975 978 3038 Deo
1001 2972 1075 3037 inibi
1091 2974 1280 3044 famulantes,

84 3082 209 3163 protecti
232 3081 391 3165 priuilegio
414 3083 498 3166 regie
515 3081 693 3156 maiestatis,
716 3083 984 3166 contemplacionis
1007 3082 1155 3146 inoffensa
1177 3084 1279 3166 quiete

85 3189 247 3271 gaudeant,
265 3197 297 3254 et
311 3211 366 3277 pro
383 3191 463 3257 bono
481 3199 560 3258 statu
582 3193 669 3276 regui
693 3194 787 3257 nostri
809 3194 1008 3278 imperturbati
1025 3193 1136 3276 iugiter
1152 3191 1280 3255 diuinam

84 3299 280 3366 clemenciam
317 3302 536 3386 deprecentur,
575 3303 653 3366 sicut
691 3303 806 3386 regiam
844 3304 1089 3386 indignacionem
1127 3302 1280 3366 volueritis

85 3409 258 3495 eritare1).

86 3601 411 3616 -υ-ι-ι-

108 3721 130 3778 ¹)
147 3722 190 3766 llio
201 3722 305 3768 chtlcr
317 3723 344 3766 ll.
358 3724 381 3768 S.
394 3723 434 3767 bat
445 3723 507 3768 noelr
525 3736 570 3767 von
583 3724 684 3767 undorer
702 3723 783 3768 lland:
806 3725 859 3769 Dat.
879 3737 899 3770 a.
915 3723 1004 3768 Domini
1018 3722 1141 3768 millesimo
1155 3720 1222 3768 000⁰
1235 3721 1280 3766 lllll

145 3803 223 3848 faetus
241 3804 279 3848 cot
294 3804 400 3862 Syfrlrlue
417 3805 446 3849 de
464 3805 573 3851 chremse
591 3806 698 3850 novicius
715 3806 737 3849 iu
756 3805 854 3858 Zwetla,
866 3806 926 3850 denu
938 3804 980 3850 mit
991 3806 1074 3850 rother
1085 3806 1154 3850 Tlute
1165 3804 1193 3848 lll
1205 3804 1282 3848 llonm

146 3885 222 3942 Apuril.
249 3886 280 3929 lle
303 3885 404 3931 brauelrt
425 3889 492 3932 laum
516 3888 623 3932 crwllmt
645 3901 674 3931 au
697 3888 802 3941 werden,
821 3879 931 3932 dnss'das
949 3889 1030 3931 Datum
1050 3887 1115 3932 uiolet
1132 3900 1183 3930 zum
1202 3887 1281 3930 Bricfe

146 3967 236 4025 gehort
258 3967 303 4010 und
326 3968 380 4012 dass
401 3968 439 4012 eiu
463 3969 578 4026 gewisscr
601 3968 677 4028 Splrtd
702 3982 743 4016 aus
765 3970 861 4016 Clrrems
878 3970 923 4015 deu
943 3970 1007 4015 Platz
1025 3971 1063 4015 ldr
1080 3971 1121 4014 das
1139 3968 1282 4014 Brieldatum

145 4047 245 4094 bcuutzt
263 4049 310 4101 bat,
329 4062 365 4094 um
383 4049 434 4095 airh
452 4051 498 4095 und
517 4051 561 4097 deu
579 4052 630 4110 'l'ag
646 4053 726 4096 selues
743 4051 868 4098 llintrittes
886 4052 909 4097 iu
927 4052 969 4098 llas
986 4053 1082 4098 llloster
1095 4065 1123 4096 zu
1136 4050 1280 4108 uerewlgen.
