3100 5116
1207 286 1284 356 aaa
1396 257 1400 263 ’

63 449 153 514 filius
173 452 262 516 effici
278 455 413 536 cupiens,
431 455 591 519 domiciliis
609 457 669 519 illic
687 460 717 518 et
732 456 853 519 familiis
871 457 990 518 omuino
1007 458 1171 529 translatis,
1190 458 1285 540 ipsius

63 560 197 624 habere
226 562 354 626 voluerit
376 563 555 636 incolatum,
585 565 622 628 ad
645 566 744 628 locum
765 585 878 647 pascue
901 566 1015 636 veniat,
1040 571 1070 628 et
1086 567 1182 649 ipsius
1200 572 1286 649 grata

61 668 238 733 fertilitate
262 677 418 744 vescatur,
449 678 479 736 et
495 678 598 764 preter
614 679 716 738 nostre
733 674 950 758 plenitudinem
973 676 1090 756 gracie,
1121 697 1210 759 quam
1228 676 1285 739 sibi

60 778 291 842 favorabiliter
306 782 497 864 pollicemur,
522 783 552 845 in
570 781 705 846 collectis
723 788 753 845 et
770 782 975 846 exactionibus
992 782 1138 866 publicis,
1157 785 1287 847 inmuni-

61 891 131 950 tate
148 887 280 951 decenti
299 911 331 952 se
344 891 475 972 gaudeat
488 891 771 956 incommutabiliter
782 894 956 973 potiturum.
970 932 1015 941 —
1026 893 1178 956 Presentis
1195 893 1288 976 igitur

59 997 233 1079 privilegii
250 999 428 1062 auctoritate
453 1002 614 1071 sancimus,
640 1021 677 1062 ne
701 999 860 1084 quisquam
882 1001 953 1062 huic
976 1005 1079 1064 nostre
1097 1003 1286 1066 concessioni

61 1125 149 1168 ausu
171 1107 336 1169 temerario
353 1114 507 1190 presumat
523 1109 712 1194 aliquatenus
729 1108 888 1172 contraire.
907 1109 974 1172 Dat.
993 1129 1071 1172 anno
1085 1115 1115 1172 et
1126 1131 1230 1174 mense
1246 1113 1283 1175 N.

60 1214 190 1295 regni
215 1216 344 1278 nostri
367 1236 468 1279 anno
494 1216 627 1299 primo.

172 1368 269 1421 [tieses
284 1369 501 1423 liundsclrreiben
515 1369 598 1423 findet
608 1369 666 1422 sich
679 1367 706 1422 in
719 1368 771 1423 den
785 1369 877 1424 Novae
888 1371 1096 1426 constituciones
1107 1371 1184 1443 regni
1196 1371 1286 1426 Sicilie

68 1457 113 1509 bei
131 1457 386 1519 finili-Breucum,
400 1459 427 1518 4,
439 1459 503 1520 234,
513 1459 612 1529 jedoch
627 1461 696 1513 ohne
710 1459 757 1513 das
772 1460 865 1514 llatum
881 1459 928 1513 das
941 1460 999 1513 hier
1018 1460 1121 1515 freilich
1141 1478 1208 1530 ganz
1222 1461 1287 1514 will·

71 1549 192 1604 kdrlich
205 1549 383 1620 binuugefiigt
395 1551 437 1604 ist.
462 1551 531 1604 Schr
550 1551 696 1606 schlerlraft
713 1550 748 1604 ist
762 1550 809 1605 der
821 1550 948 1606 Abdruck
962 1551 1004 1606 bei
1018 1552 1099 1622 Vcigt
1114 1553 1287 1607 Formolbuch

72 1641 127 1698 des
148 1641 294 1710 ilenricuu¹
306 1642 414 1697 ltalicus
427 1642 525 1697 Archiv
544 1645 563 1696 f.
577 1644 608 1697 K.
622 1646 673 1696 ost.
688 1642 785 1697 Gesclr.
801 1635 848 1694 ud'.
867 1641 911 1702 29,
926 1658 952 1711 p.
967 1641 1010 1694 30,
1035 1642 1131 1696 Datum
1145 1645 1170 1696 iu
1184 1646 1288 1698 Nuren-

72 1737 234 1808 borgenne
250 1737 303 1787 etc.

664 1927 727 1996 44.

500 2065 658 2148 lmperlole
673 2066 874 2156 prlvlleglum.

611 2207 689 2261 1224.
704 2207 768 2262 Juli.

76 2352 229 2410 Friedrich
244 2355 278 2406 ll.
292 2353 382 2425 deruft
403 2355 455 2408 deu
474 2354 569 2408 Petras
587 2369 637 2408 coo
655 2351 762 2408 lucratio
775 2371 823 2406 zur
836 2352 949 2425 Leituny
963 2352 1013 2406 der
1025 2350 1055 2406 in
1067 2353 1172 2423 Neopcl
1185 2349 1289 2406 errictr-

80 2455 156 2500 tetcn
181 2442 341 2500 Uniceraitdt
365 2445 422 2500 und
447 2442 598 2516 veropriclrt
623 2441 674 2498 itm
701 2443 745 2498 cin
767 2441 926 2515 Jatryetau
952 2460 1002 2499 con
1023 2442 1107 2514 zwdlf
1128 2444 1288 2498 Goldunzcn.

178 2585 363 2652 uuiti-urta,
379 2591 404 2652 2,
417 2588 480 2642 449.

176 2735 289 2798 Noster
305 2735 468 2805 instanter,
487 2753 576 2819 quem
593 2735 624 2795 in
642 2732 830 2797 subditorum
847 2735 1047 2797 emolumenta
1062 2734 1104 2820 a)
1121 2732 1289 2815 dirigimus,

78 2845 267 2908 sollicitatur
284 2844 400 2906 animus
424 2843 469 2907 vel
494 2841 632 2913 allectus,
657 2841 785 2926 qualiter
807 2843 894 2923 regni
910 2842 1005 2904 nostri
1024 2841 1136 2924 Sycilie
1153 2842 1290 2924 preclara

78 2952 257 3036 possessio,
283 2951 361 3014 sicut
384 2971 484 3014 rerum
500 2949 639 3013 ubertate
657 2950 790 3014 vitalium
808 2951 846 3038 t)
865 2951 903 3013 ad
931 2950 1165 3033 disposicionem
1198 2948 1290 3012 divini

80 3061 217 3125 nominis
226 3065 333 3124 natura
345 3060 520 3144 prosiliente
529 3061 566 3145 c)
575 3059 729 3144 tripudiat,
743 3063 788 3124 sic
801 3061 839 3124 ad
852 3066 954 3124 nostre
968 3059 1146 3145 provisionis
1160 3059 1303 3122 edictum,

79 3174 220 3236 virorum
235 3171 421 3254 perfectione
438 3169 620 3241 sciencium,
643 3170 764 3234 fortuna
780 3170 917 3241 favente,
935 3171 1033 3234 valeat
1049 3169 1215 3233 fecundari.
1247 3169 1293 3232 Ad

80 3281 169 3366 quod
186 3281 245 3344 etsi
260 3281 485 3364 progenitorum
512 3284 685 3342 nostrorum
714 3301 769 3343 nos
798 3281 989 3344 memoranda
1016 3281 1158 3363 prioritas
1186 3278 1292 3343 invitet

80 3390 243 3475 exemplis,
272 3390 342 3452 dum
371 3389 558 3453 diversarum
586 3388 787 3452 scienciarum
816 3391 970 3473 alumpnos
999 3388 1111 3452 dudum
1139 3389 1169 3451 in
1196 3409 1292 3471 regno

82 3507 190 3565 nostro
209 3500 408 3583 comperimus
426 3503 455 3562 et
471 3499 562 3562 multe
579 3497 653 3562 artis
669 3497 817 3562 beneficio
833 3498 999 3582 pluralibus
1016 3497 1207 3561 munimentis
1220 3517 1310 3582 pro-·

80 3617 188 3676 vectos
206 3610 244 3674 ad
261 3610 365 3679 ardua,
382 3629 457 3694 quos
475 3608 580 3692 utique
599 3607 699 3671 nativa
716 3607 832 3672 ruditas
849 3608 989 3690 indignos
1006 3607 1129 3674 honoris
1148 3611 1179 3670 et
1195 3608 1291 3688 glorie

80 3720 285 3790 reddidisset,
327 3721 371 3782 sic
410 3740 465 3782 nos
501 3737 594 3801 super
634 3717 681 3781 his
717 3722 747 3779 et
773 3718 906 3801 priorum
934 3723 1103 3800 temporum
1135 3717 1291 3781 reminisci

82 3832 234 3901 volumus,
252 3834 284 3892 ut
301 3849 359 3913 que
372 3848 427 3912 per
441 3826 599 3891 intervalla
614 3826 799 3909 quantalibet
811 3832 953 3911 quassata
966 3827 1106 3890 videntur
1123 3825 1183 3888 iam
1199 3846 1290 3909 passa

84 3941 244 4011 desidiam,
263 3939 319 4002 sub
334 3937 476 4000 felicibus
499 3935 661 3998 iuventutis
685 3940 786 3998 nostre
809 3936 980 4018 primordiis
1005 3936 1143 4000 similiter
1166 3937 1406 3998 iuvene-rosto.

83 4054 189 4120 scaut;
215 4069 251 4112 ac
268 4048 339 4111 dum
357 4047 462 4110 fideles
490 4046 584 4110 nostri
611 4045 765 4128 regnicole
783 4046 967 4129 propositam
983 4045 1042 4110 sibi
1064 4065 1202 4108 mensam
1218 4064 1291 4127 pro·

84 4159 252 4246 posicionis
285 4155 511 4238 conspexerint,
544 4173 602 4217 non
631 4154 727 4216 solum
762 4154 834 4216 utile
869 4159 1009 4237 reputent
1037 4155 1135 4217 aliena
1163 4153 1290 4236 proinde

33 4315 35 4318 -
86 4272 226 4354 flagitare
254 4266 400 4336 subsidia,
430 4264 484 4328 sed
513 4268 542 4326 et
570 4264 734 4345 gloriosum
761 4266 902 4326 estiment
925 4269 1043 4326 exteros
1065 4263 1291 4347 qualescunque

86 4381 125 4445 ad
156 4375 352 4461 gratitudinis
384 4374 474 4438 huius
505 4373 697 4456 participium
730 4393 866 4437 evocare.
908 4375 982 4436 Cum
1013 4373 1106 4454 igitur
1138 4372 1291 4437 civitatem

181 4525 215 4590 a)
230 4519 398 4577 emolimento
414 4521 439 4573 Z.
456 4549 486 4559 —
502 4519 533 4587 b)
552 4517 707 4573 victualium
721 4518 816 4573 ll.-Br.
831 4550 865 4558 -
878 4520 910 4586 c)
926 4518 1075 4590 profluente
1091 4519 1120 4570 Z.
