3112 5118
317 292 393 364 242

313 464 465 547 opacitas,
498 471 528 530 et
553 466 745 531 iocunditatis
773 468 902 551 quadam
929 467 1087 532 dulcedine
1119 469 1151 530 in
1181 469 1333 532 radiorum
1367 467 1490 529 solarium

312 573 502 654 participium
519 575 623 638 oculus
640 576 721 639 clare
738 576 1005 657 contemplancium
1023 576 1199 640 delectatur.
1228 577 1398 640 Amenitate
1412 574 1492 656 siqui·

313 680 380 744 dem
402 683 521 745 luminis
555 703 588 744 se
610 702 665 764 per
686 689 835 747 terrarum
863 684 967 765 spacia
1002 683 1204 756 diffundente,
1238 683 1353 747 exultat
1386 683 1490 745 deserta

313 788 393 874 eto)
406 789 484 852 invia
505 789 543 876 1),
559 791 727 871 gratulatur
741 811 890 874 puerpera
907 791 1056 864 ubertate,
1072 792 1103 854 in
1118 792 1270 855 fructuum
1283 792 1323 872 d)
1342 790 1493 854 exuberans

311 896 435 977 pullulat
453 904 534 962 terra
562 903 673 962 nostra.
708 901 789 963 Inter
815 901 881 982 ipsa
902 905 1002 964 autem
1025 900 1162 981 polorum
1184 900 1343 964 luminaria
1367 899 1405 982 c)
1428 898 1493 960 sicut

312 1004 397 1067 stelle
420 1024 437 1067 a
454 1025 488 1068 se
505 1005 644 1070 differunt
659 1007 795 1070 claritate
812 1014 843 1072 et
858 1009 917 1071 situ
934 1007 986 1093 d),
1003 1007 1049 1070 sie
1066 1008 1162 1070 eciam
1179 1008 1354 1090 discrepare
1372 1005 1494 1069 videntur

310 1113 470 1176 oculariter
486 1113 516 1175 in
533 1113 658 1187 effectu;
685 1116 766 1198 quod
779 1116 899 1199 quidem
916 1121 1003 1198 tropo
1015 1117 1102 1198 loyce
1116 1115 1393 1198 comprehenditur,
1400 1113 1492 1176 durnin

311 1225 416 1282 sancta
431 1203 526 1284 matre
543 1222 671 1285 ecclesia
688 1228 857 1286 sanctarum
873 1223 1051 1305 religionum
1073 1223 1231 1286 diversitos
1254 1227 1286 1285 ct
1307 1217 1494 1284 diversimodo

203 1315 211 1323 ’
310 1329 551 1392 conversacionis
569 1329 788 1412 equipollcncia
803 1331 961 1413 reperitur.
987 1331 1032 1394 Ex
1056 1331 1164 1413 quibus
1182 1329 1366 1392 christianus
1381 1326 1494 1410 populus

308 1438 466 1500 multarum
488 1438 630 1501 uirtutum
652 1437 772 1502 dotibus
795 1445 953 1502 serenatus
976 1445 1007 1503 et
1028 1439 1215 1503 fecunditate
1235 1437 1330 1520 prolis
1361 1435 1493 1520 wodan·

308 1546 397 1609 modo
419 1545 618 1616 fecundatus,
644 1545 704 1610 imo
730 1546 854 1611 uberius
877 1545 1018 1613 dilatatus
1040 1547 1087 1610 sui
1107 1546 1229 1611 tentorii
1252 1546 1326 1609 fecit
1361 1541 1494 1608 funiculos

310 1653 472 1736 longiores.

397 1763 430 1824 ln
455 1761 561 1825 harum
589 1766 689 1826 autem
721 1781 845 1826 numero
876 1762 1008 1826 felicium
1041 1764 1115 1826 ordo
1145 1762 1231 1834 talis,
1263 1762 1353 1824 velud
1386 1762 1496 1824 lucerna

307 1869 498 1952 superposita
535 1868 733 1943 candelabro,
772 1870 892 1934 domum
925 1870 983 1934 Dei
1023 1870 1115 1934 uerbo
1150 1870 1297 1935 illuminat
1329 1869 1444 1952 pariter
1471 1873 1496 1928 et

306 1978 453 2059 exemplo,
470 1977 541 2041 dum
556 1978 666 2042 fratres
682 1977 778 2060 ipsius
794 1984 825 2042 et
840 1980 982 2061 professi,
1000 1978 1134 2043 seculum
1150 1978 1340 2050 abdicantes,
1359 1977 1497 2042 Christum

303 2103 466 2167 pauperem
481 2086 512 2148 in
528 2086 644 2149 camino
661 2087 845 2168 paupertatis
860 2085 890 2172 2)
909 2087 1016 2150 eximie
1032 2087 1196 2151 imitantur.
1213 2088 1309 2168 Igitur
1324 2085 1365 2149 ob
1389 2084 1495 2148 virtutis

306 2198 337 2256 et
353 2193 514 2275 probitatis
529 2213 631 2257 eorum
644 2195 681 2278 c)
693 2195 800 2258 merita
814 2200 876 2258 tam
891 2196 1040 2277 preclara,
1056 2195 1139 2278 ipsos
1155 2195 1187 2257 in
1199 2194 1325 2258 Domino
1345 2193 1496 2274 diligimus,

306 2322 342 2364 ac
365 2304 526 2366 confovere
548 2301 587 2365 ad
608 2303 828 2384 plantacionem
845 2302 1009 2367 orthodoxe
1023 2303 1095 2366 fidei
1112 2324 1147 2366 ac
1164 2303 1325 2366 utilitatem
1342 2299 1496 2383 reipublice

213 2434 214 2438 ¹
304 2409 478 2492 cupientes,
506 2411 537 2472 in
558 2411 656 2474 animo
674 2411 857 2493 disponimus
875 2413 950 2476 etin
965 2419 1084 2484 mente,
1101 2418 1191 2494 prout
1216 2412 1335 2494 regiam
1359 2408 1496 2488 condecet

300 2517 581 2598 magnificenciam,
604 2519 718 2581 eisdem
732 2519 772 2605 f)
790 2525 820 2582 et
835 2519 1099 2583 inconservandis
1114 2518 1156 2604 9)
1171 2518 1365 2582 libertatibus
1382 2511 1497 2580 inveniri

304 2624 409 2688 faciles
433 2630 463 2687 et
483 2626 710 2707 promocionum
732 2628 774 2712 Ιι)
796 2625 950 2690 beneficiis
973 2626 1124 2690 liberales.
1161 2626 1201 2690 ut
1228 2645 1287 2688 non
1311 2625 1411 2688 solum
1431 2621 1495 2704 ipsis

306 2732 525 2795 essevolumus
542 2733 682 2814 propicii‚
698 2734 754 2796 sed
769 2734 802 2820 i)
819 2733 952 2816 ipsorum
967 2734 1213 2798 benefactoribus
1230 2734 1377 2816 graciosi.
1417 2745 1424 2754 “

395 2841 505 2906 Verum
532 2841 661 2923 predicti
689 2843 798 2905 fratres
832 2842 918 2906 uobis
948 2864 1001 2925 pro
1034 2843 1147 2906 solacio
1180 2848 1211 2907 et
1243 2841 1341 2904 salute
1376 2838 1495 2903 omnium

306 2955 542 3022 commorantes,
571 2969 607 3013 ac
634 2955 766 3014 vestram
793 2949 1018 3014 universitatem
1041 2951 1078 3013 de
1101 2949 1317 3032 multiplicibus
1344 2944 1494 3010 beneficiis

304 3057 548 3122 commendantes
571 3063 727 3131 asserunt,
749 3058 830 3142 quod
851 3078 909 3121 uno
931 3062 1046 3121 tanturn
1067 3059 1099 3122 in
1121 3078 1176 3122 suo
1193 3056 1322 3120 cenobio
1340 3057 1496 3137 fatigentur

304 3163 479 3237 incomodo,
507 3166 589 3248 ipsos
611 3166 720 3228 fratres
743 3165 983 3228 intollerabilitcr
1004 3165 1174 3247 affligente,
1201 3164 1346 3229 videlicet
1363 3163 1442 3248 prod
1455 3163 1496 3225 ria

305 3271 385 3334 inter
406 3293 522 3338 murum
545 3273 674 3337 civitatis
696 3278 796 3336 vestre
820 3278 851 3337 et
872 3293 988 3336 murum
1005 3292 1107 3336 eorum
1123 3272 1296 3336 habitacula
1312 3271 1495 3334 circumdan-

305 3386 366 3443 tem
393 3381 509 3454 media‚
539 3402 596 3445 nec
627 3401 682 3463 pro
710 3401 767 3444 usu
795 3380 915 3464 quidem
941 3380 1058 3462 privato
1086 3399 1142 3441 nec
1168 3379 1290 3461 publico
1318 3379 1495 3448 necessaria,
1541 3383 1542 3450 Ῠ

304 3490 380 3572 ipsis
402 3489 545 3554 fratribus
562 3490 601 3552 ob
623 3489 755 3572 undique
771 3473 931 3569 agencium
952 3488 1133 3552 insolencias
1149 3488 1190 3574 lc)
1213 3488 1300 3551 valde
1326 3489 1456 3553 difficilis
1470 3492 1496 3549 et

307 3599 480 3680 dampnosa.
506 3599 569 3662 Nos
586 3598 704 3680 itaque,
727 3597 949 3679 perpendentes
967 3617 1003 3658 ex
1019 3602 1102 3660 certa
1119 3596 1255 3660 sciencia
1270 3596 1320 3678 l),
1345 3598 1427 3681 qnod
1450 3616 1496 3678 per

203 3784 206 3789 .
307 3707 504 3769 donacionem
535 3706 631 3788 ipsius
668 3704 715 3768 nie
747 3705 791 3767 sic
821 3703 965 3784 predictis
997 3704 1141 3768 fratribus
1173 3704 1318 3768 solacium
1352 3703 1494 3786 provideri

306 3814 421 3885 valeat,
449 3814 530 3897 quod
545 3818 646 3877 vestre
663 3811 776 3875 ciuitati
804 3811 915 3876 nullum
941 3811 1062 3893 penitus
1091 3833 1127 3875 ex
1154 3813 1212 3875 boc
1234 3813 1388 3877 accedere
1405 3813 1495 3876 valeat

380 3940 414 4010 a)
426 3938 524 3992 etlehlt
531 3939 558 3992 Z.
568 3967 597 3977 -
607 3937 621 3991 b
621 3937 639 4006 )
648 3937 764 4007 copionu
773 3936 988 4005 argatonem—c)
998 3936 1095 3992 lumina
1103 3936 1130 3990 Z.
1140 3965 1171 3976 —
1180 3937 1215 4006 d)
1224 3941 1252 3992 ct
1259 3938 1364 4000 fehltz,
1371 3941 1400 3992 et
1406 3938 1495 3992 situum

306 4031 435 4086 flandell.
447 4060 473 4069 -
484 4029 515 4099 c)
523 4029 641 4098 ipsorum
647 4028 675 4080 Z.
683 4056 716 4066 —
722 4026 754 4097 f)
762 4025 912 4080 ciusdemn
923 4058 952 4067 -
960 4027 995 4097 p)
1004 4025 1175 4086 observandis
1181 4028 1209 4079 Z.
1217 4055 1248 4066 -
1256 4025 1273 4080 lr
1270 4027 1291 4094 )
1303 4028 1495 4097 promocionem

307 4123 336 4175 V.
346 4153 374 4163 -
384 4122 412 4190 a)
420 4121 501 4176 sedet
511 4121 538 4172 Ζ.
548 4148 578 4158 -
587 4119 622 4188 lc)
629 4120 662 4173 ob
676 4118 937 4189 undiqueagencium
950 4116 1108 4171 insolencias
1121 4134 1162 4170 am
1174 4118 1264 4171 flando
1276 4117 1306 4170 V.
1317 4120 1383 4187 -l)
1398 4121 1496 4172 senteu-

306 4213 348 4266 cia
362 4212 389 4265 Z.

306 4337 631 4350 m

340 4423 362 4479 1)
376 4420 448 4477 lsajae
462 4420 501 4471 35,
516 4419 536 4462 l.

341 4511 363 4570 ²)
378 4510 450 4566 lsajsc
461 4507 500 4559 48,
515 4505 550 4548 10.

692 4449 759 4539 ἡ
