3116 5124
1191 244 1248 355 τε

65 423 169 486 Contra
185 423 234 486 iao
250 442 319 485 vero
336 422 523 505 privilegium
541 423 604 486 dari
621 443 680 490 non
697 421 863 491 consuerit,
880 419 938 482 nisi
954 421 1031 483 forte
1048 419 1085 486 ab
1102 417 1173 489 hiis,
1191 416 1243 498 qui

64 536 124 593 sunt
147 551 234 612 supra
258 532 338 602 iura,
367 539 400 595 ut
422 539 469 596 θεῖ
489 552 567 615 papa
589 539 619 596 et
640 534 811 614 imperator.

138 640 342 726 Notandum)
361 643 465 712 etiam,
488 642 568 723 quod
599 641 754 725 privilegia
788 637 885 702 stricti
901 636 974 700 iuris
997 639 1083 706 sunt,
1105 633 1163 701 hoc
1181 638 1244 704 θεῖ,

63 741 131 829 quod
147 746 237 810 nichil
253 769 289 810 ex
304 769 409 812 eorum
426 749 576 818 intellectu
593 749 698 812 haberi
714 753 814 830 potest
830 745 888 809 nisi
905 744 985 827 quod
1000 745 1031 806 in
1046 743 1132 805 litera
1148 741 1244 823 ipsius

63 861 147 918 textus
177 857 364 928 continetur,
398 877 454 920 nec
484 857 515 920 io
544 858 588 920 eis
617 855 841 938 argumentacio
866 873 883 916 a
910 852 1016 916 maiori
1031 851 1069 914 ad
1098 852 1242 914 minorem

62 965 145 1025 locum
166 963 275 1036 habet,
303 965 348 1026 rel
377 987 394 1026 e
420 985 567 1030 converso
574 986 584 1036 3
606 964 691 1028 uerbi
719 965 822 1046 gracia
850 961 876 1025 si
903 963 998 1027 habes
1023 983 1060 1030 ex
1086 960 1242 1043 privilegio

63 1071 130 1154 quod
146 1071 253 1135 baculo
275 1073 439 1154 pontificali
462 1073 505 1137 uti
526 1075 642 1156 possis,
670 1093 706 1136 ex
732 1073 792 1140 hoc
816 1093 876 1136 non
898 1071 1033 1154 sequitur
1055 1069 1244 1153 quodetiam

22 1161 23 1164 Ἴ
64 1181 99 1240 uti
113 1181 208 1262 possis
231 1181 325 1244 infula
346 1183 393 1245 rel
414 1183 520 1263 pallio;
539 1183 629 1246 etsie
646 1183 684 1244 de
701 1181 857 1246 similibus,

33 1299 35 1306 ’
140 1288 365 1370 Privilegiorum
409 1290 465 1354 alia
497 1295 567 1355 sunt
598 1291 799 1372 personalia,
843 1289 901 1354 alia
938 1290 1070 1360 localia,
1114 1289 1361 1371 quedamcuaou.

62 1405 218 1482 perpetuu,
237 1398 366 1479 quedam
380 1399 549 1485 pancratio
566 1405 596 1462 ct
613 1398 739 1481 quedam
752 1399 916 1486 specialia.
950 1399 1126 1464 Pereoaale
1146 1397 1241 1479 priri-

63 1504 158 1584 legium
176 1512 232 1578 est,
251 1507 332 1589 quod
349 1507 438 1570 alicui
453 1527 583 1589 persone
600 1507 777 1571 conceditur
794 1507 934 1590 quamdiu
950 1507 1066 1578 vixerit,
1082 1506 1159 1569 etin
1182 1506 1241 1571 hoo

65 1613 272 1696 exprimendum
291 1622 338 1679 est
354 1635 462 1678 nomen
477 1616 543 1680 eius
561 1618 609 1682 cui
633 1615 719 1680 datur
741 1613 945 1698 privilegium
970 1617 1071 1680 usae
1093 1620 1139 1680 est
1163 1613 1242 1697 quod

65 1724 136 1786 alicui
151 1725 217 1787 loco
236 1725 414 1788 conceditur
430 1725 467 1788 ab
483 1725 583 1808 aliquo
600 1724 747 1806 principe,
765 1725 810 1786 rel
827 1723 956 1786 ecclesie
972 1725 1019 1792 rel
1036 1724 1242 1790 communitati

67 1833 178 1895 civitatis
194 1832 382 1914 elicuisse),
395 1839 425 1896 et
438 1833 468 1896 in
481 1833 539 1896 hoc
557 1831 729 1914 exprimitur
744 1853 853 1895 nomen
870 1832 999 1896 ecclesie
1016 1833 1104 1904 illius,
1122 1833 1168 1894 vel
1184 1833 1244 1900 loci

69 1940 104 2002 cui
118 1942 200 2004 datur
215 1941 416 2023 privilegium.
449 1943 658 2029 Prioilcpiuoa
671 1949 864 2028 perpetua-m
881 1947 927 2004 est
943 1941 1023 2023 quod
1039 1940 1193 2006 indefinite
1210 1962 1245 2008 ex

66 2049 191 2132 principis
207 2049 400 2131 beneplacito
417 2050 528 2131 accipit
543 2049 636 2126 robur
651 2055 794 2132 perpetue
810 2049 958 2115 firmitatis
966 2069 976 2120 ;
992 2049 1068 2113 etin
1084 2051 1136 2112 tali
1152 2050 1245 2132 priri-

65 2156 130 2238 legio
145 2180 203 2222 non
219 2159 343 2240 ponitur
357 2159 510 2240 proprium
527 2178 645 2232 nomen,
662 2158 721 2220 nisi
737 2158 795 2224 loci
812 2158 860 2220 cui
878 2158 965 2223 datur
986 2164 1016 2225 et
1039 2158 1104 2222 eius
1125 2160 1169 2226 rei
1187 2177 1245 2240 que

67 2266 148 2338 datur,
163 2273 211 2330 ut:
240 2268 325 2341 ,Nos
341 2267 374 2329 F.
392 2267 555 2349 imperator
570 2267 676 2330 damus
693 2266 823 2329 ecclesie
845 2267 1014 2330 Pataviensi
1037 2266 1127 2330 talem
1150 2267 1245 2330 comi·

66 2380 145 2438 latim
160 2377 206 2438 vel
222 2376 285 2439 tale
302 2381 434 2439 castrum
449 2381 595 2457 perpetuo
617 2375 865 2458 possidendum&
903 2377 1092 2462 Temperare
1109 2378 1246 2462 priuile-

22 2559 23 2576 *
62 2486 135 2568 plara
150 2493 195 2548 θεῖ
211 2485 300 2548 cuius
317 2486 399 2548 valor
415 2490 446 2547 ct
461 2483 584 2546 firmitas
603 2491 685 2547 certo
701 2484 967 2566 comprehenditur
988 2485 1132 2574 temporis
1148 2485 1244 2549 inter-

65 2593 143 2666 uallo,
165 2595 210 2656 vel
227 2600 313 2656 certo
329 2593 474 2675 principis
491 2592 680 2674 beneplacito
697 2598 876 2656 reservatur.
908 2593 1001 2663 Verbi
1017 2594 1136 2676 gracia,
1164 2601 1196 2661 ut
1220 2595 1246 2656 si

22 2699 23 2766 3
67 2698 212 2782 imperator
234 2703 335 2766 dicat:
367 2702 476 2764 Notum
504 2721 573 2764 esse
601 2701 735 2770 volumus
770 2707 800 2766 et
832 2701 1024 2783 presentibus
1047 2703 1245 2774 declaramus,

68 2810 131 2890 quod
158 2811 269 2874 dilecto
297 2809 426 2892 principi
453 2815 556 2873 nostro
583 2811 616 2874 B.
636 2808 856 2890 breslaviensi
885 2811 1027 2893 episcopo
1055 2819 1087 2874 et
1115 2813 1246 2875 ecclesie

22 2977 23 2982 ,
67 2917 143 2997 ipsius
159 2919 355 2982 concedimus
378 2917 556 2999 dignitatem
578 2919 667 2981 talem
683 2919 721 2982 ad
739 2919 845 2982 decem
863 2920 1015 2984 dumtaxat
1039 2941 1133 2985 annos
1150 2921 1246 2988 libere

22 3051 24 3122 ὲ
65 3026 269 3104 possidendam,
297 3027 343 3088 vel
360 3028 500 3109 quamdiu
517 3027 547 3088 id
570 3027 607 3088 de
630 3033 732 3091 nostra
755 3028 845 3093 fuerit
862 3029 1023 3102 voluntate,
1039 3031 1086 3092 rel
1103 3031 1244 3112 quamdiu

22 3151 23 3174 ³
70 3132 147 3212 ipsam
174 3137 403 3200 concessionem
426 3157 485 3199 non
510 3136 678 3199 duxerimus
694 3137 903 3200 revocandam.
939 3139 1096 3204 Generule
1109 3141 1247 3226 privile-

69 3245 138 3328 pium
154 3251 199 3308 est
215 3245 298 3328 quod
320 3247 385 3306 sine
407 3243 527 3327 proprio
551 3245 669 3306 nomine
686 3264 845 3326 personam
861 3245 939 3316 illius
963 3247 1010 3308 cui
1035 3247 1122 3310 detur
1150 3249 1248 3329 tangit

69 3351 117 3414 sic:
138 3353 247 3416 Notum
265 3353 401 3426 tacimus,
419 3353 497 3436 quod
514 3373 569 3414 nos
585 3352 676 3417 talem
691 3353 790 3418 locum
812 3355 859 3416 vel
880 3355 970 3418 talem
986 3354 1155 3422 libertatem
1173 3377 1247 3421 con-

70 3461 185 3524 cedimus
203 3463 312 3525 dilecto
329 3461 456 3542 principi
473 3467 576 3523 nostro
593 3460 629 3522 N.
648 3461 816 3527 Pataviensi
835 3463 976 3545 episcopo
992 3463 1099 3527 eteius
1116 3466 1245 3528 ecclesie

22 3607 23 3614 ε
68 3574 91 3628 et
102 3570 154 3632 tale
169 3569 357 3652 privilegium
374 3589 493 3650 semper
507 3574 685 3650 perpetuum
698 3589 768 3633 esse
780 3569 865 3634 solet.
883 3572 1033 3657 Speciale
1040 3574 1247 3659 pricilepium

22 3663 24 3752 l
69 3683 119 3748 est,
144 3679 172 3740 in
193 3699 252 3762 quo
274 3684 424 3761 ponuntur
444 3677 566 3758 propria
589 3676 707 3739 nomina
729 3682 789 3740 tam
806 3679 904 3744 dantis
922 3700 1010 3762 quam
1026 3681 1199 3767 recipientis
1216 3685 1247 3748 in

69 3783 244 3852 salutacione.
277 3789 380 3870 ltaque
398 3785 569 3856 notandum,
586 3785 665 3866 quod
682 3785 712 3848 in
727 3787 881 3868 perpetuis
897 3788 1063 3870 privilegiis
1079 3811 1199 3874 semper
1215 3794 1246 3856 in

22 3885 23 3940 ἶ
68 3891 194 3976 principio
220 3896 391 3979 ponendum
426 3899 472 3956 est
507 3895 559 3966 „ln
586 3894 705 3957 nomine
734 3902 838 3958 sancte
866 3902 897 3960 et
923 3897 1076 3961 individue
1104 3901 1245 3968 trinitatis

22 4047 23 4052 ε
70 4018 148 4065 amen.
178 4005 209 4068 F.
239 4005 296 4067 Dei
324 4003 427 4084 gracia
456 4000 591 4065 omnibus
620 4001 650 4064 in
666 4008 843 4083 perpetuum
861 4011 940 4070 etc.“
950 4027 959 4077 ;
991 4008 1182 4089 quodetiam
1217 4015 1248 4077 in
1347 4041 1348 4046 ¹

22 4159 24 4212 L
70 4107 197 4176 localibus
214 4122 244 4178 et
260 4112 451 4194 generalibus
473 4114 628 4195 perpetuis
650 4112 716 4177 fieri
741 4116 818 4180 solet
859 4116 891 4180 ln
913 4120 1123 4198 personalibus
1147 4129 1246 4188 autem

150 4241 180 4306 a)
198 4242 238 4294 rel
253 4257 346 4296 comm.
361 4241 411 4294 civ.
425 4240 458 4292 al.
471 4239 540 4292 fehlt
562 4239 591 4292 V.
610 4268 637 4278 -
661 4240 693 4308 b)
707 4241 735 4294 B.
750 4241 817 4296 fehlt
828 4243 857 4296 v.
879 4307 880 4311 Ἰ

78 4371 379 4388 Ἣ

106 4451 124 4508 1)
137 4455 207 4512 l'erpl.
220 4461 279 4503 oben
293 4459 315 4502 S.
330 4459 361 4501 70
373 4457 524 4514 Arrmcrlrung
539 4460 558 4504 l.
