3112 5118
1172 324 1250 423 aar

147 525 266 577 Gerbert
289 523 314 585 l,
328 479 346 574 κ1
374 521 425 576 und
449 523 580 576 Boebmer
602 523 715 576 nahmen
738 524 784 578 mit
806 524 891 578 Recbt
913 540 960 586 ao,
984 522 1046 576 dass
1069 523 1158 577 dieser
1181 523 1255 576 brici

58 631 104 667 vor
123 613 486 685 lludoltsllboigskrbnung
510 613 573 684 (vor
596 615 654 668 dem
678 615 721 669 24.
746 615 863 669 October
888 613 975 684 1273)
999 614 1176 686 gescbrieben
1195 615 1251 668 sein

31 744 37 750 -
54 721 134 770 muse,
155 707 190 762 da
204 706 252 759 der
265 705 352 777 lldnig
365 709 441 780 sonat
455 703 527 760 nicht
541 707 706 760 unterlassen
721 707 806 759 baben
820 705 922 767 wdrde,
944 705 1085 760 desselben
1100 721 1131 756 zu
1146 706 1252 759 crwtb-

54 813 113 849 nen.
136 825 166 836 -
190 797 277 868 llopp,
297 798 315 849 l.
334 813 358 849 c.
379 795 424 856 79,
450 795 525 848 dnm.
544 799 572 858 l,
591 797 739 850 bezwcilelt
758 797 801 850 die
821 795 944 850 Eebthcit
971 795 1059 849 dieses
1080 795 1251 855 Schreibens‚

56 888 104 940 wie
127 889 178 940 wir
202 889 319 955 glauben
341 887 387 940 mit
406 887 531 942 Uorecht.
558 887 611 940 aar
634 889 676 941 die
700 887 827 940 Eshthcit
850 887 993 941 desselben
1016 886 1122 957 spricbt
1144 885 1253 948 sovvobl,

56 979 118 1030 dass
139 995 169 1032 es
189 977 249 1031 hier
267 977 389 1032 inmittcn
408 977 483 1030 einer
501 977 585 1032 Rcibe
604 978 804 1032 unzwcifelbalt
824 979 917 1032 echter
935 976 1150 1031 lludolllniacber
1163 976 1253 1030 Brlelo

54 1069 139 1130 steht,
160 1069 201 1120 als
220 1069 289 1121 auch
310 1067 357 1120 der
370 1067 514 1132 Umstand,
535 1067 596 1120 dass
615 1067 658 1120 die
677 1067 702 1119 in
717 1068 870 1122 demselbcn
890 1068 1066 1136 angellihrtcn
1080 1067 1254 1122 Thatsachcn
1308 1117 1310 1121 ,

54 1159 118 1211 inber
131 1155 243 1212 Rudoll'
246 1177 259 1210 s
274 1157 350 1212 Wabl
365 1159 432 1212 auch
448 1157 621 1225 andorweitig
636 1157 766 1236 bericbtcl
784 1158 909 1220 werden3
935 1159 1017 1226 vergl.
1032 1159 1097 1225 ch.
1111 1158 1179 1212 llud.
1191 1175 1253 1229 pag.

56 1248 88 1300 51
104 1249 130 1300 ll.
142 1247 297 1317 hllcrdings
308 1247 426 1300 erinnert
436 1246 478 1301 dic
489 1249 567 1300 Form
581 1249 730 1301 boscedera
744 1247 769 1299 in
784 1249 843 1301 dem
856 1249 971 1302 Passus:
985 1249 1038 1302 Nos
1052 1247 1143 1317 itaque
1157 1251 1207 1302 etc.
1222 1265 1255 1300 an

56 1339 98 1391 die
110 1337 332 1392 llundscbreiben
348 1338 546 1406 neugcwdhlter
560 1339 672 1408 rapoto,
685 1337 763 1391 allcio
778 1338 826 1392 der
845 1338 932 1392 lnbalt
954 1337 1102 1409 entspricht
1121 1338 1253 1392 durchaus

56 1429 103 1482 der
116 1427 266 1496 damaligen
280 1429 352 1498 Lege
365 1429 496 1482 Rudotl's.

623 1759 684 1831 26.

421 1937 617 2000 Romanorum
642 1955 694 1998 rex
719 1935 748 1998 ll.
776 1937 899 2000 clvlbns.

423 2155 431 2162 ἱ
464 2093 544 2148 leae.
559 2094 632 2164 April
646 2093 690 2148 28.
704 2095 862 2164 Hagenowc.

58 2243 89 2294 K.
102 2237 210 2310 liudolf
222 2238 332 2310 fordert
349 2237 395 2292 die
408 2237 488 2291 Stude
509 2237 613 2291 babeat
635 2237 701 2309 auf,
725 2239 785 2292 dem
808 2255 858 2292 ooo
880 2236 933 2292 ihm
955 2237 1132 2308 abyeaondten
1158 2238 1262 2308 Grofce

56 2329 184 2386 Heinrich
201 2347 254 2384 ooo
268 2327 446 2398 blla-stenhore
463 2329 515 2382 den
527 2327 741 2399 Huldiyungaeid
756 2329 813 2382 aad
829 2329 875 2383 dic
890 2345 940 2382 oon
952 2327 1005 2382 ihm
1027 2326 1263 2400 oucyecchriebcoe

498 2418 676 2474 Contributum
688 2435 721 2471 aa
734 2419 835 2474 leicten.

150 2563 262 2629 Vocati
273 2562 568 2644 divinitusadregalc
577 2563 1032 2646 fastigiumcodisponentc,qui
1042 2562 1265 2645 crigithumiles

61 2674 92 2736 in
109 2671 150 2756 a)
169 2671 310 2743 sublime,
334 2670 478 2733 debemus
501 2669 538 2732 ab
557 2669 619 2742 eis,
636 2670 686 2752 qui
703 2670 758 2734 sub
781 2670 866 2752 regie
888 2671 1048 2752 potestatis
1064 2671 1214 2754 respirare
1232 2691 1266 2732 se

61 2781 199 2864 gaudent
215 2778 402 2852 umbraculo,
419 2778 552 2841 debitum
570 2778 671 2842 debite
689 2778 876 2843 obcdicionis
890 2780 1057 2862 exquirere,
1071 2780 1214 2863 ipsosque
1228 2777 1266 2841 ad

60 2888 182 2953 unionis
199 2887 332 2949 fidelium
350 2887 484 2950 eiusdem
492 2895 507 2949 b
502 2891 531 2975 j
548 2887 666 2969 imperii
678 2887 868 2970 participium
883 2889 1029 2951 allectivis
1042 2888 1267 2951 inductionibus

60 2998 213 3068 invitare,
230 3000 263 3059 ut
280 2994 358 3058 sicut
374 2995 496 3058 fuerunt
512 2995 677 3067 hactenus,
695 2995 834 3078 exigente
852 2996 967 3059 dicrum
983 2996 1118 3068 malicia,
1142 2995 1268 3059 tribula-

62 3104 206 3169 cionibus
241 3107 271 3166 et
301 3101 455 3184 pressuris
488 3101 625 3175 obnoxii,
655 3103 709 3165 ‘sic
748 3124 867 3167 rursum
900 3103 1023 3167 dominii
1055 3105 1151 3168 nostri
1182 3111 1269 3186 grata

60 3214 220 3297 gaudeant
249 3215 279 3274 ct
306 3211 468 3274 refloreant
496 3211 636 3275 novitate.
667 3211 749 3274 Ecce
779 3211 872 3293 igitur
899 3213 1029 3276 nobilem
1056 3213 1152 3276 virum
1175 3215 1211 3277 N.
1230 3214 1268 3300 c)

63 3322 212 3386 comitem
228 3319 296 3383 talis
313 3320 372 3382 loci
385 3319 437 3405 d),
455 3321 598 3384 dilectum
616 3321 734 3384 fidelem
750 3329 883 3386 nostrum
901 3327 932 3384 ct
948 3322 1214 3404 consanguineum,
1231 3311 1269 3385 ad

66 3451 122 3495 vos
141 3449 215 3493 cum
231 3427 340 3491 fiducia
356 3429 599 3502 transmittimus,
617 3431 766 3493 attencius
789 3431 996 3514 requirentes,
1019 3437 1166 3514 quatenus
1190 3432 1270 3498 iuxta

62 3536 282 3622 precepcionis
300 3536 398 3599 divine
416 3537 560 3608 edictum,
578 3557 636 3620 quo
653 3537 711 3600 Dei
727 3536 804 3610 Deo,
822 3544 852 3602 et
869 3539 984 3611 Cesari,
1002 3559 1060 3623 que
1077 3539 1173 3621 ipsius
1190 3546 1270 3612 suut,

64 3649 201 3712 reddere
237 3645 365 3728 quisque
398 3645 506 3718 debet,
539 3646 637 3709 eidem
669 3652 772 3711 nostro
805 3647 924 3710 nomine
952 3649 1096 3730 prestetis
1128 3649 1273 3730 hylariter

66 3755 226 3820 fidelitatis
244 3753 331 3817 uobis
349 3753 450 3817 debite
468 3755 645 3828 iuramenta,
663 3755 768 3818 scituri
785 3756 965 3828 certissime,
983 3757 1073 3838 quod,
1091 3757 1116 3820 si
1130 3759 1275 3822 adinstar

68 3865 203 3928 aliarum
233 3862 386 3926 civitatum
416 3869 585 3928 nostrarum
603 3865 639 3948 c)
655 3884 709 3946 pro
733 3865 968 3929 conservacione
991 3866 1088 3930 tocius
1110 3867 1275 3947 reipublice

68 3975 235 4055 prenotato
250 3971 288 4056 f)
307 3970 408 4033 comiti
424 3972 491 4034 loco
509 3973 604 4034 nostri
620 3972 759 4053 imposite
783 3971 869 4034 vobis
891 3993 946 4055 per
971 3992 1038 4035 eum
1061 3992 1177 4035 summe
1200 3992 1274 4034 con-

69 4080 278 4144 tribucionem
294 4079 429 4142 feceritis
446 4085 507 4143 tam
524 4079 668 4163 hylariter
683 4099 772 4162 quam
788 4080 929 4154 libenter,
945 4095 1000 4144 nos
1015 4082 1170 4146 universas
1182 4080 1275 4144 libcr-

159 4278 202 4348 α)
213 4277 246 4330 ad
259 4277 289 4329 Z.
306 4305 335 4316 -
353 4275 384 4344 h)
399 4275 517 4328 eiusdem
531 4275 600 4329 fehlt
613 4274 679 4329 (lod.
693 4277 862 4331 lubecensis.
877 4307 910 4316 -
926 4277 957 4349 c)
974 4277 1122 4330 Heinricum
1134 4275 1200 4330 (lod.
1211 4278 1276 4330 Lub.

74 4397 110 4410 -
125 4369 162 4438 d)
178 4368 211 4423 de
226 4366 424 4420 vurstenberch
438 4364 504 4419 Cod.
519 4365 584 4419 Lub.
598 4393 634 4404 —
648 4365 678 4438 e)
699 4367 754 4419 huf
770 4369 919 4421 nostrarum
939 4367 1009 4438 lolgt
1028 4365 1095 4420 (lod.
1113 4367 1194 4420 Lab:
1213 4383 1277 4421 con·

74 4459 257 4512 tribucionem
271 4456 396 4525 imposite
409 4455 458 4508 sibi
472 4456 605 4524 prosarie,
624 4455 746 4526 dagogcn
761 4457 829 4510 fehlt
847 4459 908 4510 dort
922 4456 969 4510 das
984 4458 1033 4511 auf
1044 4457 1128 4510 nostri
1141 4455 1269 4525 folgende

76 4549 203 4620 imposite
217 4547 295 4602 vobis
309 4562 359 4617 per
371 4561 431 4598 eum
445 4561 546 4598 summe
561 4545 790 4600 contribuclonem
803 4575 835 4615 .··
846 4545 879 4617 f)
892 4548 1005 4602 llenrico
1021 4547 1088 4604 coc.
1101 4534 1175 4600 Lub.¹
