3100 5116
1203 295 1279 368 353

80 486 154 549 loca
188 487 289 549 divino
324 488 416 550 cultui
449 488 602 558 dedicata,
635 488 767 570 benigna
799 487 1046 553 consideracione
1075 494 1221 569 reguntur
1254 490 1283 548 et

66 595 233 686 ‘ipsorum
254 595 410 659 libertates
445 597 669 660 conservandas
701 603 731 659 et
763 598 923 660 facultates
956 596 1109 678 augendas
1142 595 1281 677 graciosa

79 703 233 786 protectio
251 702 422 790 principum
438 705 596 768 invenitur.
631 705 705 768 Cum
728 705 805 768 enim
830 705 925 769 omnis
944 704 1039 787 gloria
1064 703 1126 766 sive
1143 703 1282 789 potencia

78 810 276 896 principatus
293 813 322 876 in
339 812 527 878 subditorum
548 814 695 896 precipue
717 814 863 876 consistat
887 814 1014 876 solidata
1035 811 1174 882 fortunis,
1192 831 1283 896 expe-

79 919 170 984 diens
188 920 374 984 arbitramur
386 929 416 985 et
429 923 611 992 condecens,
628 926 660 984 ut
677 923 770 986 simus
786 922 931 985 subiectis
949 923 1025 985 etin
1042 920 1162 985 iusticia
1176 919 1282 983 faciles

80 1035 111 1092 et
129 1029 161 1092 in
179 1030 287 1111 gracia
302 1030 451 1094 liberales.

180 1138 307 1202 Noverit
330 1139 423 1221 igitur
444 1159 569 1220 presens
593 1144 658 1203 etas
681 1147 710 1202 et
734 1143 908 1204 successiva
929 1141 1103 1223 posteritas,
1126 1140 1207 1223 quod
1228 1159 1283 1201 nos

79 1249 285 1312 devocionem
308 1249 475 1320 sinceram,
510 1268 569 1331 qua
596 1249 731 1332 religiosi
759 1250 814 1314 viri
844 1250 938 1314 abbas
967 1255 997 1313 et
1024 1256 1187 1314 conventus
1215 1248 1283 1313 talis

77 1357 142 1421 loci
173 1359 389 1440 cysterciensis
419 1358 533 1422 ordinis
550 1358 590 1445 β)
608 1360 690 1422 circa
718 1359 809 1424 divini
839 1361 936 1424 cultus
959 1359 1105 1442 obsequia
1126 1359 1236 1441 iugiter
1254 1363 1285 1422 et

9 1547 11 1564 Ι
78 1468 262 1550 frequenter
289 1467 457 1548 invigilant,
473 1468 644 1550 graciosius
674 1468 876 1540 attendentes,
905 1469 1132 1533 considerantes
1164 1486 1285 1551 quoque

9 1565 10 1570 ἵ
79 1576 250 1659 benignius
267 1577 386 1658 integre
401 1575 470 1640 iidei
487 1577 661 1659 puritatem,
678 1597 736 1660 qua
753 1597 826 1659 erga
839 1598 894 1640 uos
909 1583 939 1640 et
950 1579 1114 1640 Romanum
1126 1577 1284 1661 imperium

78 1704 247 1748 coruscare
264 1683 414 1754 dicuntur,
431 1685 651 1768 propterquod
675 1684 813 1767 cupimus
837 1685 1000 1748 eorundem
1023 1685 1237 1748 monasterium
1255 1692 1284 1748 et

79 1793 109 1855 iu
124 1791 384 1876 prosperitatibus
402 1813 470 1855 esse
487 1792 625 1855 tloridum
639 1799 669 1855 et
681 1794 710 1853 in
728 1793 943 1874 temporalibus
960 1793 1142 1876 opulentum.
1160 1793 1284 1856 Devotis

79 1901 178 1984 igitur
190 1901 325 1986 ipsorum
339 1899 459 1964 abbatis
472 1904 501 1962 et
516 1905 682 1964 conventus
696 1901 830 1963 eiusdem
844 1901 1121 1985 supplicacionibus
1138 1902 1284 1973 inclinati,

78 2011 255 2093 predictum
273 2029 376 2072 eorum
392 2009 607 2072 monasterium
630 2030 691 2072 una
714 2029 782 2073 cum
807 2009 945 2072 omnibus
967 2009 1139 2073 bominibus
1162 2016 1193 2075 et
1213 2030 1284 2093 per-

79 2119 166 2184 sonis
184 2138 220 2182 ac
237 2117 492 2203 possessionibus,
511 2136 587 2199 quas
604 2117 634 2179 in
646 2117 873 2202 presenciarum
887 2117 1113 2181 racionabiliter
1129 2117 1284 2202 possident

78 2234 110 2292 et
127 2227 162 2291 in
179 2231 335 2310 posterum
352 2225 438 2288 iustis
455 2224 552 2287 modis
570 2225 685 2307 absque
702 2225 776 2288 iuris
800 2227 887 2288 alieni
913 2225 1069 2310 dispendio
1086 2231 1227 2310 poterunt
1242 2227 1282 2311 a)

80 2333 273 2419 adipiscit),
287 2333 343 2410 sub
357 2338 459 2396 nostra
474 2337 503 2395 et
517 2333 632 2414 imperii
645 2333 835 2417 protectione
851 2334 1013 2418 recipimus
1031 2333 1166 2417 speciali,
1184 2333 1283 2396 omnia

78 2441 252 2524 privilegia,
268 2441 436 2511 libertates,
454 2441 666 2504 concessiones
684 2448 714 2504 et
730 2443 796 2504 iura
813 2463 829 2505 a
846 2443 896 2525 pie
919 2443 1061 2505 memorie
1085 2449 1114 2505 et
1135 2443 1279 2505 recorda-

79 2550 182 2614 cionis
197 2552 231 2614 F.
259 2551 409 2632 quondam
433 2551 631 2613 Romanorum
648 2550 830 2633 imperatore
853 2550 979 2633 suisque
1001 2549 1279 2634 predecessoribus,
1289 2572 1332 2614 rav.
1342 2574 1396 2615 seu.

78 2660 195 2730 inclitis
211 2659 443 2741 imperatoribus
459 2658 601 2720 Romanis
624 2663 654 2720 et
674 2658 810 2740 regibus,
829 2658 1011 2722 monasterio
1030 2664 1188 2742 prenotato
1206 2679 1280 2721 con-

9 2819 13 2828 .
77 2789 182 2839 cessa,
199 2771 288 2852 prout
304 2768 362 2830 rite
378 2786 526 2830 concessa
543 2773 709 2829 noscuntur
725 2772 755 2829 et
771 2767 908 2851 provide,
924 2767 1080 2851 sepedicto
1097 2767 1279 2830 monasterio

78 2900 113 2943 ac
132 2877 273 2962 personis
297 2876 408 2939 ibidem
433 2875 532 2938 divino
559 2874 705 2960 obsequio
728 2876 908 2960 mancipatis
932 2876 968 2939 de
989 2875 1172 2938 liberalitate
1194 2877 1280 2958 regia

77 2985 311 3055 confirmantes,
340 2984 517 3046 innovantes
546 2988 576 3045 et
597 2983 747 3066 presentis
776 2983 881 3068 scripti
903 2983 1069 3065 patrocinio
1097 2985 1277 3047 munientes.

75 3094 160 3158 Nulli
178 3113 252 3174 ergo
269 3092 380 3154 bomini
396 3092 488 3155 liceat
504 3091 582 3154 banc
599 3091 749 3176 presentis
767 3096 870 3154 nostre
887 3091 1096 3176 protectionis,
1119 3091 1280 3156 confirma-

77 3203 176 3268 cionis
195 3207 225 3264 et
242 3199 607 3284 inuouacionispaginam
630 3200 779 3264 infirmare
802 3207 853 3263 aut
877 3200 904 3263 ei
927 3221 1003 3263 ausu
1028 3202 1187 3264 temerario
1205 3222 1279 3264 con-

76 3312 182 3376 traire.
218 3310 253 3374 Si
285 3309 351 3392 quis
380 3313 480 3371 autem
508 3308 718 3372 contravenire
745 3309 966 3393 presumpserit
994 3314 1051 3372 etc.
1091 3311 1125 3372 ln
1153 3331 1278 3393 quorum

75 3421 210 3484 omnium
228 3418 432 3480 testimonium
450 3420 480 3478 et
496 3417 634 3500 perpetui
651 3417 769 3480 roboris
787 3415 958 3480 firmitatem
980 3437 1107 3498 presens
1130 3418 1276 3501 scriptum

77 3529 187 3593 exinde
204 3525 270 3588 fieri
292 3531 323 3587 et
338 3524 505 3588 maiestatis
528 3530 630 3586 nostre
654 3525 751 3605 sigillo
775 3525 918 3588 iussimus
942 3525 1128 3588 communiri.
1161 3527 1277 3598 Actum,

78 3639 184 3701 datum
203 3640 261 3698 etc.
280 3634 327 3720 γ).

171 3797 206 3864 a)
220 3793 322 3866 poterit
330 3794 360 3849 V.
376 3795 495 3864 poterint
508 3793 534 3846 Z.
558 3824 580 3832 -
598 3794 630 3862 d)
645 3793 776 3865 addipisci
791 3795 820 3848 V.

151 4057 290 4104 erwfibuten
309 4053 521 4108 ausldbrlicbereu,
539 4055 562 4099 in
577 4055 653 4098 einem
667 4041 958 4112 b'esonderen'Quaternio
978 4057 1029 4101 dem
1044 4059 1130 4102 Werlre
1150 4060 1280 4117 vorgebel-

149 4151 219 4195 tetea
237 4147 433 4204 lubaltaangaben
452 4146 476 4188 in
495 4147 538 4189 der
551 4146 628 4190 Weise
648 4145 769 4200 antlebnt,
793 4147 845 4192 dass
864 4147 946 4192 immer
965 4148 1003 4192 die
1023 4149 1103 4193 ersten
1123 4150 1204 4193 Worte
1224 4149 1280 4194 der-

148 4235 234 4285 eelbea
252 4235 354 4280 berdber
372 4247 512 4294 genommen
530 4235 591 4279 sind.
622 4237 646 4279 lu
666 4237 692 4279 V.
712 4235 811 4295 beginnt
832 4237 940 4282 riberdies
959 4239 1001 4282 mit
1024 4238 1111 4283 diesem
1130 4239 1208 4283 Briele
1226 4238 1280 4284 eine

146 4329 239 4376 andere
257 4326 332 4380 lland,
350 4325 442 4371 w'elcbe
461 4337 507 4370 von
526 4322 577 4369 Fol.
597 4325 628 4371 58
646 4338 685 4370 no.
706 4323 737 4370 49
755 4326 791 4371 bis
813 4329 861 4372 Fol.
882 4327 912 4373 59
931 4342 970 4373 no.
990 4329 1018 4374 55
1039 4342 1084 4373 von
1104 4328 1171 4373 einer
1188 4329 1280 4375 dritten

150 4417 263 4480 obgeldst
281 4417 349 4471 wird,
369 4430 415 4462 von
435 4418 463 4461 da
483 4430 511 4462 an
530 4415 590 4461 aber
600 4416 666 4461 nlobt
678 4430 723 4461 nur
736 4431 808 4462 unser
819 4418 901 4472 Werk,
916 4420 1019 4464 sondern
1033 4421 1092 4465 aucb
1108 4421 1159 4466 eine
1173 4421 1215 4466 mit
1228 4421 1279 4466 Fol.

150 4510 180 4555 61
207 4509 357 4569 beginnende
379 4509 465 4553 andere
488 4507 684 4567 Brietsanrmlung
697 4523 726 4553 zu
739 4510 805 4556 Euda
817 4509 890 4554 lirbrt.

141 4615 234 4660 Fontes
245 4609 315 4656 auth.
325 4609 350 4654 ll.
364 4609 405 4654 oa.
417 4609 484 4653 XXV.
1024 4611 1060 4665 23
