3096 5128
1177 324 1257 398 429

57 508 261 572 relevacio
277 508 400 572 totius
416 505 594 590 Ytalie1),
613 505 713 569 nolitis
731 504 861 569 deficere
877 503 925 570 vel
942 504 1064 575 remitti,
1082 502 1155 587 quin
1171 501 1261 564 immo

58 624 206 700 tanquam
221 616 278 680 viri
295 616 428 687 strenui,
451 615 596 679 maiorem
612 636 648 678 ex
665 613 860 679 successibus
882 613 1037 699 prosperis
1060 611 1190 675 animum
1214 610 1264 674 in·

60 725 208 798 duentes‚
237 725 337 789 adhuc
359 725 507 788 insistatis
530 723 644 788 sorcius
668 724 706 788 ad
728 723 912 808 triumphum
934 723 1045 786 ibidem
1068 721 1106 785 de
1134 726 1262 804 tyranno

61 834 180 919 plenius
200 835 456 918 consequendum,
475 837 622 917 quatenus
641 832 819 896 universitas
835 831 965 895 fidelium
979 829 1135 896 vobiscum
1148 849 1183 892 eo
1200 829 1263 891 lor·

62 943 129 1006 cior
143 949 305 1025 resurgat,
329 943 399 1007 dum
415 941 511 1005 bostis
528 939 589 1006 illia
605 940 735 1004 finaliter
750 941 844 1005 fuerit
857 960 914 1028 per
930 935 1060 1003 vestram
1083 936 1261 1002 industriam

63 1058 237 1135 superatus.
251 1053 328 1115 Eum
341 1051 488 1136 siquidem
502 1050 595 1114 semel
609 1051 739 1114 allisisse
752 1070 812 1114 non
825 1049 948 1121 sufficit,
958 1048 1008 1133 qui
1021 1047 1115 1132 gestit
1125 1049 1262 1130 pertina-

63 1161 142 1225 citer
158 1166 190 1224 et
206 1161 326 1223 fortiter
341 1161 372 1222 in
388 1159 528 1222 victores.
553 1157 696 1223 inimicus
718 1158 816 1222 victor
832 1158 970 1222 incautus
988 1176 1005 1220 a
1021 1157 1102 1221 victo
1120 1176 1193 1239 sepe
1210 1174 1261 1217 re·

65 1269 209 1340 vincitur,
227 1269 253 1332 si
270 1268 374 1331 militie
399 1269 494 1331 solvat
517 1267 668 1349 cingulum
692 1271 854 1351 antequam
876 1267 966 1329 cedat
982 1265 1148 1329 adversitas
1164 1264 1265 1327 reluc-

64 1379 166 1442 tantis.
188 1379 292 1450 Porro,
309 1397 346 1441 ne
362 1397 469 1460 parum
486 1377 525 1441 sit
538 1396 590 1442 vos
607 1377 722 1441 hortari
737 1397 797 1459 per¹
808 1376 913 1440 literas
930 1376 969 1439 ad
985 1396 1061 1459 opus
1076 1381 1138 1438 tam
1154 1392 1264 1436 ncces·
1327 1362 1333 1370 ’

64 1487 179 1550 sarium
196 1486 473 1559 consummandum,
491 1485 635 1549 dilectum
652 1484 679 1572 ι)
696 1491 831 1550 nostrum
847 1486 883 1550 N.
903 1483 1128 1555 cancellarium,
1145 1486 1264 1564 gratum

66 1593 152 1662 nobis
172 1598 203 1657 et
218 1595 378 1676 plurimum
394 1595 589 1677 aprobatum,
610 1592 649 1657 ad
666 1614 719 1656 vos
735 1599 859 1679 propter
873 1594 932 1658 hoc
949 1593 1085 1656 duximus
1103 1590 1262 1655 destinan-

67 1703 154 1775 dum,
182 1723 239 1786 per
260 1703 427 1786 apostolica
440 1703 563 1785 scripta
586 1702 782 1776 mandantes,
806 1707 955 1787 quatenus
978 1703 1060 1786 quod
1081 1721 1174 1784 super
1195 1699 1266 1770 biis,

67 1834 124 1898 que
142 1818 284 1895 exparte
300 1811 640 1884 nostravobisdixcrit,
665 1812 824 1876 credentes
842 1812 955 1883 eidem,
978 1811 1009 1874 id
1031 1811 1129 1895 ipsum
1152 1809 1266 1874 curetis

65 1926 206 2005 prompto
225 1921 334 1985 affectu
347 1921 477 1984 celerius
494 1920 616 1986 effectui
631 1923 816 2005 mancipare,
833 1922 936 2006 itaque
952 1921 1033 2006 quod
1049 1919 1155 1983 exinde
1173 1919 1265 1982 devo-

66 2032 187 2093 cionem
204 2037 335 2094 vestram
353 2030 517 2095 debeamus
536 2031 636 2114 dignis
653 2030 792 2095 laudibus
814 2031 1035 2095 commendare.
1060 2030 1123 2092 Nos
1153 2031 1264 2100 autem,

66 2140 118 2222 qui
136 2137 279 2202 fidelibus
294 2141 424 2203 ecclesie
440 2160 535 2224 usque
552 2139 591 2203 ad
607 2138 696 2204 linem
713 2140 822 2203 adesse
837 2140 1045 2222 proponimus,
1060 2138 1140 2202 sicut
1156 2156 1265 2221 prece·

67 2248 180 2312 dencia
196 2247 235 2310 de
251 2248 448 2332 sequentibus
465 2247 661 2331 pollicentur,
686 2247 767 2312 circa
786 2268 838 2320 ea,
861 2267 920 2333 que
943 2247 981 2312 ad
1005 2266 1109 2311 eorum
1125 2245 1266 2312 auxilium

67 2355 286 2438 cognoscimus
300 2361 457 2439 oportuna,
471 2356 516 2419 sio
528 2356 685 2421 intendere
698 2359 834 2422 volumus
842 2357 887 2445 κ),
900 2360 979 2421 sicut
995 2375 1044 2419 res
1060 2356 1126 2438 ipsa
1140 2361 1265 2419 auctore

67 2465 200 2529 Domino
219 2470 250 2528 et
265 2464 452 2529 mediacione
468 2466 636 2549 apostolica
653 2466 854 2531 sollicitudine
871 2464 1089 2548 comprobabit.
1115 2465 1182 2527 Dat.

163 2625 362 2699 Vergleichung
381 2628 429 2682 mit
441 2629 523 2692 llabn,
546 2627 676 2683 collectio
696 2632 924 2684 monumentorum
945 2629 971 2692 1,
991 2627 1087 2682 16011.
1109 2627 1194 2698 (nach
1211 2627 1267 2680 ibm

67 2716 348 2792 lluillard-Brdholles
361 2717 388 2779 6,
401 2715 486 2787 ooo):
505 2719 674 2773 Innocentius
691 2736 769 2791 eps.
784 2738 806 2772 s.
820 2720 851 2772 ll.
865 2719 995 2790 potestati
1014 2717 1129 2771 consilio
1149 2721 1177 2771 et
1195 2733 1268 2772 com-

68 2807 143 2884 muni
166 2807 297 2861 Brixiensi
316 2824 339 2863 s.
353 2815 380 2862 et
393 2827 416 2862 a.
430 2811 457 2863 b.
471 2840 504 2848 —
519 2807 552 2879 α)
566 2809 756 2864 admirandum.
778 2839 813 2850 -
825 2807 860 2881 β)
876 2809 1032 2863 devocione.
1056 2839 1081 2848 ·-
1097 2810 1129 2878 p)
1149 2807 1267 2863 bdelium

65 2897 152 2968 longa
165 2898 304 2952 bellorum.
319 2928 351 2937 -
366 2896 400 2969 d)
414 2899 532 2954 civitatis
545 2900 638 2970 ipsius.
651 2929 687 2940 -
700 2898 728 2970 ε)
747 2901 795 2954 Die
808 2899 903 2954 beiden
916 2898 1061 2970 folgenden
1073 2899 1167 2954 Setae:
1180 2915 1268 2969 quan-

63 2988 191 3042 tumlibet
206 2990 363 3043 -obviare
377 2990 476 3044 seblen.
489 3021 525 3030 -
539 2994 570 3061 ζ)
584 2990 720 3045 moliente.
737 3021 770 3031 -
788 2989 823 3062 η)
837 3008 870 3045 ne
889 2990 973 3061 ipsius
988 3006 1067 3045 casus
1081 2994 1224 3061 reparetur
1241 2991 1267 3044 in

66 3084 170 3134 statam
182 3079 215 3132 ad
224 3080 369 3149 perniciem
383 3081 566 3151 plurimorum.
581 3111 613 3120 -
628 3081 665 3153 3)
680 3084 728 3136 Die
742 3082 802 3135 drei
815 3082 960 3152 folgenden
974 3080 1068 3135 Sttze:
1082 3081 1138 3134 Nisi
1152 3081 1219 3134 enim
1232 3112 1267 3121 -

67 3170 226 3239 vergeretis
238 3171 340 3224 fehlen.
353 3203 387 3211 -
402 3170 426 3241 ι)
439 3171 530 3231 filium,
543 3173 699 3245 magistrum
707 3173 854 3235 ldartinum,
868 3171 1034 3243 capellanum
1045 3172 1174 3236 nostrum,
1184 3171 1268 3226 virum

67 3262 216 3317 litteratum
231 3264 259 3315 et
271 3263 383 3331 probum
396 3265 425 3318 et
438 3262 513 3316 nobis
528 3265 555 3316 et
573 3263 702 3317 fratribus
720 3263 820 3317 nostris
838 3262 864 3316 in
882 3262 1002 3335 pluribus
1022 3263 1214 3333 approbatum,
1233 3263 1268 3316 da

68 3369 124 3422 quo
133 3351 242 3422 plenam
251 3353 395 3408 inDomino
407 3351 531 3408 fiduciam
542 3353 699 3418 obtinemus,
710 3352 743 3407 ad
755 3370 802 3408 ros
812 3356 864 3408 etc.
879 3383 906 3393 —
920 3351 951 3424 κ)
961 3353 1014 3408 Dae
1025 3353 1160 3422 Folgende
1170 3351 1269 3408 lentat:

68 3443 145 3516 quod
158 3445 298 3513 profectus
311 3443 461 3514 apostolice
475 3443 653 3500 solicitudinis
667 3451 779 3500 auctore
793 3445 902 3498 Domino
916 3443 1110 3515 comprobabit,
1124 3445 1267 3499 dummodo

67 3552 164 3590 manus
175 3537 264 3589 vestre
276 3534 302 3587 in
318 3535 498 3589 defensionem
513 3535 643 3590 libertatis
656 3535 803 3590 communis
817 3539 846 3589 et
857 3535 965 3607 proprie
979 3553 1011 3590 ac
1025 3539 1113 3590 status
1127 3535 1267 3607 provincie

67 3624 231 3679 Lombardie
249 3625 400 3679 nullatcnus
413 3625 593 3681 dissolvantur
605 3625 654 3680 sed
675 3627 865 3681 confirmentur
882 3643 953 3682 nunc
974 3626 1077 3699 potius,
1097 3643 1156 3681 cum
1176 3625 1268 3681 maiori

68 3717 192 3771 noscitur
214 3718 312 3771 robore
334 3734 400 3788 opus
423 3733 492 3772 esea.
514 3718 676 3786 Vergleiche
698 3719 830 3788 dbrigens
853 3720 922 3774 noeb
942 3719 985 3774 die
1006 3719 1075 3774 oben
1095 3717 1124 3772 S.
1145 3715 1268 3772 1696116

68 3809 164 3864 weiter
177 3810 260 3863 unten
274 3826 318 3862 no.
334 3807 368 3862 16
382 3809 575 3880 mitgetbeilten
589 3809 687 3865 Briele.

97 4103 121 4165 1)
141 4108 258 4152 lnnocena
272 4107 309 4151 lv.
323 4106 409 4152 dacbte
429 4107 478 4151 also
497 4106 554 4151 iiber
571 4106 611 4152 die
624 4106 782 4167 Wiclrtigkeit
799 4108 899 4153 Parma's
922 4107 1006 4154 andere
1022 4107 1056 4153 ale
1069 4109 1090 4152 J.
1104 4109 1130 4154 F.
1149 4110 1266 4155 Boebmer

143 4194 217 4257 (lieg.
237 4199 300 4243 Frid.
319 4213 342 4256 p.
362 4193 441 4254 206),
458 4200 500 4244 dor
518 4211 543 4244 es
561 4199 715 4244 unbeeonnen
734 4197 823 4254 findet,
845 4200 899 4244 daeo
919 4199 1003 4246 Kaisar
1017 4198 1140 4245 nrieorten
1163 4200 1202 4245 bei
1224 4202 1266 4246 der

141 4289 273 4336 Nacbricht
286 4302 332 4334 von
345 4289 397 4334 dem
411 4291 517 4336 Varluete
529 4290 630 4336 Parma's
644 4287 695 4346 (16.
709 4290 763 4334 Juni
777 4286 851 4348 1247)
867 4291 933 4337 scine
943 4290 1012 4336 Reice
1027 4291 1086 4336 nacb
1096 4291 1160 4348 Lyon
1171 4291 1266 4354 ausgab,

142 4394 182 4427 um
196 4379 246 4426 eret
259 4380 324 4426 diese
338 4380 406 4428 Stadt
418 4380 508 4428 wieder
521 4381 609 4427 zuriiclr
621 4394 650 4426 zu
664 4380 774 4428 crobern.
