3108 5118
1198 277 1271 348 261

172 446 246 500 ltach
261 445 322 498 dam
335 445 473 515 Eingange
487 445 535 498 des
549 445 650 500 Brieies
663 463 735 500 muss
748 463 807 500 man
821 449 977 509 annebmen
991 447 1054 501 dass
1067 463 1096 501 er
1109 449 1183 502 nieht
1198 450 1277 516 lange

75 533 149 587 nach
172 535 233 588 dem
254 535 531 605 Regiorungsantritte
554 536 730 606 geschrieben
753 536 799 590 sei.
824 539 878 590 Der
899 542 972 592 erate
994 537 1151 607 allgemeina
1164 537 1277 590 Reiohs-

75 627 127 693 lag
146 626 238 679 warde
272 642 325 677 von
350 623 453 678 liudolf
476 641 516 677 am
542 625 586 678 ll.
612 627 758 680 November
785 611 857 679 lari
881 644 913 680 nu
939 628 1081 695 Nuirnberg
1107 628 1277 697 abgebaltem

76 713 134 766 und
147 730 179 768 so
193 714 285 768 duirlte
300 715 390 770 dieser
402 715 479 770 Briei
488 717 530 768 eiu
543 716 611 770 Paar
625 718 731 770 Monate
744 718 841 770 vorber
853 717 1030 786 geschrieben
1043 717 1108 770 sein.

638 1009 701 1082 48.

219 1185 388 1264 imperator
402 1183 433 1244 ll.
450 1185 579 1264 prinelpl
595 1203 687 1265 super
701 1185 906 1248 commissione
922 1183 1082 1252 masesele
1098 1181 1147 1263 a).

194 1339 250 1394 Eia
260 1339 409 1396 ronascle
422 1341 507 1412 Kanip
519 1343 620 1400 bertellt
630 1343 776 1402 Jemaaden
788 1359 845 1396 aum
866 1345 926 1412 Vopt
939 1341 1012 1400 eines
1025 1341 1152 1397 Istacterc.

166 1482 305 1536 Rodmann
318 1501 345 1554 p.
360 1483 423 1540 192.

166 1627 234 1691 Etsi
257 1629 441 1708 generaliter
464 1631 593 1692 omnium
616 1630 733 1711 imperii
755 1629 886 1692 fidelium
910 1625 946 1691 ex
962 1633 1104 1711 suscepte
1121 1627 1278 1709 dignitatis

71 1735 227 1816 regimine
242 1755 348 1801 curem
363 1741 393 1800 ct
410 1737 641 1800 sollicitudinem
658 1755 768 1818 gerere
784 1737 958 1809 debeamus,
981 1738 1040 1801 illis
1057 1741 1160 1799 tamen
1176 1735 1278 1815 speei-

70 1843 180 1914 alioris
198 1843 384 1910 defensionis
398 1850 428 1908 et
440 1844 581 1910 tuicionis
598 1845 703 1926 gracia
717 1865 842 1927 preesse
855 1867 909 1908 nos
924 1843 1065 1910 eosvenit
1077 1849 1107 1907 et
1119 1844 1277 1925 prodesse,

70 1971 151 2034 quos
169 1951 325 2032 religionis
342 1952 468 2032 insignit
483 1953 604 2017 habitus
623 1958 653 2014 et
669 1959 775 2018 sancte
797 1953 1042 2014 conversacionis
1061 1951 1124 2015 vita
1138 1951 1279 2032 predicat
1350 2010 1353 2015 ,

72 2057 315 2123 commendatos.
365 2059 447 2122 Sane
479 2079 641 2126 recurrens
680 2060 718 2122 ad
750 2066 853 2126 nostre
890 2059 1057 2148 maiestatis
1088 2057 1280 2139 presenciam

70 2165 239 2246 religiosus
267 2166 329 2238 vir,
356 2167 529 2248 prepositus
545 2167 582 2230 N.
600 2167 753 2232 humiliter
780 2167 959 2248 postulavit,
989 2165 1070 2249 quod
1098 2183 1166 2234 cum
1194 2181 1281 2230 suum

70 2274 293 2338 monasterium
310 2275 402 2338 multa
417 2275 565 2338 hactenus
582 2276 785 2356 periculorum
797 2295 911 2356 genera
925 2274 963 2338 sit
975 2291 1165 2355 perpessum,
1176 2269 1278 2337 multis

72 2383 196 2464 ipsum
217 2383 274 2456 Dei
297 2383 404 2447 timore
424 2384 603 2466 postposito,
626 2382 831 2450 lacerantibus
857 2387 888 2446 et
909 2382 947 2446 ad
964 2385 1128 2444 extremam
1144 2397 1277 2459 pauper*

71 2495 173 2561 ialam
189 2491 418 2564 deducentibus,
435 2512 489 2556 nos
507 2493 605 2556 eidem
622 2491 660 2555 de
676 2492 728 2554 tali
745 2492 892 2556 advocato
908 2489 1069 2572 providere
1090 2486 1278 2567 benignitate

72 2599 167 2680 regia
183 2598 386 2680 dignaremur,
403 2601 489 2663 cuius
505 2601 657 2681 probitate
674 2603 704 2664 et
721 2599 920 2664 strennuitate
937 2597 1049 2660 dictum
1065 2594 1279 2659 monasterium

73 2704 224 2772 tuicionis
246 2711 275 2770 et
303 2708 486 2773 detensionis
508 2707 834 2789 beneficio-pociatur,
863 2710 894 2768 et
916 2705 1044 2768 sublatis
1068 2701 1279 2784 diripienciun

74 2815 255 2894 stampensis
270 2814 424 2896 perieulis,
441 2815 597 2896 sepedicto
613 2814 796 2878 monasterio
814 2813 939 2877 caucius
956 2813 1139 2875 consolatur.
1163 2810 1209 2872 De
1225 2813 1278 2874 tua

72 2923 182 3004 itaque
197 2922 359 3003 probitate,
372 2923 581 2993 strennuitate,
598 2942 727 2986 necnon
741 2923 873 3004 equitate
889 2923 1009 3002 plenam
1026 2937 1061 2981 ac
1077 2917 1278 2984 indubitatam

72 3031 221 3102 fiduciam
237 3031 419 3103 obtinentes,
435 3032 652 3096 monasterium
666 3031 773 3112 ipsum,
790 3030 954 3113 quodcum
970 3026 1109 3107 personis
1134 3030 1164 3089 et
1185 3023 1277 3090 rebus

71 3142 108 3206 in
125 3146 260 3205 nostram
283 3144 313 3202 et
330 3140 415 3202 sacri
436 3139 556 3220 imperii
577 3139 795 3210 defensionem,
817 3136 1036 3219 protectionem
1060 3153 1096 3196 ac
1113 3132 1277 3196 tuicionem

74 3247 253 3330 recepimus
269 3246 448 3328 specialem,
471 3245 527 3313 tibi
544 3247 758 3314 committimus
773 3244 1014 3313 defendendum,
1038 3241 1230 3324 preficientes
1247 3244 1277 3303 te

75 3357 179 3422 eidem
195 3355 377 3423 monasterio
395 3355 433 3417 ad
449 3355 631 3435 peticionem
647 3353 742 3434 ipsius
758 3353 905 3435 prepositi
927 3352 958 3414 in
982 3350 1161 3432 legittimum
1183 3347 1278 3412 advo«

74 3473 192 3536 catum,
210 3463 252 3532 ita
265 3463 344 3546 quod
357 3461 499 3545 quamdiu
514 3462 546 3525 in
561 3463 629 3544 ipsa
645 3461 810 3534 advocacia
825 3465 856 3524 te
871 3459 949 3524 bone
965 3459 1109 3530 tenueris,
1124 3461 1278 3528 monaste-

73 3575 156 3640 rium
167 3574 200 3636 ia
213 3573 293 3639 nullo
309 3571 493 3653 gravaveris,
506 3571 595 3633 immo
608 3569 784 3651 gravamina
796 3567 916 3632 aliunde
929 3566 987 3645 sibi
999 3567 1082 3631 illata
1100 3565 1276 3646 propulsare

76 3681 254 3752 studueris,
278 3681 357 3762 apud
373 3686 404 3743 te
420 3678 587 3745 advocacia
607 3679 713 3746 eadem
733 3675 917 3747 remanebit,
946 3675 993 3739 sin
1015 3678 1117 3740 autem
1131 3671 1170 3758 b)
1187 3691 1277 3754 sepe,-

77 3791 182 3860 dietus
199 3788 372 3870 prepositus
388 3787 479 3852 alium
496 3785 627 3868 eligendi
642 3783 768 3851 liberam
783 3781 894 3847 babeat
909 3785 1100 3864 patestatem.

170 3985 205 4054 a)
228 3985 276 4038 Die
293 3971 475 4048 llberschriit,
502 3983 527 4033 in
540 3982 568 4035 V.
587 3981 734 4041 ausradirt,
761 3980 796 4034 ist
818 3997 865 4034 aus
890 3981 908 4032 Z
932 3982 1049 4051 enganni.
1067 4005 1096 4018 -
1113 3977 1146 4046 b)
1171 3977 1272 4032 sivero

76 4095 128 4150 per
142 4081 170 4130 te
186 4075 330 4146 contigerit
343 4075 448 4128 evenire
462 4074 621 4156 eontrarium
635 4071 775 4125 Bodmann.
