3108 5118
1170 337 1247 410 303

143 523 259 578 Gerbert
287 520 405 576 schreibt
435 519 527 575 diesen
557 518 633 574 lirici
658 519 718 574 dem
752 517 896 572 erwiblten
927 515 1038 571 Biscboi
1065 529 1116 568 run
1147 511 1250 575 Trioni,

62 615 175 668 ilelnricb
188 614 219 666 ll.
242 631 273 667 nu
293 612 346 666 und
366 614 435 666 seiri
453 611 497 668 ibn
517 612 543 665 in
562 612 612 666 das
630 611 696 666 Jabr
717 609 804 674 raam
823 609 865 664 iob
885 607 955 662 finde
968 605 1058 662 weder
1070 605 1112 658 iiir
1125 603 1173 658 das
1185 601 1250 656 Eine

61 707 123 759 norb
135 705 178 758 fiir
192 703 243 760 das
258 703 364 758 budsre
378 703 453 758 einen
467 703 670 772 Aulraltspuukt.

641 927 677 997 t.

504 1109 642 1192 Princeps
666 1108 802 1190 principi.
885 1068 889 1077 r

547 1268 617 1324 1276
630 1269 760 1324 Februar.
775 1249 777 1255 Ι

61 1419 141 1489 Ktnip
153 1418 305 1474 badislaue
322 1433 373 1472 aon
391 1419 496 1486 copam
513 1417 587 1473 dictet
604 1417 697 1472 oetaeo
716 1415 905 1480 Verouandten,
925 1415 977 1469 den
994 1412 1098 1485 Grofen
1111 1408 1254 1466 Meinbord

63 1525 108 1564 ooo
128 1507 201 1566 Ts'rol
219 1510 277 1564 aad
297 1509 382 1571 Gora,
402 1509 449 1564 dle
469 1508 652 1581 Verrnittelenp
672 1507 748 1562 einer
771 1505 906 1562 ebeltclrcn
936 1504 1105 1577 Verbiodaop
1122 1499 1258 1558 amaedeo

60 1601 150 1658 scirem
163 1601 276 1656 Bruder
289 1601 415 1656 Andreae
421 1641 433 1668 ,
452 1601 554 1674 Herzog
571 1618 622 1656 oen
639 1598 783 1656 slavonico
801 1599 858 1654 aad
871 1596 1008 1660 sonatan,
1026 1597 1083 1654 aad
1097 1593 1254 1661 Clementia,

319 1692 369 1746 der
385 1691 494 1747 Toclttcr·
507 1691 595 1764 Kdnip
607 1689 744 1763 liudolfo,
758 1707 791 1744 aa
808 1687 991 1745 adernebmen.

146 1836 226 1891 Gerb.
241 1856 270 1910 p.
285 1836 345 1891 ils.
359 1836 450 1892 Bodm.
464 1853 490 1909 p.
504 1828 548 1890 tt,

36 1984 40 1990 '
143 1984 292 2050 incentivi
315 1986 425 2050 amoris
448 1984 586 2057 affectio,
615 2005 673 2069 qua
696 1986 873 2051 naturaliter
897 1985 1060 2048 seminaria
1084 1981 1253 2048 dulcedinis

64 2097 220 2179 propagine
238 2114 343 2158 sumus
360 2095 459 2158 divino
476 2096 629 2160 coniuncti
646 2115 787 2168 munere,
810 2115 866 2158 nos
888 2095 927 2157 ab
949 2093 1079 2158 invicem
1096 2092 1255 2156 discedere

63 2223 114 2266 non
139 2206 299 2287 permittit.
333 2206 410 2269 Nam
433 2205 490 2269 etsi
514 2205 628 2288 reliqua
652 2225 752 2268 reruvn
776 2203 895 2268 turbine
918 2204 1082 2274 varientur,
1107 2200 1255 2266 naturalia

63 2319 152 2376 tamen
169 2313 365 2398 cognactouis
387 2314 454 2378 iura
471 2319 623 2397 nequeunt
645 2313 794 2378 inmutari.
828 2313 908 2378 Vivit
931 2314 1009 2376 enim
1025 2307 1255 2396 propinquitatis

62 2421 202 2502 igniculus
226 2443 284 2486 nec
303 2423 432 2494 excidet,
450 2424 586 2507 quamvis
609 2423 734 2487 ardente
758 2424 821 2485 sole
844 2422 886 2507 a]
909 2442 968 2486 non
991 2421 1103 2493 deficit,
1127 2422 1256 2485 nutritur

64 2530 127 2593 solis
147 2531 245 2602 radio,
270 2550 329 2596 non
352 2533 472 2598 arescit.
507 2533 551 2596 Eo
577 2532 669 2614 igitur
693 2531 837 2597 instinctu
861 2529 1057 2614 cognacionis
1074 2531 1177 2604 illecti,
1195 2551 1254 2613 quo

64 2640 195 2720 proximis
220 2639 376 2705 affinitatis
399 2642 545 2724 gradibus
570 2662 661 2705 unum
685 2661 807 2712 sumus,
834 2642 873 2705 de
889 2647 993 2705 nostra
1010 2647 1040 2705 et
1057 2642 1152 2706 nostri
1168 2641 1257 2723 regni

63 2749 230 2814 turbacione
254 2771 310 2833 per
325 2758 442 2815 vestras
460 2752 594 2815 scribitis
617 2750 733 2815 litteras
751 2771 810 2815 non
834 2751 980 2816 immerito
997 2771 1050 2814 vos
1068 2752 1108 2831 b)
1130 2750 1255 2815 turbari.

64 2857 248 2924 intendentes
282 2860 493 2924 nichilominus
526 2860 754 2943 precordialiter
785 2861 951 2924 remedium
991 2860 1152 2933 adbibere,
1198 2876 1255 2943 quo

64 2967 171 3032 turbata
186 2970 255 3033 iura
272 2971 358 3052 regni
376 2971 473 3034 nostri
489 2970 521 3032 in
537 2976 647 3034 statum
665 2970 798 3034 debitum
815 2978 1016 3041 revertantur,
1034 2990 1088 3032 nos
1106 2971 1254 3042 nimirum,

65 3075 87 3138 si
102 3096 118 3140 a
132 3078 283 3162 principio
301 3079 468 3162 regiminis,
484 3081 610 3144 maxime
627 3080 789 3144 tenerrime
807 3081 896 3146 etatis
913 3086 1016 3144 nostre
1033 3079 1205 3161 primordiis
1218 3081 1255 3166 1),

65 3183 92 3246 in
120 3207 174 3249 nos
205 3187 320 3251 inimici
352 3190 481 3253 latentes
515 3189 640 3253 excubie
672 3189 799 3252 ubilibet
830 3191 1003 3263 valuerunt,
1047 3190 1105 3252 boc
1145 3189 1255 3253 nostris

65 3293 222 3360 minoribus
253 3297 431 3362 ascribimus
460 3300 546 3363 annis
576 3306 606 3363 et
634 3299 768 3363 dissidiis
802 3300 953 3363 intestinis
964 3300 1011 3389 ²),
1044 3319 1102 3362 non
1136 3299 1255 3382 quidem

65 3403 196 3482 potencie
220 3406 429 3480 adversantis,
458 3409 509 3491 qui
536 3409 642 3492 pocius
659 3408 783 3491 regibus
800 3407 970 3490 Ungarie
988 3407 1115 3471 subesse
1132 3413 1257 3472 noverat

66 3530 118 3572 non
133 3512 253 3578 obesse.
288 3515 374 3579 Nunc
403 3536 492 3590 vero,
522 3517 627 3581 celesti
654 3537 778 3581 munere
800 3519 911 3581 nostris
930 3517 1140 3582 crescentibus
1157 3516 1255 3588 annis,

65 3623 306 3704 prosperantibus
329 3624 491 3708 auspiciis,
520 3605 681 3690 discordiis
703 3626 874 3691 intrinsecis
899 3627 937 3691 ad
959 3625 1152 3691 concordiam
1168 3642 1258 3690 revo-

68 3732 146 3803 catis,
161 3733 191 3796 in
210 3753 295 3816 spem
307 3733 482 3807 redivivam,
500 3735 590 3801 dante
602 3736 741 3809 Domino,
758 3737 886 3800 redeunt
899 3736 1047 3801 unIversa.
1066 3737 1105 3801 Et
1118 3737 1257 3822 quoniam

68 3839 99 3903 de
124 3842 204 3907 ielici
233 3843 343 3908 unione
361 3845 541 3910 matrimonii
558 3853 659 3910 vestre
683 3846 761 3920 filie,
788 3845 947 3911 karissime
980 3855 1109 3932 cognate
1141 3854 1256 3920 nostre,

154 4026 187 4095 a)
204 4023 317 4081 ardente
329 4025 493 4105 turbacionis
507 4027 564 4081 sole
579 4025 722 4082 Bodmann.
740 4057 768 4067 -
785 4027 817 4099 d)
832 4045 881 4082 nos
896 4027 924 4080 V.

70 4202 384 4224 Ἃ-υ-’Φ--α

96 4327 116 4387 ¹)
132 4331 252 4380 badizluus
271 4365 277 4380 .
296 4365 303 4379 .
322 4367 327 4380 .
346 4334 434 4380 habens
453 4336 541 4380 tantum
565 4336 595 4381 10
614 4350 688 4382 annos
709 4338 779 4384 etatis
799 4338 937 4385 coronatur.
958 4338 1026 4384 Ceut.
1046 4339 1129 4384 Prssd.
1151 4339 1251 4387 Vindob.

128 4414 163 4458 ed.
182 4416 336 4462 wattenbach
349 4417 379 4464 ld.
393 4418 471 4462 (1.88.
484 4417 508 4472 9,
520 4417 568 4462 729
579 4418 608 4463 ad
620 4432 641 4463 n.
656 4419 726 4466 1272.

91 4487 113 4552 ²)
130 4495 182 4540 ilem
205 4496 227 4542 in
247 4499 348 4560 Ungaria
365 4499 438 4544 multa
454 4499 530 4558 spolie
547 4500 571 4545 ct
588 4501 723 4547 occisiones
741 4501 854 4550 nobilium
866 4502 970 4550 vicissim
987 4505 1041 4548 suut
1058 4500 1168 4555 comissa.
1186 4502 1254 4557 (tent.

128 4577 306 4628 claustroneob,
320 4582 347 4625 ad
360 4596 381 4628 a.
396 4580 465 4630 1275.
478 4583 507 4630 Μ.
516 4583 548 4643 ι(ἰ.
563 4583 603 4628 SS.
617 4583 641 4637 9,
654 4582 708 4634 741.
