3100 5116
154 341 163 360 ⁰
263 350 341 422 384

260 530 371 610 quanto
393 526 513 597 nocior,
535 530 619 590 tanto
642 525 741 591 eidem
763 533 899 613 graden,
928 530 1019 592 multe
1042 525 1318 592 commendacionis
1342 525 1383 589 ad
1407 544 1464 588 nos

259 634 405 699 beneficia
427 634 601 717 reportavit.
634 635 726 700 Porro
750 658 821 710 nos,
850 637 978 722 predicti
1001 635 1184 702 sanctissimi
1206 634 1301 719 patris
1318 632 1464 697 instructi

259 744 379 810 monitis
396 748 426 806 et
442 742 601 816 mandatis,
618 751 813 811 memoratum
829 747 865 811 N.
884 751 914 810 et
930 745 1024 830 ipsius
1041 741 1203 808 ecelesiam
1227 762 1297 807 cum
1321 741 1465 806 omnibus

259 855 318 920 sibi
334 850 514 924 commissis,
531 856 594 916 tum
610 874 671 918 sue·
681 855 839 938 probitatis
856 855 974 928 merito,
991 859 1054 918 tum
1070 874 1125 937 pro
1137 852 1181 940 a)
1197 851 1351 916 karissimi
1366 851 1464 935 patris

258 962 353 1028 nostri
369 960 593 1044 graciosissimo
609 961 789 1037 interventu,
807 965 948 1048 specialis
965 961 1068 1048 gracie
1088 966 1119 1024 et
1131 962 1242 1026 favoris
1258 961 1374 1026 affectu
1390 981 1465 1045 pro-

260 1073 346 1155 sequi
369 1072 542 1154 eupientes‚
570 1091 674 1137 omnes
690 1073 832 1146 iniurias,
861 1064 887 1138 si
904 1092 979 1159 quas
995 1073 1094 1156 ipsum
1110 1090 1146 1135 ex
1163 1091 1244 1135 nunc
1259 1071 1323 1154 pati
1341 1069 1465 1134 eontin-

260 1185 358 1265 geret,
375 1178 461 1243 nobis
477 1180 613 1244 volentes
630 1181 798 1256 ascribere,
815 1202 851 1247 ac
868 1182 1030 1266 dignanter
1045 1181 1127 1263 ipsas
1143 1178 1298 1264 prosequi,
1316 1183 1465 1262 tanquam

259 1294 394 1355 nostras:
418 1288 556 1353 fidelitati
572 1293 673 1355 vestre
686 1292 743 1356 sub
761 1291 886 1356 obtentu
903 1293 1005 1375 gracie
1023 1295 1125 1354 nostre
1142 1288 1331 1360 mandamus,
1352 1294 1463 1374 quate-

258 1419 315 1463 nus
332 1399 431 1463 eidem
448 1399 484 1463 N.
503 1399 612 1488 electo,
629 1399 760 1484 principi
777 1405 882 1466 nostro
898 1400 1068 1471 karissimo,
1086 1397 1212 1462 manbre
1236 1398 1318 1462 sacri
1334 1398 1464 1462 Romani

262 1507 380 1593 imperii
406 1506 553 1592 glorioso,
581 1513 726 1593 tanquam
755 1515 856 1574 vestro
885 1511 1042 1593 episeopo,
1067 1507 1231 1572 intendatis
1259 1508 1291 1570 in
1319 1506 1464 1571 omnibus

258 1618 410 1683 humiliter
426 1621 457 1681 et
472 1617 598 1690 devote,
621 1620 727 1704 sicque
748 1624 849 1684 vestre
871 1617 1024 1682 fidelitatis
1048 1616 1226 1700 obsequium
1242 1613 1283 1700 d)
1300 1620 1366 1680 tam
1382 1616 1464 1700 apud

260 1731 393 1794 nostram
410 1727 599 1792 maiestatem
616 1749 705 1813 quam
722 1730 801 1814 apud
814 1735 970 1814 paternam
986 1729 1081 1811 ipsius
1097 1726 1304 1791 reverenciam
1320 1745 1465 1790 merean-

259 1845 310 1903 tur
331 1837 469 1901 meritum
496 1844 668 1922 reportare,
696 1844 729 1903 ut
755 1860 809 1904 vos
833 1859 902 1904 cum
923 1839 989 1922 ipso
1011 1842 1097 1921 patre
1120 1841 1220 1901 vestro
1242 1836 1273 1898 in
1297 1836 1465 1900 amenitate

259 1945 344 2032 pacis
366 1951 397 2008 et
421 1945 634 2030 tranquillitate
652 1949 771 2021 mentis,
795 1967 871 2015 nova
887 1951 1102 2012 succrescente
1118 1946 1299 2030 gaudiorum
1323 1944 1463 2016 materia,

260 2058 426 2122 consistere
443 2056 577 2120 valeatis.

352 2193 466 2248 Gerbert
484 2192 574 2259 meint,
595 2193 643 2248 der
655 2193 731 2248 Brief
742 2195 780 2249 sei
796 2211 844 2250 von
858 2195 946 2266 lldnig
960 2193 1058 2247 liudolf
1068 2210 1101 2247 an
1114 2191 1158 2247 die
1172 2191 1278 2248 Tiroler
1292 2209 1324 2244 zu
1339 2193 1464 2247 Gunsten

260 2285 309 2340 des
326 2283 448 2338 Rieebois
469 2282 594 2338 Heinrich
617 2283 648 2338 ll.
673 2302 722 2339 von
745 2285 838 2340 Trient
861 2283 1047 2356 gescbtieben.
1072 2284 1155 2338 Dafiir
1178 2282 1263 2338 bietet
1285 2281 1347 2337 sein
1371 2283 1461 2337 lnbalt

260 2376 324 2429 aber
345 2376 421 2429 lreine
444 2373 653 2430 ausreiobenden
670 2374 899 2449 dnhpltspunete‚
927 2375 980 2430 und
1004 2373 1053 2428 der
1072 2371 1216 2436 Umstand‚
1238 2353 1302 2428 dass
1325 2372 1387 2428 bier
1411 2391 1463 2429 roo

259 2466 344 2522 einem
363 2468 430 2520 eben
450 2465 601 2538 gswuhlten
618 2467 731 2522 Riscboi
747 2467 789 2522 die
807 2468 883 2522 llede
901 2468 946 2531 ist,
966 2465 1116 2522 Heinricb's
1130 2464 1206 2521 Wabl
1228 2465 1294 2520 aber
1312 2465 1399 2519 sebon
1415 2483 1465 2522 ror

260 2555 320 2610 dem
338 2555 382 2611 20.
401 2555 560 2628 September
580 2555 665 2618 1273,
689 2558 746 2612 aleo
766 2574 813 2614 vor
831 2557 952 2612 Rudolis
973 2556 1155 2630 lldnigswcbl,
1178 2555 1383 2627 stattgetunden
1403 2555 1463 2617 bat,

260 2646 364 2730 spricbt
382 2647 512 2719 dagegen.
539 2646 640 2704 Stobbe
659 2664 700 2703 no.
715 2647 777 2703 285.
791 2649 848 2702 Rex
864 2652 916 2704 ete.
930 2646 1064 2702 Universis
1078 2647 1229 2710 comitibus,
1243 2647 1388 2702 baronibus
1404 2649 1461 2702 ete.

832 2767 895 2836 34.

260 2887 399 2971 Princeps
418 2888 522 2953 scribit
539 2888 603 2970 regi
622 2888 825 2968 Romanorum,
852 2889 930 2971 qued
951 2859 1142 2953 eemnaelent
1162 2906 1215 2950 sue
1239 2887 1371 2951 ilbenter
1392 2888 1460 2950 vult

801 2999 915 3063 edesse.

414 3121 558 3192 Repalibuo
572 3120 659 3176 literr‘s
672 3152 706 3162 -
717 3121 926 3194 frequentemus.
941 3121 986 3194 (S.
1001 3123 1068 3178 oben
1081 3139 1108 3192 p.
1123 3119 1187 3182 ³46,
1200 3137 1243 3174 no.
1259 3119 1302 3190 l.)

835 3235 896 3310 35.

335 3360 395 3425 Rex
413 3361 561 3439 signifieat
577 3362 719 3444 episcope
737 3363 816 3444 qued
832 3362 941 3443 gaudet
957 3361 994 3424 de
1010 3361 1160 3424 electione
1177 3361 1214 3424 de
1227 3378 1263 3423 eo
1280 3358 1377 3423 lecta·

416 3481 493 3539 Licet
505 3484 534 3540 in
547 3485 687 3541 latitudine
704 3517 733 3527 -
749 3485 909 3541 intimantea.
924 3485 969 3556 (S.
984 3487 1050 3538 oben
1065 3502 1091 3554 p.
1105 3484 1166 3547 344,
1181 3501 1223 3538 no.
1238 3481 1302 3552 44.)

836 3604 898 3673 36.

518 3727 576 3789 lter
593 3725 763 3790 tlamcnnte
777 3726 906 3810 porrigit
921 3725 1077 3807 primarios
1093 3742 1208 3807 preces.

262 3857 320 3910 Der
340 3851 472 3908 rdmieclre
485 3851 573 3925 Kdnip
594 3850 752 3920 (liudolfi)
773 3849 877 3921 fordert
898 3849 976 3905 einen
989 3849 1127 3914 Prdlaten,
1151 3846 1233 3918 Kraft
1254 3846 1346 3901 seinos
1358 3845 1456 3900 lteedte

266 3947 316 4000 der
340 3950 429 4000 ersten
454 3941 556 4008 Bitterr,
591 3941 651 4012 auf,
687 3941 764 3996 einen
788 3958 838 3996 con
863 3939 917 3996 ilem
942 3937 1182 4012 cerpesoblapenen
1210 3935 1378 3993 Geictlr'clree
1401 3954 1461 3991 eurr

692 4032 846 4090 Kanonilrue
859 4052 890 4088 au
902 4031 1022 4089 meeber.

354 4146 477 4208 Gerbert,
491 4143 517 4207 l,
531 4144 574 4198 43.
590 4144 701 4212 Stobbe,
715 4161 757 4200 no.
771 4142 827 4198 21⁷
841 4143 958 4200 ecclesie
971 4141 1165 4198 cameracensi.

354 4254 388 4320 Si
405 4252 566 4337 diligenter
581 4251 746 4338 inspexeris
763 4253 857 4317 decus
874 4255 904 4316 et
920 4251 1060 4316 decorem
1076 4249 1201 4314 Romani
1225 4249 1356 4334 imperii,
1380 4247 1461 4332 quod

264 4365 295 4430 in
323 4365 454 4430 omnium
481 4364 649 4451 principum
679 4362 792 4434 oculis,
820 4363 958 4427 velutin
985 4361 1126 4445 speculo,
1161 4358 1271 4422 meruit
1305 4362 1461 4433 collocari,

264 4481 369 4562 utpote
385 4495 403 4539 a
421 4495 480 4559 quo
496 4473 553 4558 ipsi
569 4472 723 4560 principes
739 4471 926 4558 principatus
943 4469 1073 4554 insignia
1090 4467 1283 4541 contrahunt,
1308 4470 1403 4554 largis
1420 4471 1459 4536 ab

357 4585 391 4656 a)
406 4587 458 4636 tum
473 4582 586 4656 predicti
601 4582 684 4654 putris
698 4586 749 4635 ete.
763 4583 790 4634 Z.
804 4610 840 4621 -
853 4581 885 4650 d)
900 4577 1027 4650 obsequia
1041 4579 1068 4632 Z.
