3096 5128
267 374 345 446 464

354 547 439 616 Cum,
456 545 621 610 secundum
636 541 816 606 venerabilis
831 543 948 604 senece
967 540 1191 610 documentum,
1203 538 1472 625 quemadmodum

263 654 435 737 superiores
451 654 551 716 vivere
567 652 721 721 volumus,
738 650 780 712 ita
796 668 865 711 cum
882 646 1076 711 inferioribus
1093 648 1194 711 vivere
1212 646 1373 719 debemus,
1393 665 1476 708 con-

263 782 370 844 gruum
378 767 435 833 est,
443 767 486 832 ut,
498 762 577 824 sicut
588 757 752 841 superioris
762 757 908 840 exoptatis
917 757 1059 827 favorem,
1069 757 1112 819 ita
1120 754 1314 818 inferioribus
1322 754 1476 816 exhibea·

260 869 300 932 tis
316 889 370 935 vos
385 869 581 934 favorabilem
598 871 627 928 et
642 865 814 946 benignum.
841 863 915 927 Cum
931 865 1024 945 igitur
1039 862 1243 926 venerabilem
1259 869 1289 925 et
1305 861 1469 926 favorabi-

260 980 319 1042 lem
335 976 551 1041 humanitatem
563 979 694 1039 vestram
705 979 837 1036 extrema
850 972 1019 1035 necessitas
1032 977 1063 1034 et
1081 971 1206 1035 silencio
1226 971 1318 1052 digna
1347 969 1475 1032 mendi-

261 1087 337 1148 citas
351 1085 505 1169 requirere
517 1104 564 1146 mc
577 1081 767 1166 compellant,
784 1078 991 1142 honorabilem
1007 1077 1225 1142 dominacionis
1245 1083 1348 1142 vestre
1372 1077 1476 1142 subli-

259 1194 391 1256 mitatem
408 1192 560 1255 humiliter
578 1189 744 1275 expostulo,
763 1194 911 1273 quatenus
930 1207 987 1260 me,
1004 1187 1206 1251 miserabilem
1232 1188 1383 1250 clericum
1409 1206 1469 1250 vc-

259 1306 364 1372 strum,
388 1302 455 1364 sinu
477 1298 684 1364 misericordie
708 1297 847 1368 foveatis,
871 1301 904 1359 ut
930 1295 1120 1360 liberalitatis
1149 1300 1251 1358 vestre
1281 1295 1464 1360 humanitas

260 1409 378 1485 doceat,
396 1413 506 1492 quanta
522 1406 608 1469 vobis
625 1426 642 1468 a
660 1404 868 1488 superioribus
884 1403 1048 1466 liberalitas
1065 1402 1188 1467 debeat.

848 1606 874 1646 z.

771 1731 792 1790 l
809 1729 956 1792 dissimili.

351 1873 477 1936 Domino
492 1871 650 1938 favorabili
675 1877 706 1933 et
727 1871 858 1952 benigno
882 1868 914 1932 G.
940 1873 997 1932 etc.
1023 1871 1058 1932 H.
1083 1875 1142 1934 etc.
1167 1872 1350 1935 salutemet
1374 1873 1470 1936 obse·

258 1981 361 2064 quium
377 1980 520 2062 placitum
537 1984 567 2040 et
583 1984 752 2060 acceptum.

352 2089 469 2170 Quanto
497 2085 615 2150 felicius
643 2090 673 2148 et
699 2085 884 2149 fructuosius
907 2085 1040 2150 studium
1062 2088 1193 2150 salutare
1219 2093 1385 2161 censetur,
1408 2109 1467 2172 per

161 2261 163 2264 .
259 2197 340 2281 quod
362 2194 527 2278 acquiritur
546 2194 596 2257 illa
619 2193 726 2256 nobilis
748 2195 904 2275 possessio
927 2193 1030 2266 animi,
1054 2213 1112 2277 quc
1136 2195 1305 2259 seeundum
1321 2195 1466 2278 philoso-

258 2305 351 2387 phum
374 2303 404 2365 in
425 2301 559 2385 presenti
582 2307 629 2366 cst
650 2319 766 2362 summa
789 2300 930 2363 nobilitas
954 2306 983 2362 et
1005 2303 1035 2364 in
1057 2303 1157 2364 futuro
1180 2321 1275 2366 causa
1297 2303 1460 2368 felicitatis

258 2418 372 2482 eterne,
389 2414 472 2474 tanto
489 2409 687 2472 miserabilius
705 2413 751 2471 est
767 2413 800 2471 et
812 2407 976 2489 impensiori
993 2410 1199 2473 misericordia
1223 2412 1348 2492 dignum
1372 2414 1458 2477 salu-

255 2519 328 2584 taris
344 2518 436 2581 studii
452 2518 670 2580 detrimentum.
696 2514 777 2578 Sane
800 2515 857 2578 nisi
874 2517 1053 2580 miserabilis
1071 2517 1173 2581 clerici
1197 2520 1291 2582 vestri
1315 2520 1460 2586 misereri

253 2628 417 2711 placuerit,
446 2644 518 2689 ecce
540 2624 704 2688 scienciam
729 2643 825 2687 meam
849 2643 917 2688 cum
940 2623 1098 2688 laboriosis
1121 2626 1229 2690 studiis
1255 2633 1286 2690 et
1309 2630 1460 2696 studiosis

255 2733 435 2818 acquisitam
453 2731 625 2803 laboribus,
648 2731 816 2796 debitorum
839 2732 1010 2796 sollicitudo
1035 2733 1119 2796 diluit
1141 2740 1172 2796 et
1192 2737 1359 2817 penuriosa
1381 2757 1461 2821 pau-

255 2850 357 2928 pertas
379 2843 507 2924 dissipat
529 2849 560 2906 et
581 2843 737 2925 dispergit.
764 2843 899 2923 Exurgat
917 2843 1017 2926 itaque
1037 2843 1171 2907 liberalis
1190 2844 1374 2918 clemencia,
1398 2847 1458 2930 piis
1546 2903 1547 2938 p

256 2954 467 3035 obtemperans
489 2951 583 3021 votis,
614 2956 644 3032 et
667 2949 853 3012 habundanti
883 2951 1002 3013 miserie
1030 2950 1217 3016 habundanti
1245 2954 1461 3019 misericordia
1546 2967 1547 3026 l

249 3044 428 3132 medeatur,
449 3066 596 3145 quatenus
614 3078 680 3121 eam
698 3059 813 3122 medela
830 3058 964 3122 subsidio
982 3060 1130 3123 mediante
1147 3059 1321 3143 magnificet
1337 3068 1371 3127 et
1388 3084 1461 3127 sco·
1545 3035 1547 3064 l

256 3171 364 3234 lastica
379 3170 511 3251 provisio
527 3171 712 3250 protestetur
729 3167 824 3249 ipsam
846 3188 914 3228 esse
930 3167 1022 3230 studii
1039 3169 1222 3232 relatricem.
1546 3151 1547 3164 ¹

839 3391 873 3459 2.

543 3547 703 3620 chyebrief
711 3547 775 3600 itber
788 3548 832 3600 die
846 3548 1004 3619 Erodercnp
1017 3566 1067 3602 con
1080 3551 1178 3604 Areon.
1281 3531 1282 3535 Ἰ

348 3677 442 3739 Lecte
458 3677 540 3739 luctu
556 3675 645 3757 plene
660 3679 761 3737 vestre
778 3674 946 3737 sanctitatis
961 3674 1048 3737 litere
1065 3676 1172 3739 vulnus
1189 3676 1329 3741 fecerunt
1345 3680 1378 3742 in
1390 3681 1456 3744 vul-
1544 3669 1546 3700 ³

258 3807 329 3850 nere
347 3790 377 3848 et
393 3803 470 3849 nova
485 3782 643 3866 percussio
664 3783 784 3867 plagam
800 3786 933 3845 veterem
950 3785 1117 3847 recantavit
1134 3789 1164 3848 et
1180 3785 1316 3847 saucium
1333 3787 1379 3874 a)
1405 3808 1458 3852 cor
1544 3789 1546 3826 ³

258 3913 371 3965 eorum,
389 3894 441 3976 qui
458 3894 560 3957 vivunt
572 3891 607 3954 in
624 3891 736 3955 Christi
754 3909 883 3971 corpore
900 3890 1025 3974 eiusque
1043 3890 1148 3973 spiritu
1165 3897 1356 3974 vegetantur,
1374 3895 1455 3980 quod

257 4005 343 4069 locus
365 4003 426 4072 ille,
448 4000 479 4063 in
503 4020 562 4085 quo
586 4004 736 4063 steterunt
756 3999 851 4081 pedes
874 3999 950 4072 eius,
972 3999 1153 4082 perfidorum
1174 3998 1303 4083 pedibus
1328 4006 1454 4068 concul-

258 4117 361 4182 catur,
384 4109 465 4196 quod
487 4115 578 4181 terra,
602 4108 758 4171 nativitate
775 4107 885 4171 Christi
907 4107 1031 4179 ilorida,
1054 4109 1291 4172 conversacione
1310 4111 1451 4184 candida,

259 4219 401 4302 passione
416 4238 516 4293 rosea,
533 4206 807 4281 contaminatur'ab
823 4215 961 4281 hostibus
978 4214 1111 4280 crucifixi
1128 4216 1221 4280 etsie
1238 4219 1350 4281 iterum
1362 4219 1453 4285 ,lesus

259 4328 297 4390 ad
313 4325 497 4390 illudendum
515 4330 545 4388 et
561 4326 788 4406 conspuendum
810 4326 939 4389 traditus
962 4330 1009 4387 est
1025 4324 1177 4407 gentibus,
1194 4323 1265 4389 dum
1281 4326 1325 4389 illi
1342 4349 1448 4393 recru-

261 4433 420 4516 cifigentes
452 4433 509 4496 sibi
541 4434 639 4496 denuo
671 4431 762 4497 lilium
790 4433 848 4496 Dei
879 4438 909 4495 et
941 4432 1089 4496 habentes
1121 4435 1251 4497 ostentui
1280 4456 1369 4500 sacra
1398 4457 1451 4503 sua

333 4560 367 4627 a)
381 4558 507 4614 sauciavit
521 4576 552 4612 au
567 4559 645 4612 lesan.
