3100 5116
272 305 349 374 378

271 480 364 544 virtus
376 485 437 551 tua,
452 481 608 563 nequimus
620 479 761 544 aflectum
770 485 902 545 nostrum
915 480 1051 565 perfecte
1064 479 1231 564 exprimere
1244 500 1301 563 per
1313 475 1465 542 ellectum.

271 589 366 672 lgitur
380 595 431 652 tue
448 590 529 653 clare
546 589 672 652 actionis
689 594 814 672 accepta
831 589 998 674 magnalia,
1023 609 1082 673 que
1099 589 1208 654 diffuso
1223 587 1306 652 same
1323 587 1466 671 preconio

271 697 464 782 magnificare
479 703 510 762 te
527 715 586 761 non
603 696 743 760 desinunt
757 697 789 760 in
806 702 969 782 conspectu
986 698 1071 781 regie
1088 696 1266 768 maiestatis,
1291 716 1348 760 nos
1366 696 1466 764 taliter

269 813 408 873 recreant
436 813 466 871 et
494 806 656 878 oblectant,
686 807 766 892 quod
794 809 874 871 inter
900 813 1018 872 ceteros
1047 812 1078 871 et
1104 827 1158 891 pre
1187 806 1310 877 ceteris,
1341 825 1466 890 quorum

269 917 365 983 eciam
380 916 508 1002 pervigil
524 935 596 981 cura
613 915 722 979 nostris
745 915 866 980 insudat
887 916 1052 1002 obsequiis,
1076 916 1212 1001 cupimus
1234 920 1265 978 te
1287 914 1466 998 precipuum

267 1026 380 1090 habere
401 1026 592 1090 consiliorum
618 1030 786 1089 nostrornm
802 1025 979 1110 participem
994 1032 1024 1089 et
1041 1031 1210 1089 nostrarum
1225 1026 1462 1109 prosperitatum

268 1137 297 1198 in
325 1135 483 1199 fortunatis
501 1130 654 1218 'auspiciis
681 1153 740 1198 non
767 1141 936 1218 expertem:
969 1135 1175 1198 sinceritatem
1202 1139 1284 1196 tuam
1314 1133 1464 1196 attencius

268 1246 477 1316 exhortantes,
517 1247 665 1330 qnatenus
696 1243 807 1307 nostris
840 1248 871 1307 et
902 1242 1019 1327 imperii
1050 1241 1252 1327 provehendis
1284 1241 1463 1313 honoribus,

267 1355 345 1419 sicut
367 1354 524 1426 hactenus,
548 1352 777 1417 continuacione
799 1356 931 1446 gratuita
958 1353 1002 1416 sio
1024 1351 1179 1415 ferventer
1200 1349 1344 1433 invigiles
1368 1357 1399 1412 et
1421 1350 1465 1414 in-

267 1466 384 1537 tendas,
407 1465 486 1549 quod
508 1486 545 1528 ex
566 1465 624 1529 boc
641 1465 796 1549 utriusque
813 1464 979 1529 comoditas
996 1469 1082 1547 grata
1099 1463 1231 1527 novitate
1246 1463 1393 1528 refloreat
1409 1485 1465 1528 nec

267 1591 326 1638 non
343 1574 437 1638 decus
452 1571 570 1657 imperii
586 1572 705 1656 placido
720 1571 830 1637 robore
847 1573 1049 1638 convalescat.

840 1781 903 1852 28.

612 1959 670 2022 lton
688 1945 836 2040 significat
852 1959 980 2042 principi
996 1955 1037 2043 a)
1054 1965 1111 2025 ote.
1152 1979 1157 1990 ·

611 2116 691 2171 lavo.
704 2117 843 2172 Zwischeu
857 2119 972 2172 Februar
985 2119 1039 2174 und
1053 2118 1113 2173 Mai.

267 2267 298 2319 K.
312 2263 416 2335 Racdolf
429 2264 551 2335 deprecat
563 2263 615 2317 deo
627 2264 728 2331 Herzog
741 2280 792 2318 oon
805 2261 905 2318 Batora
917 2261 988 2318 nacla
1001 2265 1097 2319 mosen
1110 2265 1291 2338 Auaadbuung
1304 2267 1354 2322 mit
1365 2269 1463 2323 achsam

267 2359 385 2422 Broder,
408 2355 520 2428 Ludaoig
536 2354 595 2409 dem
616 2357 755 2426 Strengea,
778 2356 836 2409 und
850 2353 959 2425 forden
975 2355 1022 2411 aba
1040 2355 1100 2427 auf,
1120 2357 1208 2413 dieses
1230 2358 1463 2430 lbeundoclaafta·

266 2447 395 2503 laudaiae
412 2446 538 2519 aufrecbt
554 2464 586 2500 zu
606 2443 739 2509 adultero,
758 2447 794 2500 da
811 2464 843 2501 er
859 2456 933 2503 sonat
952 2448 1010 2502 dem
1032 2447 1143 2518 Ludwig
1157 2466 1242 2522 pogen
1260 2447 1308 2504 aba
1328 2450 1462 2506 beistedeu

814 2540 914 2593 warde.

359 2686 481 2749 Gorbort,
494 2685 520 2749 2,
534 2684 577 2740 49.

358 2832 445 2916 Quod
472 2831 619 2914 regalium
646 2829 800 2895 literarum
828 2827 960 2902 emissio,
979 2849 1104 2913 quarum
1120 2832 1250 2918 alloquio
1266 2834 1327 2898 iam
1343 2836 1460 2919 pridem

266 2942 376 3006 fuimus
392 2947 423 3005 te
439 2941 577 3024 aggressi
589 2940 626 3028 ¹),
650 2939 788 3022 graciose
805 2939 998 3003 salutacionis
1016 2946 1150 3005 scemate
1166 2942 1206 3030 b)
1224 2964 1344 3016 carens,
1368 2945 1463 3008 sensit

266 3051 500 3142 apocopacionis
525 3069 681 3120 occasum,
709 3048 768 3112 bec
794 3047 851 3111 fuit
877 3048 982 3133 procul
1010 3049 1101 3114 dubio
1129 3052 1249 3116 occasio
1278 3058 1309 3117 et
1337 3052 1369 3117 id
1399 3059 1462 3117 erat

267 3180 376 3232 causa,
405 3159 486 3246 quod
507 3159 610 3222 inclito
632 3157 718 3223 fratri
739 3162 791 3221 tuo
813 3158 908 3246 NJ),
944 3178 1004 3222 non
1026 3158 1143 3244 absque
1165 3167 1267 3226 nostra
1291 3167 1323 3227 et
1345 3161 1461 3246 imperii

268 3268 382 3334 lesione
406 3267 571 3338 dirissima,
606 3267 688 3331 visus
719 3287 752 3330 es
774 3266 921 3330 hactenus
944 3266 1073 3353 quadam
1096 3269 1245 3334 obstinata
1269 3270 1404 3342 duricia,
1431 3271 1459 3335 in

267 3379 400 3442 fraterne
422 3377 500 3461 legis
523 3376 729 3461 dispendium,
759 3377 867 3439 malum
889 3382 951 3439 mm
973 3377 1163 3442 intolerabile
1186 3379 1363 3443 machinari.
1396 3383 1462 3446 Non

268 3487 348 3553 enim
371 3486 472 3550 decuit
494 3485 732 3549 benivolenciam
755 3490 886 3549 nostram
909 3505 964 3549 nos
987 3485 1164 3551 litteratorie
1187 3487 1241 3551 tibi
1269 3491 1462 3573 pretendere,

268 3598 338 3662 dum
366 3596 589 3660 intenderemus
617 3595 715 3659 eidem
743 3593 802 3658 lilio
831 3596 982 3685 nostrov),
1017 3601 1050 3659 ut
1078 3596 1252 3681 oportebat,
1287 3606 1394 3664 contra
1422 3607 1463 3674 te,

268 3707 363 3792 ipsius
385 3706 449 3769 iura
466 3704 678 3788 calumpniosis
701 3703 861 3768 insultibus
880 3705 1116 3789 impugnantem,
1141 3705 1242 3771 debite
1260 3712 1464 3792 opposicionis

360 3890 394 3956 u)
409 3886 551 3942 nexuum.
567 3887 627 3939 dorsi
644 3886 718 3941 Wab.
734 3887 761 3940 Z.
780 3916 807 3926 -
824 3887 858 3958 b).
869 3887 995 3942 scovmati
1011 3889 1037 3940 V.

271 4061 592 4077 mm

297 4190 320 4250 ¹)
341 4193 414 4240 Eiron
433 4193 529 4238 solcbeu
544 4191 617 4244 Briet',
634 4190 677 4235 der
696 4190 754 4235 atreb
773 4202 857 4250 weges
876 4192 954 4237 seinos
966 4193 1093 4254 sonatigon
1107 4194 1193 4240 lnbalts
1205 4195 1292 4242 bochet
1306 4199 1466 4260 moubraio-dig

341 4285 382 4338 ist,
400 4284 465 4330 siobs
482 4283 521 4329 boi
540 4283 656 4342 Horrgott
673 4281 730 4327 Gon.
752 4280 776 4334 2,
794 4280 817 4325 2.
838 4277 893 4326 lov.
914 4283 1006 4330 somer
1023 4284 1099 4344 vorgl.
1119 4285 1161 4331 das
1179 4285 1239 4333 obou
1259 4287 1284 4331 S.
1305 4289 1355 4335 266
1374 4303 1415 4337 uo.
1435 4290 1466 4336 bd

343 4373 505 4436 mitgotboilto
518 4371 656 4420 sobroibon.

295 4463 320 4524 2)
340 4464 469 4513 Ludovico.

300 4552 325 4616 ⁸)
354 4562 385 4606 So
399 4560 474 4603 nonnt
487 4555 576 4602 liudolf
586 4555 667 4598 coinon
681 4553 887 4614 Scbwiegcrsobn‚
900 4555 999 4618 Ludwig
1011 4558 1055 4603 don
1068 4559 1187 4620 Streugou
1200 4573 1247 4606 von
1260 4560 1355 4610 Reios-n.
