3112 5118
1172 295 1247 366 18⁷

71 467 139 549 quod
154 473 182 529 te
198 465 364 529 obsistente
379 468 526 548 propositi
542 468 620 530 illius
638 469 760 531 fatiscat
776 470 907 531 intencio
925 472 956 530 et
978 469 1108 531 ecclesie
1126 466 1248 530 deside-

70 575 136 637 rium
151 575 186 636 de
200 575 318 656 prefato
334 593 408 654 rege
425 575 463 636 ad
478 575 634 657 imperiale
650 576 804 657 fastigium
824 596 880 659 per
901 594 973 646 nos,
1002 575 1091 639 dante
1108 575 1249 643 Domino,

70 682 96 742 in
114 682 239 761 proximo
265 681 470 750 sublimando,
492 681 579 743 nullis
602 682 866 764 prepedicionihus
888 683 1068 746 retardetur.
1097 681 1143 745 Ad
1165 681 1245 762 quod

70 789 153 851 eciam
169 809 236 851 cum
255 790 360 851 eodem
375 809 449 870 rege
471 789 672 870 personaliter
695 796 727 852 et
747 789 912 853 honorifice
935 791 1038 852 venire
1055 795 1085 851 te
1101 789 1250 856 uolumus.

68 896 223 958 sitantum
251 895 307 958 tibi
334 895 541 959 thesaurizare
570 896 656 978 cupis
683 895 848 978 apostolice
880 896 962 958 sedis
995 896 1128 978 graciam
1159 899 1250 975 atque

69 1008 202 1074 nostram,
220 1010 250 1067 et
266 1009 407 1085 tanquam
425 1003 557 1064 uiuidum
579 1002 735 1066 menbrum
758 1023 826 1068 cum
847 1002 991 1067 hatholici
1015 1003 1122 1085 capitis
1140 1001 1249 1083 spiritu

68 1111 236 1173 consentire.
271 1111 305 1172 si
318 1116 418 1173 autem
434 1129 525 1173 secus
544 1111 679 1173 evenerit
695 1117 725 1173 et
742 1112 872 1174 ecclesie
889 1118 920 1175 et
930 1113 1048 1194 prefato
1062 1111 1129 1190 regi
1140 1108 1248 1190 aliquis

67 1235 149 1299 super
162 1218 318 1298 premissis
335 1237 371 1279 ex
386 1216 613 1279 machinacione
630 1236 809 1300 quacunque
826 1215 1010 1281 difficultatis
1024 1221 1054 1278 et
1065 1215 1251 1280 turhaeionis

68 1325 200 1388 articulus
223 1326 404 1397 suscitetur,
433 1331 540 1388 extunc
565 1324 765 1389 indubitatum
781 1325 985 1407 reputabimus
1006 1330 1036 1388 et
1053 1329 1251 1405 compertum,

67 1435 94 1495 id
109 1455 142 1495 ex
156 1439 205 1497 tue
223 1433 477 1496 dissimulacionis
495 1439 526 1495 et
542 1433 768 1515 cooperacionis
782 1434 907 1496 consilio
926 1433 1076 1506 evenisse,
1094 1438 1125 1495 et
1143 1433 1251 1495 exinde

67 1542 275 1625 quodammodo
298 1560 389 1622 super
410 1540 477 1602 aliis
500 1539 575 1601 fides
597 1538 665 1612 liet,
693 1559 751 1624 que
775 1541 857 1603 circa
881 1541 939 1604 ista
962 1561 1018 1623 per
1037 1540 1137 1623 plures
1163 1539 1251 1602 nobis

66 1650 178 1714 sinistra
206 1649 245 1712 de
275 1647 418 1714 fratribus
443 1654 473 1712 et
495 1648 686 1730 coepiscopis
716 1649 826 1712 nostris
851 1669 910 1712 non
938 1648 1028 1712 lacile
1056 1647 1276 1734 credentibus!

66 1758 244 1822 nunciantur.
281 1756 369 1834 Scire
392 1755 542 1838 siquidem
566 1775 669 1820 omnes
692 1756 827 1818 volumus
849 1756 880 1820 in
902 1755 1049 1837 propositi
1066 1756 1161 1818 nostri
1177 1754 1256 1820 deli·

66 1865 219 1930 beracione
237 1864 384 1934 defixum,
406 1869 439 1926 ut
461 1862 487 1924 si
510 1863 592 1945 quis,
615 1863 741 1926 mammo
759 1863 796 1925 de
812 1862 999 1946 principibus
1015 1859 1250 1934 ecclesiasticis,

68 1978 162 2038 contra
177 1973 331 2056 prefatum
347 1989 467 2051 regem,
491 1969 632 2033 devotum
649 1970 781 2034 ecclesie
803 1969 912 2040 filium,
935 1970 1121 2036 ordinacioni
1143 1970 1255 2040 divine,

66 2081 163 2144 studiis
175 2081 347 2162 principum
358 2099 394 2142 ac
407 2077 600 2160 disposicioui
612 2083 715 2141 nostre
727 2077 866 2142 inuentus
879 2078 972 2142 luerit
983 2077 1254 2150 talitercontraire,

66 2190 99 2252 ad
124 2189 317 2254 severitatem
333 2187 374 2269 a)
398 2205 530 2266 congrue
558 2185 685 2248 ulcionis
713 2205 781 2248 cum
808 2185 1019 2266 indignacione
1044 2184 1257 2266 omnipotentis

66 2298 118 2360 Ilei
131 2297 278 2360 adversus
291 2295 373 2358 illum
384 2299 559 2359 constanter
573 2293 711 2374 insurget
724 2293 895 2374 indignacio
907 2293 1071 2375 apostolice
1087 2294 1259 2375 potestatis.

68 2409 95 2468 et
111 2405 321 2470 nichilominus
340 2402 469 2466 eundem
483 2421 588 2482 regem
604 2400 735 2464 ecclesie
751 2402 883 2466 Romane
898 2400 1075 2468 indeficiens
1091 2401 1257 2482 presidium

66 2510 186 2578 finaliter
202 2512 416 2594 subsequetur.
450 2510 513 2571 Nos
530 2514 630 2572 autem
646 2507 783 2574 omnibus
807 2508 1015 2573 difficultatem
1038 2509 1196 2590 ingerendi
1223 2529 1258 2574 se

66 2619 232 2685 huiusmodi
264 2618 314 2681 vel
344 2615 500 2700 inprovide
530 2615 707 2680 incurrendi
744 2616 879 2680 volentes
917 2616 1028 2679 aditum
1067 2616 1258 2686 submovere.

67 2728 319 2796 uominacionem.
347 2726 524 2788 electionem
552 2723 599 2787 vel
621 2724 862 2805 assumpcionem
884 2724 921 2786 de
943 2743 1123 2806 quocunque
1153 2729 1258 2805 preter

68 2838 174 2902 dictum
200 2854 327 2917 regern,
348 2834 413 2896 Deo
442 2838 472 2896 et
496 2831 625 2896 ecclesie
641 2833 774 2896 Romane
792 2833 943 2903 devotum,
966 2834 1077 2896 laetam
1098 2831 1163 2903 vel,
1191 2832 1258 2912 ipso

68 2945 238 3028 superstite,
257 2941 447 3010 faciendam,
475 2959 589 3002 exnunc
605 2939 763 3020 inprobam
779 2939 956 3002 nunciamus
974 2944 1080 3001 ettam
1098 2957 1183 3008 eum,
1208 2937 1259 3018 qui

69 3072 101 3116 ex
111 3050 284 3116 huiusmodi
296 3050 454 3118 electione,
467 3048 729 3114 nominacioneuel
736 3050 944 3128 assumpeione
955 3047 1013 3110 sibi
1024 3046 1213 3128 usurpaverit
1219 3050 1235 3107 b
1237 3047 1260 3127 )

68 3180 172 3224 nomen
187 3159 294 3240 regis,
322 3177 409 3239 quam
427 3177 498 3226 eos,
526 3157 576 3240 qui
592 3155 623 3218 in
638 3156 737 3236 ipsum
755 3160 989 3226 consenserunt,
1018 3153 1260 3220 exeommunica-

69 3268 158 3332 cionis
175 3267 370 3332 deceruimus
388 3265 542 3328 sentencie
560 3264 729 3326 subiacere.

152 3425 222 3481 (lod.
236 3425 321 3479 Wllb.
335 3424 366 3476 h.
381 3423 494 3477 toanis
513 3423 559 3475 der
578 3411 746 3476 llbersehrllt
763 3422 914 3476 Alexander
927 3439 967 3492 ep.
982 3424 1033 3474 ete.
1053 3418 1260 3490 archiepiscopo

71 3516 222 3571 Coloniensi
237 3518 317 3570 Perta
331 3514 410 3568 Arch.
422 3513 450 3576 7,
462 3513 525 3566 sod.
538 3515 643 3567 Eheuso
657 3513 752 3567 Philol.
767 3513 900 3573 sospes.
915 3512 975 3564 lto.
991 3540 1020 3550 -
1036 3513 1076 3564 Da
1092 3510 1177 3562 dieser
1186 3510 1263 3564 briei

68 3607 163 3662 seinem
182 3607 289 3662 luhalte
307 3604 361 3658 und
379 3620 437 3658 uum
455 3604 532 3658 Theil
550 3603 649 3657 seiuem
671 3603 823 3656 Wortlaote
842 3603 908 3656 nach
928 3602 974 3656 mit
991 3602 1051 3654 dem
1066 3603 1144 3653 unter
1161 3617 1205 3654 no.
1223 3599 1260 3654 ld

67 3697 220 3768 lolgenden,
247 3713 281 3748 aa
296 3693 338 3747 die
351 3693 498 3749 deutschen
512 3692 606 3746 stante
627 3691 808 3763 gerichteten‚
830 3691 1055 3754 hhereiostimurt,
1079 3708 1109 3742 so
1124 3691 1188 3744 lasst
1200 3689 1259 3744 sich

69 3789 222 3847 annehmen,
236 3787 301 3838 dass
317 3800 346 3836 er
359 3784 427 3837 auch
447 3782 617 3852 gleielrzeitig
631 3783 677 3834 mit
695 3782 848 3835 demselben
867 3781 1043 3852 geschrieben
1057 3781 1111 3844 sei;
1134 3780 1177 3832 ich
1192 3780 1260 3834 habe

68 3877 116 3931 ihm
130 3879 185 3932 also
199 3874 399 3931 unbedenlrlieh
413 3873 460 3926 das
473 3873 567 3925 Datum
582 3871 723 3924 desselben
737 3871 867 3941 gegeben.

154 4079 189 4144 a)
205 4073 379 4129 serenltatem
393 4071 422 4125 V.
436 4101 471 4112 -
485 4070 517 4135 b)
533 4067 720 4140 usurpaverint
733 4069 763 4123 v.
