3100 5116
303 335 383 411 338

300 517 383 584 rate,
421 512 500 597 quod
531 531 589 574 non
613 511 652 573 sit
674 510 712 572 ab
737 509 876 572 hostibus
900 509 1117 571 conculcatum.
1149 507 1293 590 Quamvis
1314 512 1417 571 autem
1441 527 1513 570 cum

299 624 406 686 devota
438 623 605 686 bumilitate
621 619 764 704 prostrati
780 619 865 701 pacis
882 618 1015 700 graciam
1030 617 1078 682 vel
1100 618 1206 682 saltem
1227 621 1404 700 treugarum
1420 616 1513 679 indu·

300 703 363 794 cias
375 731 577 814 petiverimus
590 729 628 794 ab
642 729 747 792 eodem
760 747 843 808 rege,
869 727 949 788 nulla
966 731 1067 789 tamen
1091 727 1173 789 circa
1195 725 1274 789 banc
1297 725 1511 789 condicionem

299 838 446 923 perficere
479 841 645 922 quivimus,
681 837 740 900 nisi
768 835 913 899 adversus
943 835 1107 926 Romanam
1135 836 1295 897 ecclesiam
1328 854 1512 918 sacrumque

299 951 470 1012 Romanum
491 948 648 1030 imperium
670 949 816 1008 temerato
839 942 908 1006 fidei
937 945 1039 1006 nostre
1068 942 1170 1006 debito
1198 943 1403 1006 voluissemus
1430 943 1510 1007 effici

300 1056 447 1120 infideles.
465 1058 528 1120 Nos
544 1056 646 1138 igitur,
663 1056 694 1118 in
711 1054 859 1136 angustiis
875 1072 929 1135 pro
945 1051 1073 1134 Augusti
1090 1051 1131 1138 a)
1148 1053 1323 1116 reverencia
1340 1055 1508 1124 constituti,

301 1167 501 1250 imploramus
526 1165 667 1228 auxilium
692 1168 722 1228 et
750 1161 917 1226 subsidium
939 1166 1132 1244 expectamus
1149 1163 1187 1246 b]
1209 1166 1309 1226 vestre
1331 1163 1509 1226 felicissime

301 1275 481 1344 maiestatis,
500 1295 566 1337 cum
584 1274 686 1336 dolore
703 1277 733 1334 et
749 1272 861 1354 gemitu
877 1271 1075 1353 postulantes,
1094 1275 1241 1356 quatenus
1258 1271 1360 1334 saltim
1372 1272 1509 1357 reliquiis

309 1385 391 1448 dicte
411 1382 540 1446 ecclesie
556 1381 769 1445 miserabiliter
785 1380 953 1450 derelictis,
983 1401 1020 1442 ne
1043 1379 1074 1441 id
1090 1381 1188 1461 ipsum
1204 1383 1293 1443 tenue
1311 1385 1342 1442 et
1358 1381 1509 1445 modicum

307 1493 480 1562 facultatis,
518 1491 596 1575 quod
628 1490 666 1553 ab
699 1489 850 1573 unguibus
883 1488 1117 1572 depredancium
1150 1489 1275 1561 cecidit,
1308 1489 1510 1554 absorbeatur

308 1607 407 1665 terum
420 1601 459 1664 ab
474 1600 592 1670 iisdem,
605 1600 715 1663 festino
733 1598 875 1682 suffragio
893 1597 1088 1669 svrceurratis,
1105 1601 1265 1682 antequam
1278 1618 1335 1661 uos
1354 1599 1509 1682 contingat

308 1710 443 1776 totaliter
459 1709 670 1772 consummari.

409 1873 508 1926 Stobbe
528 1873 576 1924 No.
595 1871 649 1924 225
663 1871 711 1925 mit
724 1871 798 1924 einer
812 1870 1003 1924 detaillirteren
1020 1870 1200 1941 Sehilderung
1214 1871 1262 1924 der·
1275 1871 1377 1924 Leiden
1398 1870 1453 1925 und
1465 1869 1509 1924 der

310 1952 498 2019 llberaclrrilt:
525 1962 878 2024 Serenissimodominoll,
897 1963 971 2014 llom.
991 1963 1057 2032 Regi
1077 1961 1177 2026 inclito,
1195 1961 1265 2017 idem
1288 1961 1545 2036 archiepiscopus

314 2055 468 2110 devocionis
487 2057 513 2108 et
533 2054 677 2108 orationum
698 2052 827 2122 obsequia
847 2052 1043 2108 indefessae-
1056 2055 1084 2108 S.
1104 2055 1173 2107 auch
1193 2053 1337 2116 Rodmann,
1356 2070 1385 2124 p
1401 2052 1503 2106 136.-

308 2148 377 2200 Dass
392 2146 479 2198 dieser
491 2143 582 2197 Β1111
576 2163 600 2197 11
615 2143 662 2197 das
675 2144 743 2198 Jabr
763 2143 833 2196 1275
853 2145 957 2214 gehtrt,
979 2145 1043 2213 geht
1066 2097 1545 2200 1111111111Οοιι1.91111111.11ἰ

309 2237 340 2292 G.
357 2233 1416 2299 88.9,729.Α11.8111111111801.1111911111.Β11111111,9111111,303.

823 2394 829 2402 ’
886 2423 948 2494 ao.

489 2565 550 2628 ller
566 2564 762 2630 Romanorum
781 2583 871 2647 super
887 2567 1082 2630 innovaclone
1098 2565 1331 2649 prlrlleglonrm.

309 2687 359 2744 uin
376 2687 523 2743 rdmiscber
538 2689 625 2760 Kdniq
643 2689 764 2762 deotdtipl
783 2690 858 2745 einer
871 2688 970 2744 Kirclre
989 2688 1049 2744 obre
1062 2689 1224 2762 Privilepien
1242 2691 1301 2744 aad
1312 2692 1448 2764 alertrdpr
1465 2690 1502 2744 ilc

621 2777 666 2833 die
682 2778 909 2836 Gericdtodarlceit
922 2797 956 2834 aa
967 2780 1098 2851 perviscera
1115 2782 1200 2835 Orlea

400 2891 546 2954 Conditor
568 2890 707 2953 universe
730 2894 867 2953 creature
890 2891 988 2961 Deus,
1019 2890 1089 2952 dum
1112 2890 1282 2956 ineffabiles
1305 2892 1429 2975 pietatis
1455 2914 1501 2955 sue

307 3001 466 3064 thesauros
496 3003 559 3063 suis
588 2999 744 3081 dispensat
778 2997 916 3062 fidelibus
945 3019 1124 3084 manumque
1152 3002 1271 3082 plenam
1299 3003 1441 3086 expandit
1467 3001 1499 3066 ad

305 3111 420 3193 premia
437 3111 616 3191 graciarum,
635 3128 697 3179 eos,
712 3128 786 3192 quos
801 3109 831 3170 in
851 3111 994 3173 virtutum
1011 3110 1160 3174 exercicio
1183 3115 1213 3173 et
1229 3111 1277 3173 sui
1293 3112 1407 3176 amoris
1423 3111 1495 3174 desi-

308 3217 392 3281 derio
410 3218 573 3300 flagrantes
591 3217 629 3304 e)
646 3217 758 3304 invenit
781 3221 872 3301 atque
893 3220 1009 3300 priores
1026 3219 1165 3300 agnoscit
1181 3219 1366 3284 excellencia
1389 3222 1498 3284 merito·

308 3348 392 3398 rum,
423 3325 617 3410 amplioribus
647 3325 867 3390 benedictionis
898 3347 950 3392 sue
978 3328 1125 3409 prevenit,
1143 3327 1299 3392 beneficiis
1330 3335 1361 3392 et
1389 3335 1498 3393 coronat

310 3436 460 3519 stipendio
476 3434 573 3499 bravii
589 3435 737 3518 largioris.
762 3434 843 3499 Sane
860 3456 928 3498 cum
944 3437 975 3498 in
992 3436 1060 3507 hiis,
1080 3435 1118 3499 ad
1135 3438 1230 3501 eterni
1246 3440 1330 3520 regis
1347 3441 1495 3523 exemplar,

308 3551 430 3609 nostros
447 3549 531 3608 actus
549 3543 735 3607 conformare
752 3544 791 3606 ad
807 3544 862 3607 Dei
879 3544 1014 3627 graciam
1031 3546 1196 3608 studiosius
1211 3545 1415 3620 intendentes,
1436 3551 1494 3613 licet

309 3676 346 3718 ex
362 3654 540 3718 liberalitate
558 3653 642 3734 regia
659 3653 814 3717 universas
832 3653 993 3724 ecclesias,
1024 3673 1114 3738 quas,
1127 3655 1132 3666 “
1144 3659 1267 3718 auctore
1282 3656 1426 3730 Domino,
1451 3679 1495 3742 per

311 3784 400 3850 quem
417 3780 508 3846 reges
524 3766 652 3845 regnant
668 3767 698 3824 et
719 3761 873 3845 principes
896 3763 1031 3826 obtinent
1047 3764 1265 3847 principatum,
1294 3769 1391 3849 regali
1406 3775 1493 3851 patro-

312 3875 391 3940 cinio
411 3877 606 3937 contueamur
623 3876 653 3934 et
669 3872 764 3934 nostri
779 3872 891 3936 favoris
908 3871 1041 3936 brachiis
1058 3875 1283 3956 amplectamur,
1301 3877 1332 3938 in
1349 3877 1494 3941 cuiuslibet

308 3982 512 4068 promocionis
528 3981 745 4063 proseoucione
767 4001 803 4044 ac
826 3981 1010 4046 defensionis
1032 3982 1165 4065 presidio
1182 3984 1346 4048 earundem
1363 3986 1493 4050 sollicito·

310 4094 380 4157 dine
394 4092 530 4174 diligenti
547 4095 576 4153 et
592 4091 756 4154 devocione
770 4090 857 4153 solita
873 4091 1046 4173 vigilemus:
1063 4094 1163 4155 tamen
1180 4093 1360 4176 quibusdam
1373 4116 1408 4159 ex
1418 4096 1491 4179 ipsis,

309 4207 415 4285 utpote
438 4201 568 4265 ecclesie
590 4200 639 4270 N,
666 4219 736 4283 que
767 4205 825 4262 est
855 4200 1006 4283 capella
1037 4204 1169 4264 nostre
1199 4205 1307 4285 regie
1332 4205 1491 4288 magnili-

311 4313 446 4376 cencie
471 4312 675 4395 specialis,
701 4311 746 4374 ad
777 4330 883 4394 quam
907 4314 1307 4376 uostre‘cancellarie
1332 4315 1488 4380 osliciun

402 4479 437 4545 1)
457 4477 564 4548 augusti
581 4477 610 4530 V.
628 4507 655 4516 -
673 4476 705 4546 1)
727 4475 804 4531 auxil.
826 4475 866 4530 bis
889 4481 1075 4549 exspectamus
1086 4493 1127 4532 am
1140 4477 1232 4532 Raude
1245 4477 1274 4534 V.
1288 4509 1324 4520 -
1336 4479 1368 4548 c)
1382 4480 1485 4549 111111·

314 4565 400 4621 ciores
416 4568 445 4621 Z.

660 4685 677 4724 Ι
