<?xml version="1.0" encoding="UTF-8"?>
<!DOCTYPE html PUBLIC "-//W3C//DTD XHTML 1.0 Transitional//EN"
    "http://www.w3.org/TR/xhtml1/DTD/xhtml1-transitional.dtd">
<html xmlns="http://www.w3.org/1999/xhtml" xml:lang="en" lang="en">
 <head>
  <title>
</title>
<meta http-equiv="Content-Type" content="text/html;charset=utf-8" />
  <meta name='ocr-system' content='tesseract 3.04.00' />
  <meta name='ocr-capabilities' content='ocr_page ocr_carea ocr_par ocr_line ocrx_word'/>
</head>
<body>
  <div class='ocr_page' id='page_1' title='image "./fontesrerumaust01kommgoog_0268.png"; bbox 0 0 3112 5118; ppageno 0'>
   <div class='ocr_carea' id='block_1_1' title="bbox 1188 315 1267 384">
    <p class='ocr_par' dir='ltr' id='par_1_1' title="bbox 1188 315 1267 384">
     <span class='ocr_line' id='line_1_1' title="bbox 1188 315 1267 384; baseline 0 0"><span class='ocrx_word' id='word_1_1' title='bbox 1188 315 1267 384; x_wconf 83' lang='lat'>239</span> 
     </span>
    </p>
   </div>
   <div class='ocr_carea' id='block_1_2' title="bbox 67 503 1268 801">
    <p class='ocr_par' dir='ltr' id='par_1_2' title="bbox 67 503 1268 801">
     <span class='ocr_line' id='line_1_2' title="bbox 70 503 1268 586; baseline -0.001 -19"><span class='ocrx_word' id='word_1_2' title='bbox 70 523 219 586; x_wconf 90' lang='lat' dir='ltr'>prospero</span> <span class='ocrx_word' id='word_1_3' title='bbox 238 505 457 568; x_wconf 77' lang='lat' dir='ltr'><strong>concludantur</strong></span> <span class='ocrx_word' id='word_1_4' title='bbox 474 506 565 578; x_wconf 84' lang='lat' dir='ltr'>exitu,</span> <span class='ocrx_word' id='word_1_5' title='bbox 588 510 619 568; x_wconf 89' lang='lat' dir='ltr'>et</span> <span class='ocrx_word' id='word_1_6' title='bbox 642 506 679 568; x_wconf 93' lang='lat' dir='ltr'>de</span> <span class='ocrx_word' id='word_1_7' title='bbox 701 505 887 569; x_wconf 89' lang='lat' dir='ltr'>matrimonio</span> <span class='ocrx_word' id='word_1_8' title='bbox 909 503 1071 568; x_wconf 93' lang='lat' dir='ltr'>liberorum</span> <span class='ocrx_word' id='word_1_9' title='bbox 1088 509 1268 575; x_wconf 92' lang='lat' dir='ltr'>nostrorum,</span> 
     </span>
     <span class='ocr_line' id='line_1_3' title="bbox 68 611 1266 697; baseline -0.001 -24"><span class='ocrx_word' id='word_1_10' title='bbox 68 612 106 674; x_wconf 85' lang='lat' dir='ltr'>ad</span> <span class='ocrx_word' id='word_1_11' title='bbox 124 612 209 694; x_wconf 93' lang='lat' dir='ltr'>quod</span> <span class='ocrx_word' id='word_1_12' title='bbox 226 612 415 697; x_wconf 86' lang='lat' dir='ltr'>quorundam</span> <span class='ocrx_word' id='word_1_13' title='bbox 430 614 665 695; x_wconf 90' lang='lat' dir='ltr'>precellencium</span> <span class='ocrx_word' id='word_1_14' title='bbox 681 613 849 695; x_wconf 79' lang='lat' dir='ltr'>principum</span> <span class='ocrx_word' id='word_1_15' title='bbox 863 614 984 675; x_wconf 81' lang='lat' dir='ltr'>fervens</span> <span class='ocrx_word' id='word_1_16' title='bbox 997 612 1110 693; x_wconf 88' lang='lat' dir='ltr'>aspirat</span> <span class='ocrx_word' id='word_1_17' title='bbox 1122 611 1266 682; x_wconf 79' lang='lat' dir='ltr'><strong>intencio,</strong></span> 
     </span>
     <span class='ocr_line' id='line_1_4' title="bbox 67 718 998 801; baseline 0 -21"><span class='ocrx_word' id='word_1_18' title='bbox 67 718 124 780; x_wconf 87' lang='lat' dir='ltr'>tibi</span> <span class='ocrx_word' id='word_1_19' title='bbox 140 719 273 782; x_wconf 76' lang='lat' dir='ltr'>lucidius</span> <span class='ocrx_word' id='word_1_20' title='bbox 290 725 394 801; x_wconf 88' lang='lat' dir='ltr'>pateat</span> <span class='ocrx_word' id='word_1_21' title='bbox 409 720 575 801; x_wconf 90' lang='lat' dir='ltr'>apostolice</span> <span class='ocrx_word' id='word_1_22' title='bbox 592 720 813 801; x_wconf 91' lang='lat' dir='ltr'>beneplacitum</span> <span class='ocrx_word' id='word_1_23' title='bbox 829 719 998 783; x_wconf 85' lang='lat' dir='ltr'>voluntatis.</span> 
     </span>
    </p>
   </div>
   <div class='ocr_carea' id='block_1_3' title="bbox 66 833 1268 1175">
    <p class='ocr_par' dir='ltr' id='par_1_3' title="bbox 66 833 1268 1175">
     <span class='ocr_line' id='line_1_5' title="bbox 163 833 1268 906; baseline -0.002 -18"><span class='ocrx_word' id='word_1_24' title='bbox 163 836 259 888; x_wconf 84' lang='lat' dir='ltr'>Dicser</span> <span class='ocrx_word' id='word_1_25' title='bbox 276 835 354 890; x_wconf 79' lang='lat' dir='ltr'>brief</span> <span class='ocrx_word' id='word_1_26' title='bbox 368 836 466 906; x_wconf 82' lang='lat' dir='ltr'>gebdrt</span> <span class='ocrx_word' id='word_1_27' title='bbox 483 838 507 890; x_wconf 91' lang='lat' dir='ltr'>in</span> <span class='ocrx_word' id='word_1_28' title='bbox 528 835 571 889; x_wconf 89' lang='lat' dir='ltr'>dic</span> <span class='ocrx_word' id='word_1_29' title='bbox 590 835 660 898; x_wconf 76' lang='lat' dir='ltr'>zeii,</span> <span class='ocrx_word' id='word_1_30' title='bbox 686 836 712 889; x_wconf 94' lang='lat' dir='ltr'>in</span> <span class='ocrx_word' id='word_1_31' title='bbox 731 836 780 890; x_wconf 87' lang='lat' dir='ltr'>der</span> <span class='ocrx_word' id='word_1_32' title='bbox 797 835 921 891; x_wconf 84' lang='lat' dir='ltr'>Rudoli&#39;s</span> <span class='ocrx_word' id='word_1_33' title='bbox 939 835 1050 888; x_wconf 84' lang='lat' dir='ltr'>Kannlcr</span> <span class='ocrx_word' id='word_1_34' title='bbox 1068 833 1148 902; x_wconf 88' lang='lat' dir='ltr'>Otto,</span> <span class='ocrx_word' id='word_1_35' title='bbox 1168 835 1268 903; x_wconf 89' lang='lat' dir='ltr'>Propst</span> 
     </span>
     <span class='ocr_line' id='line_1_6' title="bbox 67 922 1267 995; baseline -0.003 -17"><span class='ocrx_word' id='word_1_36' title='bbox 67 944 98 978; x_wconf 81' lang='lat' dir='ltr'>ru</span> <span class='ocrx_word' id='word_1_37' title='bbox 117 925 161 978; x_wconf 87' lang='lat' dir='ltr'>St.</span> <span class='ocrx_word' id='word_1_38' title='bbox 182 925 270 978; x_wconf 90' lang='lat' dir='ltr'>Guido</span> <span class='ocrx_word' id='word_1_39' title='bbox 291 926 316 979; x_wconf 89' lang='lat' dir='ltr'>in</span> <span class='ocrx_word' id='word_1_40' title='bbox 329 927 435 995; x_wconf 86' lang='lat' dir='ltr'>Speicr,</span> <span class='ocrx_word' id='word_1_41' title='bbox 453 926 500 979; x_wconf 91' lang='lat' dir='ltr'>mil</span> <span class='ocrx_word' id='word_1_42' title='bbox 524 926 584 979; x_wconf 87' lang='lat' dir='ltr'>dem</span> <span class='ocrx_word' id='word_1_43' title='bbox 603 925 704 980; x_wconf 88' lang='lat' dir='ltr'>Grasen</span> <span class='ocrx_word' id='word_1_44' title='bbox 722 926 859 981; x_wconf 83' lang='lat' dir='ltr'>Gotifried</span> <span class='ocrx_word' id='word_1_45' title='bbox 877 941 927 977; x_wconf 87' lang='lat' dir='ltr'>von</span> <span class='ocrx_word' id='word_1_46' title='bbox 946 923 1017 994; x_wconf 84' lang='lat' dir='ltr'>Suyn</span> <span class='ocrx_word' id='word_1_47' title='bbox 1037 924 1090 977; x_wconf 90' lang='lat' dir='ltr'>und</span> <span class='ocrx_word' id='word_1_48' title='bbox 1109 922 1167 976; x_wconf 85' lang='lat' dir='ltr'>dem</span> <span class='ocrx_word' id='word_1_49' title='bbox 1180 923 1267 993; x_wconf 81' lang='lat' dir='ltr'>Borg-</span> 
     </span>
     <span class='ocr_line' id='line_1_7' title="bbox 68 1013 1267 1085; baseline -0.001 -18"><span class='ocrx_word' id='word_1_50' title='bbox 68 1013 166 1085; x_wconf 75' lang='lat' dir='ltr'>gratcn</span> <span class='ocrx_word' id='word_1_51' title='bbox 180 1013 322 1068; x_wconf 76' lang='lat' dir='ltr'>Friedrich</span> <span class='ocrx_word' id='word_1_52' title='bbox 340 1031 393 1068; x_wconf 88' lang='lat' dir='ltr'>von</span> <span class='ocrx_word' id='word_1_53' title='bbox 407 1017 563 1084; x_wconf 83' lang='lat' dir='ltr'>Nrirnberg,</span> <span class='ocrx_word' id='word_1_54' title='bbox 582 1015 624 1067; x_wconf 91' lang='lat' dir='ltr'>die</span> <span class='ocrx_word' id='word_1_55' title='bbox 642 1016 680 1067; x_wconf 86' lang='lat' dir='ltr'>als</span> <span class='ocrx_word' id='word_1_56' title='bbox 698 1016 783 1068; x_wconf 87' lang='lat' dir='ltr'>Botcn</span> <span class='ocrx_word' id='word_1_57' title='bbox 802 1014 851 1068; x_wconf 82' lang='lat' dir='ltr'>des</span> <span class='ocrx_word' id='word_1_58' title='bbox 864 1015 964 1084; x_wconf 82' lang='lat' dir='ltr'>lldnigs</span> <span class='ocrx_word' id='word_1_59' title='bbox 982 1030 1015 1067; x_wconf 86' lang='lat' dir='ltr'>an</span> <span class='ocrx_word' id='word_1_60' title='bbox 1035 1013 1087 1066; x_wconf 88' lang='lat' dir='ltr'>den</span> <span class='ocrx_word' id='word_1_61' title='bbox 1099 1015 1180 1083; x_wconf 87' lang='lat' dir='ltr'>Papst</span> <span class='ocrx_word' id='word_1_62' title='bbox 1200 1014 1267 1067; x_wconf 84' lang='lat' dir='ltr'>nach</span> 
     </span>
     <span class='ocr_line' id='line_1_8' title="bbox 66 1102 1267 1175; baseline -0.002 -19"><span class='ocrx_word' id='word_1_63' title='bbox 66 1105 142 1175; x_wconf 80' lang='lat' dir='ltr'>Lyon</span> <span class='ocrx_word' id='word_1_64' title='bbox 157 1104 274 1174; x_wconf 82' lang='lat' dir='ltr'>gesandt</span> <span class='ocrx_word' id='word_1_65' title='bbox 286 1120 384 1168; x_wconf 86' lang='lat' dir='ltr'>waren,</span> <span class='ocrx_word' id='word_1_66' title='bbox 397 1121 428 1156; x_wconf 82' lang='lat' dir='ltr'>ru</span> <span class='ocrx_word' id='word_1_67' title='bbox 443 1104 525 1157; x_wconf 88' lang='lat' dir='ltr'>ihrem</span> <span class='ocrx_word' id='word_1_68' title='bbox 539 1105 623 1157; x_wconf 87' lang='lat' dir='ltr'>Herrn</span> <span class='ocrx_word' id='word_1_69' title='bbox 636 1104 845 1158; x_wconf 78' lang='lat' dir='ltr'>nurucllrchrten</span> <span class='ocrx_word' id='word_1_70' title='bbox 859 1102 912 1157; x_wconf 92' lang='lat' dir='ltr'>und</span> <span class='ocrx_word' id='word_1_71' title='bbox 924 1103 977 1155; x_wconf 90' lang='lat' dir='ltr'>ihm</span> <span class='ocrx_word' id='word_1_72' title='bbox 990 1102 1096 1156; x_wconf 86' lang='lat' dir='ltr'>Bericht</span> <span class='ocrx_word' id='word_1_73' title='bbox 1110 1106 1267 1157; x_wconf 87' lang='lat' dir='ltr'>erstattetcn</span> 
     </span>
    </p>
   </div>
   <div class='ocr_carea' id='block_1_4' title="bbox 67 1191 1269 1265">
    <p class='ocr_par' dir='ltr' id='par_1_4' title="bbox 67 1191 1269 1265">
     <span class='ocr_line' id='line_1_9' title="bbox 67 1191 1269 1265; baseline -0.002 -19"><span class='ocrx_word' id='word_1_74' title='bbox 67 1193 163 1264; x_wconf 85' lang='lat' dir='ltr'>(nobis</span> <span class='ocrx_word' id='word_1_75' title='bbox 176 1193 354 1262; x_wconf 84' lang='lat' dir='ltr'>insinuante),</span> <span class='ocrx_word' id='word_1_76' title='bbox 370 1194 427 1247; x_wconf 86' lang='lat' dir='ltr'>also</span> <span class='ocrx_word' id='word_1_77' title='bbox 447 1193 512 1247; x_wconf 85' lang='lat' dir='ltr'>nach</span> <span class='ocrx_word' id='word_1_78' title='bbox 531 1193 589 1248; x_wconf 92' lang='lat' dir='ltr'>dem</span> <span class='ocrx_word' id='word_1_79' title='bbox 609 1193 635 1248; x_wconf 85' lang='grc'>6.</span> <span class='ocrx_word' id='word_1_80' title='bbox 655 1193 716 1248; x_wconf 82' lang='lat' dir='ltr'>duni</span> <span class='ocrx_word' id='word_1_81' title='bbox 737 1193 808 1246; x_wconf 78' lang='lat' dir='ltr'>icil</span> <span class='ocrx_word' id='word_1_82' title='bbox 827 1191 876 1262; x_wconf 82' lang='lat' dir='ltr'>(ni.</span> <span class='ocrx_word' id='word_1_83' title='bbox 891 1192 922 1246; x_wconf 87' lang='lat' dir='ltr'>G.</span> <span class='ocrx_word' id='word_1_84' title='bbox 936 1193 962 1256; x_wconf 73' lang='lat' dir='ltr'>d,</span> <span class='ocrx_word' id='word_1_85' title='bbox 976 1191 1053 1265; x_wconf 87' lang='grc'>398).</span> <span class='ocrx_word' id='word_1_86' title='bbox 1079 1193 1116 1245; x_wconf 86' lang='lat' dir='ltr'>Er</span> <span class='ocrx_word' id='word_1_87' title='bbox 1133 1193 1203 1247; x_wconf 80' lang='lat' dir='ltr'>kann</span> <span class='ocrx_word' id='word_1_88' title='bbox 1219 1209 1269 1244; x_wconf 87' lang='lat' dir='ltr'>nur</span> 
     </span>
    </p>
   </div>
   <div class='ocr_carea' id='block_1_5' title="bbox 65 1282 1268 1442">
    <p class='ocr_par' dir='ltr' id='par_1_5' title="bbox 65 1282 1268 1442">
     <span class='ocr_line' id='line_1_10' title="bbox 65 1282 1265 1353; baseline -0.002 -17"><span class='ocrx_word' id='word_1_89' title='bbox 65 1301 99 1336; x_wconf 87' lang='lat' dir='ltr'>an</span> <span class='ocrx_word' id='word_1_90' title='bbox 124 1283 178 1336; x_wconf 91' lang='lat' dir='ltr'>den</span> <span class='ocrx_word' id='word_1_91' title='bbox 204 1283 367 1336; x_wconf 82' lang='lat' dir='ltr'>Errbischol</span> <span class='ocrx_word' id='word_1_92' title='bbox 384 1301 435 1337; x_wconf 85' lang='lat' dir='ltr'>ron</span> <span class='ocrx_word' id='word_1_93' title='bbox 459 1284 543 1337; x_wconf 79' lang='lat' dir='ltr'>Maior</span> <span class='ocrx_word' id='word_1_94' title='bbox 567 1285 700 1353; x_wconf 82' lang='lat' dir='ltr'>gerichtet</span> <span class='ocrx_word' id='word_1_95' title='bbox 722 1283 794 1346; x_wconf 90' lang='lat' dir='ltr'>sein,</span> <span class='ocrx_word' id='word_1_96' title='bbox 816 1283 884 1336; x_wconf 88' lang='lat' dir='ltr'>deon</span> <span class='ocrx_word' id='word_1_97' title='bbox 908 1300 958 1337; x_wconf 90' lang='lat' dir='ltr'>nur</span> <span class='ocrx_word' id='word_1_98' title='bbox 979 1283 1046 1340; x_wconf 78' lang='lat' dir='ltr'>ibin,</span> <span class='ocrx_word' id='word_1_99' title='bbox 1070 1282 1129 1334; x_wconf 87' lang='lat' dir='ltr'>dem</span> <span class='ocrx_word' id='word_1_100' title='bbox 1152 1283 1265 1336; x_wconf 87' lang='lat' dir='ltr'>crscine</span> 
     </span>
     <span class='ocr_line' id='line_1_11' title="bbox 65 1370 1268 1442; baseline -0.002 -16"><span class='ocrx_word' id='word_1_101' title='bbox 65 1372 146 1426; x_wconf 85' lang='lat' dir='ltr'>Wahl</span> <span class='ocrx_word' id='word_1_102' title='bbox 161 1372 361 1442; x_wconf 82' lang='lat' dir='ltr'>rorrugsweise</span> <span class='ocrx_word' id='word_1_103' title='bbox 380 1373 534 1436; x_wconf 81' lang='lat' dir='ltr'>verdanktc,</span> <span class='ocrx_word' id='word_1_104' title='bbox 547 1374 645 1426; x_wconf 77' lang='lat' dir='ltr'>bonnis</span> <span class='ocrx_word' id='word_1_105' title='bbox 667 1374 728 1427; x_wconf 88' lang='lat' dir='ltr'>sich</span> <span class='ocrx_word' id='word_1_106' title='bbox 740 1372 841 1428; x_wconf 80' lang='lat' dir='ltr'>nudoif</span> <span class='ocrx_word' id='word_1_107' title='bbox 851 1373 888 1424; x_wconf 86' lang='lat' dir='ltr'>als</span> <span class='ocrx_word' id='word_1_108' title='bbox 903 1372 1052 1441; x_wconf 84' lang='lat' dir='ltr'>„plantacio</span> <span class='ocrx_word' id='word_1_109' title='bbox 1065 1373 1127 1424; x_wconf 84' lang='lat' dir='ltr'>tua¹‘</span> <span class='ocrx_word' id='word_1_110' title='bbox 1142 1370 1268 1424; x_wconf 82' lang='lat' dir='ltr'>bezeich-</span> 
     </span>
    </p>
   </div>
   <div class='ocr_carea' id='block_1_6' title="bbox 65 1460 1267 1624">
    <p class='ocr_par' dir='ltr' id='par_1_6' title="bbox 65 1460 1267 1624">
     <span class='ocr_line' id='line_1_12' title="bbox 65 1460 1267 1532; baseline -0.004 -15"><span class='ocrx_word' id='word_1_111' title='bbox 65 1481 127 1517; x_wconf 84' lang='lat' dir='ltr'>nen.</span> <span class='ocrx_word' id='word_1_112' title='bbox 152 1461 302 1532; x_wconf 77' lang='lat' dir='ltr'>(lnnocenn</span> <span class='ocrx_word' id='word_1_113' title='bbox 323 1461 365 1515; x_wconf 84' lang='lat' dir='ltr'>iv.</span> <span class='ocrx_word' id='word_1_114' title='bbox 392 1467 472 1515; x_wconf 85' lang='lat' dir='ltr'>ncnnt</span> <span class='ocrx_word' id='word_1_115' title='bbox 498 1462 549 1515; x_wconf 88' lang='lat' dir='ltr'>deo</span> <span class='ocrx_word' id='word_1_116' title='bbox 576 1463 607 1516; x_wconf 81' lang='lat' dir='ltr'>ll.</span> <span class='ocrx_word' id='word_1_117' title='bbox 631 1461 756 1516; x_wconf 87' lang='lat' dir='ltr'>Wilhelm</span> <span class='ocrx_word' id='word_1_118' title='bbox 779 1478 828 1515; x_wconf 86' lang='lat' dir='ltr'>ron</span> <span class='ocrx_word' id='word_1_119' title='bbox 852 1460 961 1516; x_wconf 87' lang='lat' dir='ltr'>llollnnd</span> <span class='ocrx_word' id='word_1_120' title='bbox 986 1479 1028 1514; x_wconf 86' lang='lat' dir='ltr'>am</span> <span class='ocrx_word' id='word_1_121' title='bbox 1049 1461 1094 1515; x_wconf 78' lang='lat'>23.</span> <span class='ocrx_word' id='word_1_122' title='bbox 1116 1461 1171 1515; x_wconf 83' lang='lat' dir='ltr'>Juli</span> <span class='ocrx_word' id='word_1_123' title='bbox 1196 1460 1267 1514; x_wconf 71' lang='lat'>1254</span> 
     </span>
     <span class='ocr_line' id='line_1_13' title="bbox 65 1551 779 1624; baseline 0 -20"><span class='ocrx_word' id='word_1_124' title='bbox 65 1553 214 1622; x_wconf 81' lang='lat' dir='ltr'>plantulam</span> <span class='ocrx_word' id='word_1_125' title='bbox 227 1553 355 1606; x_wconf 68' lang='lat' dir='ltr'>cosmam.</span> <span class='ocrx_word' id='word_1_126' title='bbox 369 1553 508 1616; x_wconf 84' lang='lat' dir='ltr'>Bnehmcr,</span> <span class='ocrx_word' id='word_1_127' title='bbox 521 1551 589 1624; x_wconf 78' lang='lat' dir='ltr'>Bag.</span> <span class='ocrx_word' id='word_1_128' title='bbox 602 1552 681 1606; x_wconf 86' lang='lat' dir='ltr'>With.</span> <span class='ocrx_word' id='word_1_129' title='bbox 695 1571 722 1624; x_wconf 87' lang='lat' dir='ltr'>p.</span> <span class='ocrx_word' id='word_1_130' title='bbox 735 1551 779 1622; x_wconf 76' lang='grc'>4.)</span> 
     </span>
    </p>
   </div>
   <div class='ocr_carea' id='block_1_7' title="bbox 646 1705 709 1773">
    <p class='ocr_par' dir='ltr' id='par_1_7' title="bbox 646 1705 709 1773">
     <span class='ocr_line' id='line_1_14' title="bbox 646 1705 709 1773; baseline 0 -1"><span class='ocrx_word' id='word_1_131' title='bbox 646 1705 709 1773; x_wconf 79' lang='grc'>28.</span> 
     </span>
    </p>
   </div>
   <div class='ocr_carea' id='block_1_8' title="bbox 454 1846 886 1926">
    <p class='ocr_par' dir='ltr' id='par_1_8' title="bbox 454 1846 886 1926">
     <span class='ocr_line' id='line_1_15' title="bbox 454 1846 886 1926; baseline -0.005 -18"><span class='ocrx_word' id='word_1_132' title='bbox 454 1846 650 1908; x_wconf 74' lang='lat' dir='ltr'>Romanorum</span> <span class='ocrx_word' id='word_1_133' title='bbox 674 1863 727 1907; x_wconf 81' lang='lat' dir='ltr'>rer</span> <span class='ocrx_word' id='word_1_134' title='bbox 750 1846 886 1926; x_wconf 75' lang='lat' dir='ltr'>principi.</span> 
     </span>
    </p>
   </div>
   <div class='ocr_carea' id='block_1_9' title="bbox 66 1963 1269 2198">
    <p class='ocr_par' dir='ltr' id='par_1_9' title="bbox 66 1963 1269 2198">
     <span class='ocr_line' id='line_1_16' title="bbox 66 1963 1268 2037; baseline -0.001 -18"><span class='ocrx_word' id='word_1_135' title='bbox 66 1966 158 2036; x_wconf 74' lang='lat' dir='ltr'>Koniy</span> <span class='ocrx_word' id='word_1_136' title='bbox 175 1965 283 2037; x_wconf 79' lang='lat' dir='ltr'>liudolf</span> <span class='ocrx_word' id='word_1_137' title='bbox 291 1967 374 2020; x_wconf 79' lang='lat' dir='ltr'>danti</span> <span class='ocrx_word' id='word_1_138' title='bbox 385 1966 539 2020; x_wconf 74' lang='lat' dir='ltr'>demandent</span> <span class='ocrx_word' id='word_1_139' title='bbox 555 1966 604 2036; x_wconf 67' lang='lat' dir='ltr'>fier</span> <span class='ocrx_word' id='word_1_140' title='bbox 617 1966 663 2020; x_wconf 82' lang='lat' dir='ltr'>dr&#39;e</span> <span class='ocrx_word' id='word_1_141' title='bbox 678 1965 875 2037; x_wconf 75' lang='lat' dir='ltr'>Bemiidunqen,</span> <span class='ocrx_word' id='word_1_142' title='bbox 892 1963 1023 2020; x_wconf 72' lang='lat' dir='ltr'>ewiccben</span> <span class='ocrx_word' id='word_1_143' title='bbox 1040 1965 1091 2019; x_wconf 74' lang='lat' dir='ltr'>cbm</span> <span class='ocrx_word' id='word_1_144' title='bbox 1110 1967 1167 2020; x_wconf 84' lang='lat' dir='ltr'>und</span> <span class='ocrx_word' id='word_1_145' title='bbox 1185 1966 1268 2020; x_wconf 78' lang='lat' dir='ltr'>circem</span> 
     </span>
     <span class='ocr_line' id='line_1_17' title="bbox 66 2053 1269 2126; baseline -0.002 -18"><span class='ocrx_word' id='word_1_146' title='bbox 66 2057 184 2109; x_wconf 75' lang='lat' dir='ltr'>ibreren</span> <span class='ocrx_word' id='word_1_147' title='bbox 197 2057 231 2110; x_wconf 88' lang='lat' dir='ltr'>N.</span> <span class='ocrx_word' id='word_1_148' title='bbox 247 2055 290 2110; x_wconf 80' lang='lat' dir='ltr'>ein</span> <span class='ocrx_word' id='word_1_149' title='bbox 302 2055 438 2109; x_wconf 78' lang='lat' dir='ltr'>Brindniac</span> <span class='ocrx_word' id='word_1_150' title='bbox 458 2073 489 2109; x_wconf 79' lang='lat' dir='ltr'>cu</span> <span class='ocrx_word' id='word_1_151' title='bbox 505 2056 607 2110; x_wconf 79' lang='lat' dir='ltr'>Stande</span> <span class='ocrx_word' id='word_1_152' title='bbox 623 2074 655 2109; x_wconf 78' lang='lat' dir='ltr'>zu</span> <span class='ocrx_word' id='word_1_153' title='bbox 673 2055 801 2126; x_wconf 74' lang='lat' dir='ltr'>drinqen,</span> <span class='ocrx_word' id='word_1_154' title='bbox 821 2073 851 2108; x_wconf 86' lang='lat' dir='ltr'>er</span> <span class='ocrx_word' id='word_1_155' title='bbox 868 2056 958 2109; x_wconf 81' lang='lat' dir='ltr'><strong><em>werde</em></strong></span> <span class='ocrx_word' id='word_1_156' title='bbox 975 2053 1028 2108; x_wconf 83' lang='lat' dir='ltr'>idm</span> <span class='ocrx_word' id='word_1_157' title='bbox 1047 2054 1114 2110; x_wconf 80' lang='lat' dir='ltr'>nard</span> <span class='ocrx_word' id='word_1_158' title='bbox 1127 2053 1269 2108; x_wconf 76' lang='lat' dir='ltr'>Raciteir</span> 
     </span>
     <span class='ocr_line' id='line_1_18' title="bbox 385 2141 960 2198; baseline 0 -2"><span class='ocrx_word' id='word_1_159' title='bbox 385 2144 477 2198; x_wconf 82' lang='lat' dir='ltr'>ceiner</span> <span class='ocrx_word' id='word_1_160' title='bbox 489 2146 573 2197; x_wconf 72' lang='lat' dir='ltr'>Botere</span> <span class='ocrx_word' id='word_1_161' title='bbox 585 2145 677 2196; x_wconf 78' lang='lat' dir='ltr'>erineo</span> <span class='ocrx_word' id='word_1_162' title='bbox 696 2143 792 2198; x_wconf 72' lang='lat' dir='ltr'>Wa&#39;llm</span> <span class='ocrx_word' id='word_1_163' title='bbox 805 2142 878 2198; x_wconf 80' lang='lat' dir='ltr'>lund</span> <span class='ocrx_word' id='word_1_164' title='bbox 889 2141 960 2196; x_wconf 78' lang='lat' dir='ltr'>idun.</span> 
     </span>
    </p>
   </div>
   <div class='ocr_carea' id='block_1_10' title="bbox 63 2241 1274 4264">
    <p class='ocr_par' dir='ltr' id='par_1_10' title="bbox 158 2241 604 2312">
     <span class='ocr_line' id='line_1_19' title="bbox 158 2241 604 2312; baseline -0.002 -16"><span class='ocrx_word' id='word_1_165' title='bbox 158 2243 303 2304; x_wconf 87' lang='lat' dir='ltr'>Bodmann‚</span> <span class='ocrx_word' id='word_1_166' title='bbox 317 2259 343 2312; x_wconf 90' lang='lat' dir='ltr'>p.</span> <span class='ocrx_word' id='word_1_167' title='bbox 359 2243 385 2297; x_wconf 82' lang='lat'>8.</span> <span class='ocrx_word' id='word_1_168' title='bbox 399 2243 509 2305; x_wconf 91' lang='lat' dir='ltr'>Stobbe,</span> <span class='ocrx_word' id='word_1_169' title='bbox 522 2259 546 2294; x_wconf 91' lang='lat' dir='ltr'>n.</span> <span class='ocrx_word' id='word_1_170' title='bbox 560 2241 604 2295; x_wconf 80' lang='lat'>72.</span> 
     </span>
    </p>

    <p class='ocr_par' dir='ltr' id='par_1_11' title="bbox 63 2349 1274 4264">
     <span class='ocr_line' id='line_1_20' title="bbox 160 2349 1269 2414; baseline -0.002 -2"><span class='ocrx_word' id='word_1_171' title='bbox 160 2351 390 2414; x_wconf 87' lang='lat' dir='ltr'>Delectabiliter</span> <span class='ocrx_word' id='word_1_172' title='bbox 417 2350 551 2414; x_wconf 80' lang='lat' dir='ltr'>introivit</span> <span class='ocrx_word' id='word_1_173' title='bbox 579 2351 609 2412; x_wconf 93' lang='lat' dir='ltr'>in</span> <span class='ocrx_word' id='word_1_174' title='bbox 639 2350 748 2412; x_wconf 88' lang='lat' dir='ltr'>mentis</span> <span class='ocrx_word' id='word_1_175' title='bbox 775 2356 879 2414; x_wconf 90' lang='lat' dir='ltr'>nostre</span> <span class='ocrx_word' id='word_1_176' title='bbox 907 2349 1103 2412; x_wconf 88' lang='lat' dir='ltr'>secretarium</span> <span class='ocrx_word' id='word_1_177' title='bbox 1130 2350 1209 2413; x_wconf 89' lang='lat' dir='ltr'>lecta</span> <span class='ocrx_word' id='word_1_178' title='bbox 1238 2355 1269 2410; x_wconf 92' lang='lat' dir='ltr'>et</span> 
     </span>
     <span class='ocr_line' id='line_1_21' title="bbox 63 2456 1267 2540; baseline -0.002 -20"><span class='ocrx_word' id='word_1_179' title='bbox 63 2459 187 2540; x_wconf 91' lang='lat' dir='ltr'>plenius</span> <span class='ocrx_word' id='word_1_180' title='bbox 199 2458 352 2521; x_wconf 88' lang='lat' dir='ltr'>intellecta</span> <span class='ocrx_word' id='word_1_181' title='bbox 365 2465 493 2529; x_wconf 89' lang='lat' dir='ltr'>tuarum,</span> <span class='ocrx_word' id='word_1_182' title='bbox 507 2477 581 2540; x_wconf 90' lang='lat' dir='ltr'>quas</span> <span class='ocrx_word' id='word_1_183' title='bbox 594 2457 680 2519; x_wconf 92' lang='lat' dir='ltr'>nobis</span> <span class='ocrx_word' id='word_1_184' title='bbox 693 2458 813 2529; x_wconf 87' lang='lat' dir='ltr'>misisti,</span> <span class='ocrx_word' id='word_1_185' title='bbox 828 2458 967 2522; x_wconf 91' lang='lat' dir='ltr'>dulcitlua</span> <span class='ocrx_word' id='word_1_186' title='bbox 979 2459 1074 2520; x_wconf 91' lang='lat' dir='ltr'>series</span> <span class='ocrx_word' id='word_1_187' title='bbox 1091 2456 1267 2520; x_wconf 88' lang='lat' dir='ltr'>litterarum.</span> 
     </span>
     <span class='ocr_line' id='line_1_22' title="bbox 65 2565 1271 2650; baseline -0.002 -22"><span class='ocrx_word' id='word_1_188' title='bbox 65 2566 204 2647; x_wconf 79' lang='lat' dir='ltr'>Quarum</span> <span class='ocrx_word' id='word_1_189' title='bbox 219 2566 340 2650; x_wconf 89' lang='lat' dir='ltr'>quidem</span> <span class='ocrx_word' id='word_1_190' title='bbox 352 2565 497 2647; x_wconf 85' lang='lat' dir='ltr'>irriguum</span> <span class='ocrx_word' id='word_1_191' title='bbox 511 2587 547 2628; x_wconf 91' lang='lat' dir='ltr'>eo</span> <span class='ocrx_word' id='word_1_192' title='bbox 560 2566 752 2629; x_wconf 91' lang='lat' dir='ltr'>verisimilius</span> <span class='ocrx_word' id='word_1_193' title='bbox 768 2587 803 2628; x_wconf 83' lang='lat' dir='ltr'>ex</span> <span class='ocrx_word' id='word_1_194' title='bbox 815 2567 913 2629; x_wconf 84' lang='lat' dir='ltr'>votive</span> <span class='ocrx_word' id='word_1_195' title='bbox 929 2565 998 2628; x_wconf 92' lang='lat' dir='ltr'>lidei</span> <span class='ocrx_word' id='word_1_196' title='bbox 1015 2572 1106 2647; x_wconf 90' lang='lat' dir='ltr'>puteo</span> <span class='ocrx_word' id='word_1_197' title='bbox 1125 2565 1271 2628; x_wconf 79' lang='lat' dir='ltr'>scaturire</span> 
     </span>
     <span class='ocr_line' id='line_1_23' title="bbox 63 2673 1272 2756; baseline 0 -20"><span class='ocrx_word' id='word_1_198' title='bbox 63 2673 298 2756; x_wconf 79' lang='lat' dir='ltr'>perpendimus,</span> <span class='ocrx_word' id='word_1_199' title='bbox 315 2693 373 2756; x_wconf 90' lang='lat' dir='ltr'>quo</span> <span class='ocrx_word' id='word_1_200' title='bbox 390 2675 572 2745; x_wconf 88' lang='lat' dir='ltr'>servencius,</span> <span class='ocrx_word' id='word_1_201' title='bbox 590 2693 710 2756; x_wconf 90' lang='lat' dir='ltr'>quoque</span> <span class='ocrx_word' id='word_1_202' title='bbox 726 2674 873 2755; x_wconf 89' lang='lat' dir='ltr'>placidius</span> <span class='ocrx_word' id='word_1_203' title='bbox 890 2675 920 2737; x_wconf 93' lang='lat' dir='ltr'>in</span> <span class='ocrx_word' id='word_1_204' title='bbox 937 2673 1106 2736; x_wconf 91' lang='lat' dir='ltr'>huiusmodi</span> <span class='ocrx_word' id='word_1_205' title='bbox 1122 2673 1272 2745; x_wconf 80' lang='lat' dir='ltr'>illectivis,</span> 
     </span>
     <span class='ocr_line' id='line_1_24' title="bbox 68 2782 1271 2864; baseline -0.001 -21"><span class='ocrx_word' id='word_1_206' title='bbox 68 2782 161 2844; x_wconf 92' lang='lat' dir='ltr'>nullis</span> <span class='ocrx_word' id='word_1_207' title='bbox 170 2782 319 2845; x_wconf 90' lang='lat' dir='ltr'>instancie</span> <span class='ocrx_word' id='word_1_208' title='bbox 327 2788 429 2846; x_wconf 90' lang='lat' dir='ltr'>nostre</span> <span class='ocrx_word' id='word_1_209' title='bbox 436 2782 682 2864; x_wconf 89' lang='lat' dir='ltr'>prevenientibus</span> <span class='ocrx_word' id='word_1_210' title='bbox 696 2782 839 2854; x_wconf 88' lang='lat' dir='ltr'>suadelis,</span> <span class='ocrx_word' id='word_1_211' title='bbox 853 2783 891 2845; x_wconf 91' lang='lat' dir='ltr'>ad</span> <span class='ocrx_word' id='word_1_212' title='bbox 904 2789 1006 2846; x_wconf 88' lang='lat' dir='ltr'>nostre</span> <span class='ocrx_word' id='word_1_213' title='bbox 1020 2782 1114 2864; x_wconf 85' lang='lat' dir='ltr'>glorie</span> <span class='ocrx_word' id='word_1_214' title='bbox 1122 2783 1271 2844; x_wconf 92' lang='lat' dir='ltr'>cumulum</span> 
     </span>
     <span class='ocr_line' id='line_1_25' title="bbox 66 2889 1270 2971; baseline -0.001 -19"><span class='ocrx_word' id='word_1_215' title='bbox 66 2889 297 2970; x_wconf 86' lang='lat' dir='ltr'>adaugendum,</span> <span class='ocrx_word' id='word_1_216' title='bbox 315 2889 352 2952; x_wconf 89' lang='lat' dir='ltr'>ad</span> <span class='ocrx_word' id='word_1_217' title='bbox 369 2892 489 2953; x_wconf 92' lang='lat' dir='ltr'>oculum</span> <span class='ocrx_word' id='word_1_218' title='bbox 504 2896 535 2953; x_wconf 92' lang='lat' dir='ltr'>te</span> <span class='ocrx_word' id='word_1_219' title='bbox 551 2890 686 2953; x_wconf 91' lang='lat' dir='ltr'>videmus</span> <span class='ocrx_word' id='word_1_220' title='bbox 705 2910 879 2971; x_wconf 80' lang='lat' dir='ltr'>assurgere,</span> <span class='ocrx_word' id='word_1_221' title='bbox 897 2891 966 2953; x_wconf 90' lang='lat' dir='ltr'>dum</span> <span class='ocrx_word' id='word_1_222' title='bbox 984 2891 1021 2954; x_wconf 92' lang='lat' dir='ltr'>ad</span> <span class='ocrx_word' id='word_1_223' title='bbox 1039 2891 1156 2954; x_wconf 93' lang='lat' dir='ltr'>unionis</span> <span class='ocrx_word' id='word_1_224' title='bbox 1174 2890 1270 2952; x_wconf 83' lang='lat' dir='ltr'>amice</span> 
     </span>
     <span class='ocr_line' id='line_1_26' title="bbox 64 2996 1271 3080; baseline 0 -21"><span class='ocrx_word' id='word_1_225' title='bbox 64 2996 267 3059; x_wconf 89' lang='lat' dir='ltr'>concordiam</span> <span class='ocrx_word' id='word_1_226' title='bbox 296 3016 363 3059; x_wconf 90' lang='lat' dir='ltr'>cnm</span> <span class='ocrx_word' id='word_1_227' title='bbox 386 2996 492 3061; x_wconf 86' lang='lat' dir='ltr'>illustri</span> <span class='ocrx_word' id='word_1_228' title='bbox 515 2998 552 3060; x_wconf 92' lang='lat' dir='ltr'>N.</span> <span class='ocrx_word' id='word_1_229' title='bbox 581 2997 768 3062; x_wconf 80' lang='lat' dir='ltr'>familiariter</span> <span class='ocrx_word' id='word_1_230' title='bbox 790 2997 949 3061; x_wconf 90' lang='lat' dir='ltr'>ineundam</span> <span class='ocrx_word' id='word_1_231' title='bbox 978 3019 1034 3080; x_wconf 89' lang='lat' dir='ltr'>per</span> <span class='ocrx_word' id='word_1_232' title='bbox 1055 3004 1085 3062; x_wconf 89' lang='lat' dir='ltr'>te</span> <span class='ocrx_word' id='word_1_233' title='bbox 1107 3004 1169 3061; x_wconf 91' lang='lat' dir='ltr'>tam</span> <span class='ocrx_word' id='word_1_234' title='bbox 1198 3017 1271 3060; x_wconf 90' lang='lat' dir='ltr'>con-</span> 
     </span>
     <span class='ocr_line' id='line_1_27' title="bbox 67 3082 1272 3191; baseline -0.002 -22"><span class='ocrx_word' id='word_1_235' title='bbox 67 3106 161 3169; x_wconf 90' lang='lat' dir='ltr'>sultis</span> <span class='ocrx_word' id='word_1_236' title='bbox 185 3105 226 3191; x_wconf 83' lang='lat' dir='ltr'>a)</span> <span class='ocrx_word' id='word_1_237' title='bbox 248 3082 441 3169; x_wconf 79' lang='lat' dir='ltr'>instinctibus</span> <span class='ocrx_word' id='word_1_238' title='bbox 469 3107 638 3169; x_wconf 87' lang='lat' dir='ltr'>invitamur.</span> <span class='ocrx_word' id='word_1_239' title='bbox 676 3107 776 3188; x_wconf 89' lang='lat' dir='ltr'>Super</span> <span class='ocrx_word' id='word_1_240' title='bbox 804 3126 862 3189; x_wconf 89' lang='lat' dir='ltr'>quo</span> <span class='ocrx_word' id='word_1_241' title='bbox 885 3108 987 3190; x_wconf 90' lang='lat' dir='ltr'>utique</span> <span class='ocrx_word' id='word_1_242' title='bbox 1009 3113 1070 3170; x_wconf 87' lang='lat' dir='ltr'>tam</span> <span class='ocrx_word' id='word_1_243' title='bbox 1093 3111 1218 3187; x_wconf 89' lang='lat' dir='ltr'>accepto</span> <span class='ocrx_word' id='word_1_244' title='bbox 1242 3111 1272 3168; x_wconf 90' lang='lat' dir='ltr'>et</span> 
     </span>
     <span class='ocr_line' id='line_1_28' title="bbox 64 3213 1272 3296; baseline 0 -20"><span class='ocrx_word' id='word_1_245' title='bbox 64 3221 129 3276; x_wconf 88' lang='lat' dir='ltr'>tam</span> <span class='ocrx_word' id='word_1_246' title='bbox 146 3219 249 3294; x_wconf 84' lang='lat' dir='ltr'>grato,</span> <span class='ocrx_word' id='word_1_247' title='bbox 266 3214 346 3296; x_wconf 88' lang='lat' dir='ltr'>quod</span> <span class='ocrx_word' id='word_1_248' title='bbox 363 3213 449 3276; x_wconf 90' lang='lat' dir='ltr'>nobis</span> <span class='ocrx_word' id='word_1_249' title='bbox 466 3213 526 3275; x_wconf 94' lang='lat' dir='ltr'>iam</span> <span class='ocrx_word' id='word_1_250' title='bbox 544 3213 718 3295; x_wconf 89' lang='lat' dir='ltr'>inpendisti,</span> <span class='ocrx_word' id='word_1_251' title='bbox 735 3215 879 3296; x_wconf 91' lang='lat' dir='ltr'>obsequio</span> <span class='ocrx_word' id='word_1_252' title='bbox 893 3220 995 3296; x_wconf 85' lang='lat' dir='ltr'>grates</span> <span class='ocrx_word' id='word_1_253' title='bbox 1011 3215 1065 3277; x_wconf 88' lang='lat' dir='ltr'>tibi</span> <span class='ocrx_word' id='word_1_254' title='bbox 1083 3214 1272 3278; x_wconf 87' lang='lat' dir='ltr'>multimodas</span> 
     </span>
     <span class='ocr_line' id='line_1_29' title="bbox 67 3321 1272 3409; baseline 0.001 -26"><span class='ocrx_word' id='word_1_255' title='bbox 67 3321 283 3392; x_wconf 87' lang='lat' dir='ltr'>exsolventes,</span> <span class='ocrx_word' id='word_1_256' title='bbox 312 3321 478 3385; x_wconf 90' lang='lat' dir='ltr'>sinceritati</span> <span class='ocrx_word' id='word_1_257' title='bbox 501 3328 550 3384; x_wconf 90' lang='lat' dir='ltr'>tue</span> <span class='ocrx_word' id='word_1_258' title='bbox 573 3323 764 3403; x_wconf 90' lang='lat' dir='ltr'>presencium</span> <span class='ocrx_word' id='word_1_259' title='bbox 788 3324 866 3385; x_wconf 90' lang='lat' dir='ltr'>serie</span> <span class='ocrx_word' id='word_1_260' title='bbox 885 3325 923 3409; x_wconf 82' lang='lat' dir='ltr'>d)</span> <span class='ocrx_word' id='word_1_261' title='bbox 947 3324 1152 3394; x_wconf 89' lang='lat' dir='ltr'>declaramus,</span> <span class='ocrx_word' id='word_1_262' title='bbox 1181 3322 1272 3405; x_wconf 90' lang='lat' dir='ltr'>quod,</span> 
     </span>
     <span class='ocr_line' id='line_1_30' title="bbox 70 3429 1272 3512; baseline 0.001 -23"><span class='ocrx_word' id='word_1_263' title='bbox 70 3429 149 3490; x_wconf 90' lang='lat' dir='ltr'>licet</span> <span class='ocrx_word' id='word_1_264' title='bbox 181 3435 336 3510; x_wconf 88' lang='lat' dir='ltr'>promptus</span> <span class='ocrx_word' id='word_1_265' title='bbox 368 3435 471 3492; x_wconf 92' lang='lat' dir='ltr'>nostro</span> <span class='ocrx_word' id='word_1_266' title='bbox 500 3429 621 3491; x_wconf 90' lang='lat' dir='ltr'>culmini</span> <span class='ocrx_word' id='word_1_267' title='bbox 652 3429 693 3492; x_wconf 91' lang='lat' dir='ltr'>sit</span> <span class='ocrx_word' id='word_1_268' title='bbox 724 3432 839 3492; x_wconf 91' lang='lat' dir='ltr'>animus</span> <span class='ocrx_word' id='word_1_269' title='bbox 869 3451 936 3493; x_wconf 93' lang='lat' dir='ltr'>cum</span> <span class='ocrx_word' id='word_1_270' title='bbox 967 3430 1103 3512; x_wconf 88' lang='lat' dir='ltr'>predicto</span> <span class='ocrx_word' id='word_1_271' title='bbox 1134 3430 1272 3511; x_wconf 92' lang='lat' dir='ltr'>principe</span> 
     </span>
     <span class='ocr_line' id='line_1_31' title="bbox 69 3537 1272 3620; baseline -0.002 -18"><span class='ocrx_word' id='word_1_272' title='bbox 69 3537 241 3602; x_wconf 90' lang='lat' dir='ltr'>concordie</span> <span class='ocrx_word' id='word_1_273' title='bbox 272 3543 374 3600; x_wconf 89' lang='lat' dir='ltr'>mutue</span> <span class='ocrx_word' id='word_1_274' title='bbox 406 3538 512 3600; x_wconf 83' lang='lat' dir='ltr'>federa</span> <span class='ocrx_word' id='word_1_275' title='bbox 544 3539 753 3610; x_wconf 87' lang='lat' dir='ltr'>contrahendi,</span> <span class='ocrx_word' id='word_1_276' title='bbox 782 3559 875 3620; x_wconf 91' lang='lat' dir='ltr'>super</span> <span class='ocrx_word' id='word_1_277' title='bbox 906 3557 941 3602; x_wconf 90' lang='lat' dir='ltr'>eo</span> <span class='ocrx_word' id='word_1_278' title='bbox 973 3544 1073 3601; x_wconf 89' lang='lat' dir='ltr'>tamen</span> <span class='ocrx_word' id='word_1_279' title='bbox 1103 3557 1200 3620; x_wconf 90' lang='lat' dir='ltr'>nsque</span> <span class='ocrx_word' id='word_1_280' title='bbox 1233 3537 1272 3600; x_wconf 90' lang='lat' dir='ltr'>ad</span> 
     </span>
     <span class='ocr_line' id='line_1_32' title="bbox 65 3644 1272 3728; baseline -0.002 -20"><span class='ocrx_word' id='word_1_281' title='bbox 65 3645 251 3709; x_wconf 90' lang='lat' dir='ltr'>nunciorum</span> <span class='ocrx_word' id='word_1_282' title='bbox 275 3651 445 3708; x_wconf 91' lang='lat' dir='ltr'>nostrorum</span> <span class='ocrx_word' id='word_1_283' title='bbox 468 3644 630 3715; x_wconf 89' lang='lat' dir='ltr'>redditum,</span> <span class='ocrx_word' id='word_1_284' title='bbox 652 3665 727 3728; x_wconf 90' lang='lat' dir='ltr'>quos</span> <span class='ocrx_word' id='word_1_285' title='bbox 750 3645 788 3707; x_wconf 91' lang='lat' dir='ltr'>ad</span> <span class='ocrx_word' id='word_1_286' title='bbox 811 3647 901 3708; x_wconf 88' lang='lat' dir='ltr'>talem</span> <span class='ocrx_word' id='word_1_287' title='bbox 922 3647 1020 3708; x_wconf 92' lang='lat' dir='ltr'>locum</span> <span class='ocrx_word' id='word_1_288' title='bbox 1043 3645 1189 3716; x_wconf 88' lang='lat' dir='ltr'>misimus,</span> <span class='ocrx_word' id='word_1_289' title='bbox 1212 3665 1272 3707; x_wconf 95' lang='lat' dir='ltr'>non</span> 
     </span>
     <span class='ocr_line' id='line_1_33' title="bbox 64 3751 1272 3835; baseline -0.001 -20"><span class='ocrx_word' id='word_1_290' title='bbox 64 3771 234 3835; x_wconf 88' lang='lat' dir='ltr'>possumus</span> <span class='ocrx_word' id='word_1_291' title='bbox 250 3751 305 3815; x_wconf 90' lang='lat' dir='ltr'>tibi</span> <span class='ocrx_word' id='word_1_292' title='bbox 322 3751 448 3815; x_wconf 88' lang='lat' dir='ltr'>finaliter</span> <span class='ocrx_word' id='word_1_293' title='bbox 464 3755 665 3834; x_wconf 88' lang='lat' dir='ltr'>respondere,</span> <span class='ocrx_word' id='word_1_294' title='bbox 695 3753 748 3816; x_wconf 91' lang='lat' dir='ltr'>sed</span> <span class='ocrx_word' id='word_1_295' title='bbox 765 3773 831 3815; x_wconf 85' lang='lat' dir='ltr'>mox</span> <span class='ocrx_word' id='word_1_296' title='bbox 846 3753 979 3815; x_wconf 89' lang='lat' dir='ltr'>reversis</span> <span class='ocrx_word' id='word_1_297' title='bbox 996 3751 1129 3821; x_wconf 89' lang='lat' dir='ltr'>eisdem,</span> <span class='ocrx_word' id='word_1_298' title='bbox 1156 3752 1272 3833; x_wconf 85' lang='lat' dir='ltr'>pande-</span> 
     </span>
     <span class='ocr_line' id='line_1_34' title="bbox 65 3855 1272 3943; baseline -0.002 -19"><span class='ocrx_word' id='word_1_299' title='bbox 65 3873 136 3924; x_wconf 84' lang='lat' dir='ltr'>mus</span> <span class='ocrx_word' id='word_1_300' title='bbox 165 3858 223 3920; x_wconf 87' lang='lat' dir='ltr'>tibi</span> <span class='ocrx_word' id='word_1_301' title='bbox 245 3867 336 3938; x_wconf 84' lang='lat' dir='ltr'>super</span> <span class='ocrx_word' id='word_1_302' title='bbox 363 3860 422 3921; x_wconf 92' lang='lat' dir='ltr'>hoc</span> <span class='ocrx_word' id='word_1_303' title='bbox 450 3867 552 3923; x_wconf 89' lang='lat' dir='ltr'>nostre</span> <span class='ocrx_word' id='word_1_304' title='bbox 580 3861 802 3943; x_wconf 87' lang='lat' dir='ltr'>beneplacitum</span> <span class='ocrx_word' id='word_1_305' title='bbox 829 3855 1007 3930; x_wconf 88' lang='lat' dir='ltr'>voluntatis,</span> <span class='ocrx_word' id='word_1_306' title='bbox 1036 3879 1151 3922; x_wconf 91' lang='lat' dir='ltr'>summo</span> <span class='ocrx_word' id='word_1_307' title='bbox 1180 3879 1272 3940; x_wconf 90' lang='lat' dir='ltr'>opere</span> 
     </span>
     <span class='ocr_line' id='line_1_35' title="bbox 66 3966 1274 4050; baseline -0.003 -19"><span class='ocrx_word' id='word_1_308' title='bbox 66 3967 231 4048; x_wconf 90' lang='lat' dir='ltr'>cupientes</span> <span class='ocrx_word' id='word_1_309' title='bbox 256 3972 286 4026; x_wconf 89' lang='lat' dir='ltr'>ct</span> <span class='ocrx_word' id='word_1_310' title='bbox 306 3966 474 4029; x_wconf 89' lang='lat' dir='ltr'>invariabili</span> <span class='ocrx_word' id='word_1_311' title='bbox 497 3969 595 4030; x_wconf 90' lang='lat' dir='ltr'>animo</span> <span class='ocrx_word' id='word_1_312' title='bbox 618 3968 831 4050; x_wconf 89' lang='lat' dir='ltr'>disponentes,</span> <span class='ocrx_word' id='word_1_313' title='bbox 855 3967 935 4050; x_wconf 87' lang='lat' dir='ltr'>quod</span> <span class='ocrx_word' id='word_1_314' title='bbox 958 3968 1023 4050; x_wconf 84' lang='lat' dir='ltr'>ipsa</span> <span class='ocrx_word' id='word_1_315' title='bbox 1047 3967 1224 4038; x_wconf 88' lang='lat' dir='ltr'>concordia,</span> <span class='ocrx_word' id='word_1_316' title='bbox 1247 3968 1274 4028; x_wconf 89' lang='lat' dir='ltr'>si</span> 
     </span>
     <span class='ocr_line' id='line_1_36' title="bbox 66 4061 1273 4158; baseline -0.002 -22"><span class='ocrx_word' id='word_1_317' title='bbox 66 4075 175 4157; x_wconf 91' lang='lat' dir='ltr'>placet</span> <span class='ocrx_word' id='word_1_318' title='bbox 190 4073 222 4134; x_wconf 94' lang='lat' dir='ltr'>in</span> <span class='ocrx_word' id='word_1_319' title='bbox 240 4072 369 4134; x_wconf 85' lang='lat' dir='ltr'>excelsis</span> <span class='ocrx_word' id='word_1_320' title='bbox 385 4074 541 4147; x_wconf 89' lang='lat' dir='ltr'>altissimo,</span> <span class='ocrx_word' id='word_1_321' title='bbox 558 4061 608 4139; x_wconf 85' lang='lat' dir='ltr'>tue</span> <span class='ocrx_word' id='word_1_322' title='bbox 627 4076 853 4158; x_wconf 90' lang='lat' dir='ltr'>cooperacionis</span> <span class='ocrx_word' id='word_1_323' title='bbox 872 4081 903 4138; x_wconf 91' lang='lat' dir='ltr'>et</span> <span class='ocrx_word' id='word_1_324' title='bbox 917 4076 1113 4137; x_wconf 88' lang='lat' dir='ltr'>mediacionis</span> <span class='ocrx_word' id='word_1_325' title='bbox 1129 4075 1273 4137; x_wconf 89' lang='lat' dir='ltr'>instinctu</span> 
     </span>
     <span class='ocr_line' id='line_1_37' title="bbox 67 4179 971 4264; baseline -0.001 -19"><span class='ocrx_word' id='word_1_326' title='bbox 67 4190 99 4245; x_wconf 87' lang='lat' dir='ltr'>et</span> <span class='ocrx_word' id='word_1_327' title='bbox 117 4188 170 4244; x_wconf 90' lang='lat' dir='ltr'>tua</span> <span class='ocrx_word' id='word_1_328' title='bbox 187 4179 336 4242; x_wconf 86' lang='lat' dir='ltr'>industria</span> <span class='ocrx_word' id='word_1_329' title='bbox 351 4181 556 4263; x_wconf 89' lang='lat' dir='ltr'>principaliter</span> <span class='ocrx_word' id='word_1_330' title='bbox 573 4189 603 4247; x_wconf 91' lang='lat' dir='ltr'>et</span> <span class='ocrx_word' id='word_1_331' title='bbox 620 4183 764 4264; x_wconf 90' lang='lat' dir='ltr'>precipue</span> <span class='ocrx_word' id='word_1_332' title='bbox 781 4185 971 4244; x_wconf 83' lang='lat' dir='ltr'>reformetur.</span> 
     </span>
    </p>
   </div>
   <div class='ocr_carea' id='block_1_11' title="bbox 165 4304 1273 4378">
    <p class='ocr_par' dir='ltr' id='par_1_12' title="bbox 165 4304 1273 4378">
     <span class='ocr_line' id='line_1_38' title="bbox 165 4304 1273 4378; baseline 0.002 -20"><span class='ocrx_word' id='word_1_333' title='bbox 165 4304 278 4358; x_wconf 83' lang='lat' dir='ltr'>flcziebt</span> <span class='ocrx_word' id='word_1_334' title='bbox 290 4304 350 4358; x_wconf 86' lang='lat' dir='ltr'>sich</span> <span class='ocrx_word' id='word_1_335' title='bbox 364 4306 500 4361; x_wconf 91' lang='lat' dir='ltr'>violleicht</span> <span class='ocrx_word' id='word_1_336' title='bbox 515 4309 564 4360; x_wconf 83' lang='lat' dir='ltr'>aus</span> <span class='ocrx_word' id='word_1_337' title='bbox 576 4308 620 4361; x_wconf 84' lang='lat' dir='ltr'>dic</span> <span class='ocrx_word' id='word_1_338' title='bbox 634 4306 830 4378; x_wconf 82' lang='lat' dir='ltr'>Vermittelung</span> <span class='ocrx_word' id='word_1_339' title='bbox 845 4309 892 4361; x_wconf 82' lang='lat' dir='ltr'>des</span> <span class='ocrx_word' id='word_1_340' title='bbox 906 4307 1068 4362; x_wconf 82' lang='lat' dir='ltr'>Biindnisscs</span> <span class='ocrx_word' id='word_1_341' title='bbox 1082 4307 1129 4359; x_wconf 93' lang='lat' dir='ltr'>mit</span> <span class='ocrx_word' id='word_1_342' title='bbox 1143 4307 1204 4360; x_wconf 92' lang='lat' dir='ltr'>dem</span> <span class='ocrx_word' id='word_1_343' title='bbox 1218 4307 1273 4360; x_wconf 82' lang='grc' dir='ltr'>Κό-</span> 
     </span>
    </p>
   </div>
   <div class='ocr_carea' id='block_1_12' title="bbox 69 4393 813 4553">
    <p class='ocr_par' dir='ltr' id='par_1_13' title="bbox 69 4393 813 4553">
     <span class='ocr_line' id='line_1_39' title="bbox 69 4393 813 4465; baseline 0.005 -19"><span class='ocrx_word' id='word_1_344' title='bbox 69 4398 115 4465; x_wconf 77' lang='lat' dir='ltr'>nig</span> <span class='ocrx_word' id='word_1_345' title='bbox 129 4395 236 4464; x_wconf 88' lang='lat' dir='ltr'>Philipp</span> <span class='ocrx_word' id='word_1_346' title='bbox 251 4393 294 4446; x_wconf 88' lang='lat' dir='ltr'>Ill.</span> <span class='ocrx_word' id='word_1_347' title='bbox 307 4410 357 4446; x_wconf 85' lang='lat' dir='ltr'>ron</span> <span class='ocrx_word' id='word_1_348' title='bbox 371 4396 390 4447; x_wconf 84' lang='lat' dir='ltr'>F</span> <span class='ocrx_word' id='word_1_349' title='bbox 392 4397 541 4450; x_wconf 82' lang='lat' dir='ltr'>rankreich.</span> <span class='ocrx_word' id='word_1_350' title='bbox 555 4398 584 4450; x_wconf 89' lang='lat' dir='ltr'>S.</span> <span class='ocrx_word' id='word_1_351' title='bbox 598 4399 665 4451; x_wconf 88' lang='lat' dir='ltr'>oben</span> <span class='ocrx_word' id='word_1_352' title='bbox 679 4397 707 4449; x_wconf 87' lang='lat' dir='ltr'>S.</span> <span class='ocrx_word' id='word_1_353' title='bbox 719 4395 773 4450; x_wconf 83' lang='lat'>225</span> <span class='ocrx_word' id='word_1_354' title='bbox 788 4399 813 4450; x_wconf 84' lang='lat' dir='ltr'>d&#39;.</span> 
     </span>
     <span class='ocr_line' id='line_1_40' title="bbox 168 4480 811 4553; baseline 0.008 -21"><span class='ocrx_word' id='word_1_355' title='bbox 168 4482 203 4549; x_wconf 84' lang='lat' dir='ltr'>a)</span> <span class='ocrx_word' id='word_1_356' title='bbox 218 4480 385 4534; x_wconf 88' lang='lat' dir='ltr'>consultibus</span> <span class='ocrx_word' id='word_1_357' title='bbox 399 4483 426 4535; x_wconf 90' lang='lat' dir='ltr'>Z.</span> <span class='ocrx_word' id='word_1_358' title='bbox 441 4513 477 4523; x_wconf 98' lang='lat'><strong>—</strong></span> <span class='ocrx_word' id='word_1_359' title='bbox 490 4483 522 4553; x_wconf 82' lang='lat' dir='ltr'>b)</span> <span class='ocrx_word' id='word_1_360' title='bbox 536 4484 607 4537; x_wconf 89' lang='lat' dir='ltr'>serie</span> <span class='ocrx_word' id='word_1_361' title='bbox 622 4501 662 4536; x_wconf 91' lang='lat' dir='ltr'>am</span> <span class='ocrx_word' id='word_1_362' title='bbox 675 4483 768 4537; x_wconf 83' lang='lat' dir='ltr'>Raude</span> <span class='ocrx_word' id='word_1_363' title='bbox 781 4484 811 4537; x_wconf 84' lang='lat' dir='ltr'>V.</span> 
     </span>
    </p>
   </div>
   <div class='ocr_carea' id='block_1_13' title="bbox 0 0 1562 5118">
    <p class='ocr_par' dir='ltr' id='par_1_14' title="bbox 0 0 1562 5118">
     <span class='ocr_line' id='line_1_41' title="bbox 0 0 1562 5118; baseline 0 0"><span class='ocrx_word' id='word_1_364' title='bbox 0 0 1562 5118; x_wconf 95' lang='lat' dir='ltr'> </span> 
     </span>
    </p>
   </div>
  </div>
 </body>
</html>
