3108 5118
655 705 717 778 da.

454 881 646 944 Romanorum
665 899 716 943 rex
733 881 907 960 apostolico.

641 1038 721 1090 1279.

72 1178 165 1250 Konip
179 1179 286 1250 liudolf
304 1179 387 1232 donia
408 1182 467 1233 dem
486 1183 585 1250 Papate
598 1182 727 1235 Nicotaus
740 1183 786 1234 ΙΙΙ.
810 1180 904 1250 dulor,
928 1179 993 1233 duae
1017 1197 1046 1232 er
1070 1177 1114 1231 ibn
1137 1177 1165 1231 in
1183 1177 1275 1230 arinen

71 1267 176 1322 Sabata
199 1270 257 1322 rand
288 1269 361 1323 aeine
386 1271 469 1322 dunat
494 1268 694 1340 aafyenomnren
719 1271 776 1324 und
800 1271 865 1324 daea
890 1287 919 1322 er
936 1268 1020 1337 jeder
1043 1264 1274 1337 deaurabipenden

76 1358 217 1412 Vardacbt
238 1377 327 1430 saepen
344 1362 393 1414 dee
412 1359 565 1414 Verbaltcne
587 1362 635 1415 dcc
654 1361 756 1431 ffdnipr
775 1362 843 1414 Karl
860 1377 911 1414 voa
931 1358 1041 1414 Sicilien
1059 1358 1173 1428 eraserat
1190 1355 1275 1420 bcde;

70 1466 104 1500 cr
116 1449 201 1502 oeldo!
213 1451 289 1502 welle
302 1451 352 1505 dua
361 1457 426 1520 pute
439 1447 645 1504 dinvmebmen
659 1450 706 1504 mit
711 1449 802 1519 jerem
817 1450 921 1522 Kdnipe
934 1448 1086 1518 defectiqen.
1104 1445 1275 1516 Gleicbzeita'p

72 1535 148 1591 diuet
172 1555 202 1590 er
224 1538 275 1591 den
298 1539 389 1608 Papat,
412 1539 463 1592 den
486 1539 532 1592 mir
554 1541 604 1592 der
624 1540 819 1610 Kreuzpredc'yt
840 1539 867 1593 in
889 1538 1072 1592 Deutcrbland
1089 1536 1275 1608 beauftraqten

301 1626 561 1698 Predr'permd'ncben
572 1635 717 1698 qrdaeeren
730 1626 809 1698 Effer
822 1626 1049 1700 anzuempfeblen.

173 1767 295 1831 Grande
326 1769 554 1851 multiplicatum
582 1771 622 1856 α)
654 1771 796 1853 gandium
828 1772 859 1833 in
890 1770 941 1832 tilii
975 1770 1075 1833 devoti
1107 1768 1276 1850 precordiis

71 1875 183 1938 crebra
207 1877 328 1958 pietatis
351 1884 475 1959 paterne
503 1879 667 1950 levamina,
695 1879 803 1962 quibus
832 1899 886 1941 nos
915 1878 1025 1959 iugiter
1047 1875 1275 1940 consolaciones

71 1990 178 2046 vestre
195 1984 351 2056 letificant‚
367 1986 444 2058 imo,
460 2006 570 2068 pavore
589 1988 667 2048 onrni
684 1988 868 2068 postposito,
897 2008 951 2049 nos
969 1987 1074 2067 spiritu
1091 1984 1274 2048 fortitudinis

72 2092 287 2155 fecundarunt.
320 2095 353 2155 ln
375 2094 434 2156 boc
457 2114 530 2156 sane
548 2115 644 2176 nuper
662 2093 747 2156 nobis
767 2094 938 2174 benignitas
956 2094 994 2177 d)
1010 2093 1141 2173 graciosi
1165 2111 1275 2154 conso-

73 2200 182 2264 latoris
196 2201 344 2281 apparuit,
358 2203 448 2284 quod,
462 2204 709 2284 quemadmodum
721 2204 898 2267 honoratum
911 2206 1033 2267 fratrem
1049 2204 1085 2264 N.
1103 2206 1275 2264 narrantem

71 2309 292 2390 cognovimus,
321 2317 353 2374 ut
381 2313 479 2374 securi
508 2311 673 2375 efficiamur
701 2333 718 2375 a
746 2313 878 2396 qualibet
907 2334 978 2376 cura
1005 2311 1191 2382 formidinis,
1219 2329 1274 2372 nos

70 2415 129 2478 sub
160 2417 342 2498 specialibus
368 2419 422 2480 alis
445 2424 545 2482 vestre
568 2420 765 2500 protectionis
791 2427 821 2483 et
843 2422 1008 2502 apostolice
1038 2419 1139 2501 gracie
1168 2437 1276 2480 susee-

71 2524 178 2608 pistis,
202 2525 271 2589 data
295 2526 381 2589 nobis
404 2527 614 2590 nichilominus
631 2528 709 2591 bona
727 2531 792 2610 spei
808 2529 928 2600 fiducia,
952 2529 1033 2612 quod
1058 2529 1102 2592 de
1124 2527 1273 2608 inclyto

69 2653 168 2715 rege
193 2634 343 2715 Sycilie
368 2635 506 2717 quitquid
529 2636 661 2718 vulgaris
686 2636 786 2718 opinio
809 2639 963 2720 predicet,
992 2637 1129 2720 quitquid
1156 2635 1274 2717 privata

73 2741 237 2824 suggestio
270 2743 422 2814 suadeat,
454 2743 533 2806 nulla
565 2742 651 2806 nobis
684 2745 860 2808 meticulosa
892 2744 1024 2826 suspicio
1057 2744 1096 2807 sit
1123 2743 1271 2806 babenda.

75 2852 179 2931 Super
216 2849 325 2932 quibus
365 2850 467 2933 itaque
505 2851 633 2932 placidis
672 2853 905 2926 confortacionis
944 2859 1043 2919 vestre
1088 2852 1273 2926 dulcoribus,

71 2957 184 3039 quibus
204 2957 333 3020 delicate
349 2958 511 3031 relicimur,
537 2979 604 3022 cum
627 2982 685 3023 non
708 2961 748 3024 sit
771 2961 899 3024 humane
922 2961 1062 3043 potencie
1079 2959 1164 3021 vobis
1182 2960 1272 3040 digne

16 3131 19 3138 ,
69 3065 311 3146 regraciaeionis
337 3068 482 3148 applausu
506 3067 652 3131 decenter
674 3088 855 3149 assurgere,
877 3075 979 3132 nostre
1002 3087 1094 3131 causa
1115 3067 1274 3131 imbecilli-

68 3172 160 3242 tatis,
193 3173 285 3235 exiles
317 3174 401 3244 illas,
433 3194 507 3256 quas
539 3195 719 3256 possumus,
756 3177 934 3240 beatitudini
965 3184 1065 3241 vestre
1103 3176 1273 3258 graciarum

71 3281 254 3344 exsolvimus
276 3283 431 3352 actiones,
459 3284 593 3346 volentes
618 3286 724 3348 amodo
748 3285 803 3348 sub
820 3291 881 3348 tam
898 3285 954 3350 tuti
972 3285 1146 3348 defensione
1164 3283 1272 3365 clippei

71 3388 205 3450 militare
223 3387 358 3459 viriliter,
378 3394 408 3452 et
423 3390 592 3471 predictum
609 3412 737 3473 regern
756 3393 845 3473 Syci
856 3393 925 3462 lie,
941 3393 1099 3456 dummodo
1117 3392 1148 3453 in
1163 3391 1272 3454 vestris

71 3501 102 3558 et
134 3501 334 3559 sacrosancte
365 3497 469 3561 matris
502 3499 632 3561 ecclesie
665 3500 862 3581 beneplacitis
895 3507 1069 3582 perseveret
1101 3499 1271 3571 immobilis,

69 3624 145 3685 pure
179 3624 301 3686 semper
327 3603 535 3669 benivolencie
566 3608 664 3671 studio
697 3610 857 3690 prosequi,
889 3629 924 3670 ac
956 3610 1070 3672 alterne
1103 3609 1271 3673 dilectionis

70 3713 259 3794 amplexibus
292 3713 379 3775 nobis
411 3714 678 3778 indissociabiliter
710 3718 844 3780 counire.
883 3719 974 3781 Porro
1006 3724 1092 3799 pater
1123 3717 1272 3799 piissime,

70 3821 150 3903 quod
183 3826 267 3883 terre
301 3827 404 3884 sancte
436 3824 640 3896 necessitas,¹
666 3825 769 3895 cuius,
807 3831 840 3888 ut
871 3824 984 3895 nostis,
1015 3825 1269 3889 subvencionibus

70 3928 249 3991 devovimus
279 3928 410 3991 salvifice
439 3930 539 3993 crucis
569 3938 724 4013 assumpto
754 3932 928 4012 signaculo,
960 3953 1014 3994 nos
1043 3933 1168 4016 pervigil
1197 3953 1270 3996 cura

70 4037 215 4101 sollicitat
229 4044 260 4099 et
273 4037 454 4101 indesinenti
468 4039 618 4103 anxietate
631 4040 750 4121 fatigat,
766 4047 866 4104 vestre
879 4063 938 4105 non
952 4042 1099 4106 immerito
1112 4042 1269 4123 pandimus
1280 4077 1322 4121 Μ,
1331 4076 1356 4118 4,
1367 4081 1388 4119 g

69 4144 237 4216 sanctitati,
261 4146 341 4226 quod
365 4147 537 4226 predicacio
561 4149 660 4211 crucis
687 4154 789 4210 sancte
813 4169 868 4230 per
886 4149 1087 4230 Alymanniam
1104 4150 1269 4213 ministerio

68 4258 197 4317 fratrum
217 4252 440 4332 predicatorum
458 4258 487 4316 et
504 4255 650 4317 minorum
673 4275 732 4318 non
754 4256 799 4317 sic
822 4276 856 4317 ex
879 4257 969 4320 corde
999 4256 1154 4338 dirigitur,
1181 4264 1271 4338 prout

69 4359 238 4444 expediens
268 4359 455 4423 arbitramur.
489 4362 624 4433 ldcirco,
653 4363 678 4424 si
707 4363 786 4444 apud
815 4383 867 4424 vos
887 4364 936 4454 'sit
964 4364 1058 4427 visum
1077 4365 1269 4436 conveniens,

160 4486 196 4553 c)
213 4484 389 4553 multiplicant
404 4505 435 4540 zu
449 4488 530 4542 lesen.
547 4517 581 4527 -
595 4487 627 4551 d)
643 4487 811 4556 benignitatis
825 4489 852 4542 Z.
