3168 5124
331 328 355 402 4

316 522 458 590 persone
472 502 508 567 in
522 502 629 566 secroto
645 505 715 564 sunt
727 504 760 564 ut
770 500 968 582 imperatores
985 499 1193 584 cuiuscunque
1210 503 1281 564 sunt
1296 494 1479 562 conditionis
1497 497 1528 558 et

322 631 426 675 omnes
453 629 544 692 reges
572 610 724 681 coronati;
751 610 855 674 medie
870 631 952 678 ,vero
963 630 1106 696 persone
1126 614 1159 674 ut
1183 604 1527 696 ‹lucennarehionee

323 720 467 793 comites,
494 719 581 783 liberi
602 717 750 791 barones,
778 719 928 802 capitanei
956 717 1074 784 urbium
1098 724 1129 783 et
1152 738 1255 782 omnes
1276 716 1355 800 layci
1376 713 1527 778 babentes

320 829 495 913 dignitates,
512 836 545 894 ut
561 829 668 892 milites
686 829 837 911 simplices
859 830 906 892 vel
929 829 1011 893 eires
1035 829 1233 912 sollempnes;
1256 829 1359 896 minor
1377 845 1524 915 persono

321 941 483 1006 insecuto
506 944 539 1004 ut
559 944 745 1002 mercatores
767 945 798 1002 et
819 958 923 1002 omnes
946 939 1117 1002 consimiles
1147 944 1287 1003 carentes
1316 933 1527 1019 dignitatibus.

413 1067 445 1130 ln
480 1066 699 1150 cognoscendis
731 1066 825 1150 igitur
854 1067 959 1130 formis
991 1068 1121 1131 omniurn
1153 1067 1364 1132 salutationum
1396 1062 1530 1148 quedam

325 1182 477 1259 ponuntur
499 1177 548 1240 hic
575 1174 765 1260 preambula,
795 1176 1023 1258 diligentissime
1051 1197 1069 1239 a
1096 1177 1219 1241 notariis
1255 1174 1454 1240 observanda.
1489 1171 1530 1235 Et

325 1287 489 1351 notandum
511 1286 634 1370 quodsi
656 1307 712 1370 par
734 1287 799 1370 pari
822 1286 952 1360 scribat,
981 1306 1111 1370 persona
1134 1286 1308 1369 recipientis
1331 1283 1530 1368 preponitur:
1579 1311 1580 1370 p

326 1396 508 1479 exemplum:
532 1398 606 1461 Ven.
630 1397 662 1460 in
684 1397 804 1461 Christo
820 1397 899 1479 patri
922 1402 953 1461 et
975 1397 1093 1460 domino
1116 1397 1151 1459 H.
1168 1396 1225 1460 Dei
1242 1394 1340 1479 gratia
1356 1391 1528 1458 llostiensis
1579 1407 1580 1418 ³

322 1505 453 1569 ecclesie
485 1507 628 1589 episcopo
656 1507 689 1570 ll.
720 1506 826 1570 eadem
855 1506 953 1587 gratia
980 1506 1172 1570 Patariensis.
1199 1504 1330 1569 ecclesie
1365 1502 1530 1586 episcopus

324 1615 452 1678 salutern
480 1620 511 1679 et
538 1616 688 1679 sinceram
714 1616 746 1679 in
775 1615 894 1679 domino
922 1614 1089 1679 ceritatem.
1131 1614 1165 1679 Si
1192 1633 1263 1678 vero
1292 1613 1388 1676 maior
1419 1611 1531 1676 minori
1578 1599 1580 1608 ’

214 1799 217 1804 ⁴
323 1724 454 1798 scribat,
483 1747 537 1790 seu
562 1726 658 1790 minor
679 1726 795 1797 maiori,
817 1725 911 1788 maior
927 1745 1048 1809 semper
1063 1745 1193 1809 persona
1215 1725 1385 1808 prefertur,
1414 1729 1445 1787 et
1468 1723 1530 1786 boc

322 1833 486 1898 tenendum
509 1841 557 1899 est
580 1840 642 1899 tam
662 1836 693 1898 in
717 1835 821 1898 ordine
846 1834 1076 1907 ecclesiastico,
1098 1853 1188 1918 quam
1211 1835 1302 1898 etiam
1322 1817 1465 1898 seculari.
1485 1869 1530 1882 -

322 1944 396 2008 ltem
422 1945 543 2029 quidam
571 1945 673 2008 dicere
701 1945 874 2016 voluerunt,
902 1944 982 2028 quod
1006 1964 1075 2011 cum
1096 1944 1193 2007 minor
1214 1943 1320 2008 scribit
1343 1964 1399 2008 suo
1417 1943 1526 2007 maiori

324 2073 445 2137 semper
460 2052 570 2118 debeat
586 2055 724 2118 salutatio
738 2073 830 2117 causa
843 2053 1019 2117 excellentie
1031 2053 1163 2126 reticeri,
1182 2053 1263 2136 quod
1275 2073 1335 2117 non
1348 2059 1395 2118 est
1411 2073 1531 2126 verum,

325 2163 382 2227 nisi
403 2164 469 2237 ille,
498 2163 547 2227 cui
564 2163 721 2237 scribitur,
745 2165 785 2227 sit
801 2183 915 2250 summe
931 2164 1043 2236 maior,
1070 2169 1104 2227 ut
1126 2182 1194 2227 cum
1211 2164 1371 2248 episcopus
1388 2165 1436 2228 vel
1453 2164 1532 2228 alter

325 2275 496 2360 quicunque
525 2272 630 2337 scribit
657 2273 775 2336 domino
810 2293 905 2356 pape;
942 2273 968 2335 si
995 2278 1095 2337 autern
1122 2292 1253 2355 persona
1280 2274 1457 2356 recipientis
1491 2275 1532 2339 sit

323 2383 516 2447 mediocriter
536 2384 649 2455 maior,
671 2388 704 2447 ut
726 2383 752 2445 si
775 2381 881 2466 aliquis
906 2381 1067 2464 episcopus
1091 2381 1197 2446 scribit
1213 2402 1267 2447 suo
1284 2385 1526 2467 metropolitano,

326 2493 462 2556 salutatio
480 2511 613 2573 congrue
629 2497 730 2574 potest
745 2490 826 2573 poni,
843 2490 898 2553 sed
914 2490 1051 2572 inspecta
1067 2510 1150 2554 mera
1166 2493 1292 2556 veritate
1308 2511 1419 2576 papam
1437 2494 1527 2558 etiam

328 2602 455 2685 quisque
472 2603 601 2666 salutare
618 2608 737 2684 posset,
754 2601 779 2664 si
796 2620 855 2664 non
878 2621 949 2665 usus
972 2601 1156 2664 solummodo
1179 2609 1373 2686 repugnaret.
1392 2641 1438 2653 —
1455 2605 1528 2668 ltem

325 2712 351 2774 si
378 2711 538 2775 mediocris
562 2730 692 2792 persona
718 2730 773 2773 suo
801 2710 908 2773 minori
928 2711 1102 2793 scripserit,
1130 2711 1235 2775 modus
1263 2713 1321 2776 iste
1348 2713 1530 2798 relinquitur

323 2820 446 2885 arbitrio
471 2819 636 2883 dictatoris.
676 2820 750 2882 ltem
773 2818 822 2882 ubi
846 2821 975 2900 perfecti
1002 2819 1060 2883 sibi
1088 2821 1224 2887 scribunt
1250 2823 1379 2896 inimici,
1407 2843 1530 2908 semper

322 2949 453 3012 persona
468 2929 613 2994 mittentis
631 2929 824 3012 preponitur,
841 2915 930 3010 prout
945 2929 975 2992 in
992 2931 1095 2994 l'ormis
1111 2933 1322 2998 salutationum
1339 2933 1468 3016 patebit.
1485 2974 1527 2984 -

323 3040 413 3112 Noto,
437 3039 518 3123 quod
533 3039 628 3101 maior
644 3058 774 3120 persona
796 3037 826 3100 in
854 3038 934 3100 clero
952 3044 984 3101 et
1005 3046 1088 3102 extra
1111 3041 1224 3104 clerum
1248 3044 1284 3107 de
1309 3064 1342 3105 se
1360 3044 1449 3107 etde
1474 3065 1526 3109 suo

323 3151 388 3233 pari
418 3148 509 3213 debet
537 3148 638 3213 dicere
669 3149 699 3212 in
731 3148 909 3213 salutatione
933 3148 989 3211 [lei
1017 3151 1131 3231 gratia,
1160 3159 1285 3234 excepto
1309 3152 1428 3216 domino
1454 3173 1528 3236 apo·

322 3260 445 3331 stolico,
477 3259 527 3341 qni
559 3278 616 3321 nec
644 3257 681 3322 de
710 3279 744 3333 se
776 3276 834 3320 nec
867 3257 904 3319 de
936 3257 1001 3320 aliis
1034 3257 1107 3324 dicit
1137 3259 1193 3323 Dei
1232 3261 1349 3342 gratia;
1396 3264 1527 3346 quedam

318 3375 420 3434 tamen
447 3366 634 3432 consuetudo
661 3366 783 3431 inolevit
810 3369 890 3450 qnod
917 3370 981 3432 l'ere
1004 3389 1107 3433 omnes
1130 3370 1228 3434 medie
1252 3390 1382 3453 persone
1406 3372 1525 3436 tamin

323 3482 423 3552 clero,
451 3484 484 3543 nt
511 3477 637 3541 abbates
665 3477 834 3559 simplices,
863 3479 1024 3561 prepositi,
1054 3486 1084 3542 et
1110 3485 1193 3543 extra
1215 3480 1345 3554 clerum,
1374 3488 1409 3546 nt
1432 3483 1525 3548 duces

322 3597 352 3656 et
374 3589 579 3662 marchiones,
602 3589 640 3651 de
662 3609 695 3651 se
718 3587 852 3653 scribant
871 3589 947 3666 „Dei
969 3589 1100 3671 gratia“,
1128 3590 1235 3654 sedin
1258 3591 1317 3656 hoc
1334 3593 1525 3658 consuetudo

324 3701 382 3765 arti
398 3701 555 3785 prevaluit.

619 3960 727 4044 lnclplt
742 3960 839 4042 prino
853 3958 958 4025 tubulo
972 3960 1163 4026 salutationis
1179 3958 1229 4047 a),

412 4177 499 4243 Nunc
516 4177 673 4242 deformis
690 4178 900 4242 salutationum
924 4178 1115 4262 singulariter
1138 4185 1169 4243 et
1191 4179 1403 4263 exemplariter
1419 4181 1524 4246 videa·

322 4309 404 4364 mus,
432 4308 507 4373 quas
534 4307 590 4371 per
617 4288 748 4372 quinque
775 4287 892 4352 tabulas
919 4289 1054 4353 invenies
1080 4289 1130 4352 bic
1160 4289 1327 4355 distinctos.
1360 4292 1397 4355 ln
1426 4292 1523 4375 prima

320 4398 422 4463 tabula
444 4397 626 4471 ostenditur,
649 4399 778 4483 qualiter
798 4398 934 4463 dominns
955 4420 1035 4484 papa
1062 4397 1198 4468 omnibus
1227 4401 1335 4466 scribit
1361 4401 1521 4468 salutando

412 4563 447 4634 u)
460 4562 509 4618 Am
522 4562 613 4620 llaudc
627 4568 645 4623 1.
