3168 5124
343 603 445 672 lerna
462 591 677 690 appellarisne
693 589 730 666 al
746 587 913 665 torulum.

121 785 156 851 Α.
186 785 243 848 Dei
276 787 373 870 gratia
384 785 424 874 a)
440 783 508 850 talis
540 783 670 848 ecclesie
702 779 874 867 prepositus
900 781 1054 859 totumque
1086 766 1220 834 eiusdem

49 894 160 957 ecclesie
175 895 348 977 capitulum.
382 895 521 962 Scientes
544 914 599 958 nos
621 893 778 976 graveria
800 890 851 956 tali
874 888 992 955 dominc
1008 883 1076 950 talis
1092 873 1221 946 ecclesie

51 1003 174 1087 episcopo
185 1002 217 1066 in
231 1025 267 1068 eo
281 1006 371 1089 quod,
388 1005 565 1070 auctoritate
582 1022 637 1066 sua
653 1001 740 1067 nobis
756 1023 816 1067 nou
832 999 963 1066 exhibita
976 1015 1032 1061 nac
1044 1014 1099 1078 per
1111 985 1222 1055 domini

51 1129 111 1196 pape
124 1113 226 1176 literas
243 1133 301 1177 nec
317 1135 372 1197 per
387 1114 460 1178 alias
475 1114 673 1186 auctenticas‚
689 1131 743 1176 nos
760 1111 863 1176 citavit
877 1109 915 1173 ad
930 1109 996 1173 loca
1008 1100 1177 1188 periculosa
1192 1100 1224 1159 et

48 1229 240 1294 remotarum
256 1246 318 1288 non
334 1229 452 1290 constet
467 1223 570 1296 nobie,
592 1228 624 1287 ut
652 1221 787 1294 diximus,
810 1221 848 1284 de
864 1218 1041 1285 auctoritate
1065 1233 1128 1277 sua.
1151 1211 1225 1276 ltem

23 1387 24 1390 ,
49 1333 104 1418 quia
120 1335 303 1400 autenticum
320 1355 415 1409 suum,
433 1335 553 1419 siquod
576 1332 676 1406 habet,
705 1333 867 1398 clausulam
893 1352 952 1398 nou
980 1327 1114 1395 continet
1146 1341 1225 1401 „uon

48 1445 168 1509 obstante
199 1446 375 1513 conditione
404 1446 441 1510 de
470 1445 584 1508 duabus
614 1443 702 1510 dietis
737 1443 817 1510 edita
843 1443 875 1507 in
902 1440 1029 1508 concilio
1058 1436 1225 1522 generali“,

49 1576 122 1639 super
153 1556 211 1619 biis
239 1563 273 1623 et
300 1557 365 1621 aliis
393 1555 614 1640 gravaminibus
638 1556 675 1619 ad
700 1555 804 1620 sedem
827 1551 1021 1637 apostolicam
1043 1550 1225 1634 appellamus

49 1667 212 1750 etponimus
229 1689 289 1733 nos
307 1675 337 1734 et
353 1668 512 1732 ecclesiam
533 1672 666 1732 nostram
693 1666 749 1730 sub
765 1665 983 1749 protectionem
1006 1661 1115 1727 domini
1137 1679 1226 1744 pape,
1354 1697 1358 1704 ·

51 1779 240 1861 presignantes
274 1779 430 1844 terminum
446 1777 658 1862 appellacionis
686 1783 788 1842 nostre
817 1783 953 1842 octavam
980 1772 1060 1838 Petri
1088 1777 1119 1836 et
1144 1771 1226 1836 Pauli

51 1889 232 1971 apostolorum
251 1887 303 1975 b),

347 2095 450 2158 lem
466 2091 683 2178 appollnelenls
699 2093 765 2156 sine
780 2094 915 2157 termino.

121 2253 152 2316 Β.
171 2252 210 2339 e)
227 2253 290 2317 Dei
303 2253 405 2336 gracia
421 2253 489 2318 talis
506 2252 636 2317 ecclesie
653 2251 812 2336 episeopus
830 2252 960 2316 discreto
976 2251 1040 2314 viro
1052 2251 1084 2313 n.
1102 2216 1228 2315 briseta-

49 2360 121 2424 cione
137 2362 238 2427 divina
259 2362 327 2426 talis
343 2364 401 2427 loci
418 2363 572 2446 preposito
588 2383 625 2428 ac
641 2362 732 2426 iudici
750 2362 905 2444 delegato,
921 2362 1047 2425 salutem
1064 2363 1121 2422 etr.
1154 2356 1228 2420 Cum

48 2471 217 2535 uenerabiles
255 2477 368 2553 patres,
401 2472 536 2536 dominus
573 2470 843 2556 Magdeburgensis
876 2475 906 2534 et
935 2469 970 2533 H.
1003 2465 1228 2551 Herbipolensis

49 2579 164 2664 episcopi
193 2581 378 2646 auctoritate
406 2582 571 2666 apostolica
600 2582 805 2666 episcopatum
831 2580 919 2644 nobis
951 2577 1131 2645 contulerint
1145 2577 1228 2661 Mys-

47 2709 225 2764 sannensem‚
258 2712 296 2754 ne
319 2692 389 2776 quid
411 2713 428 2756 a
450 2691 534 2757 vobis
557 2693 603 2755 vel
627 2693 667 2780 d)
689 2692 726 2756 ab
744 2691 809 2756 aliis
830 2692 861 2754 in
886 2690 978 2755 nostri
999 2689 1072 2753 iuris
1092 2688 1228 2770 adtemp-

46 2803 113 2862 tetrn
127 2801 329 2884 preiudicium
344 2802 375 2866 in
391 2802 449 2867 hac
465 2809 567 2886 parte:
592 2803 734 2867 noveritis
751 2821 806 2867 nos
823 2804 853 2865 in
871 2802 908 2889 e)
925 2800 1046 2885 scriptis
1070 2797 1227 2863 adsedem

48 2913 225 2990 apostolicam
242 2914 423 2998 appellasse,
442 2934 530 3000 quam
547 2915 780 2998 appellacionem
798 2917 894 2981 eciam
911 2935 1012 2984 coram
1027 2914 1113 2981 vobis
1130 2913 1228 2979 denuo

50 3019 204 3100 profitemur
226 3020 277 3110 f).
716 3037 719 3045 ·

426 3228 580 3292 lrcetetns
597 3230 844 3294 executorlmn.

516 3357 674 3404 rosconmon
689 3359 731 3416 ρ).

123 3495 199 3559 Dum
215 3495 248 3560 in
265 3495 433 3561 donacione
449 3497 668 3580 prebendarum
684 3503 753 3580 post
769 3497 924 3581 petitorias
942 3496 1130 3562 executorias
1152 3514 1229 3579 papa

50 3599 108 3667 lare
134 3606 247 3676 soleat,
278 3605 438 3670 videndum
462 3614 525 3681 est,
554 3608 625 3691 quid
648 3608 687 3672 sit
703 3601 867 3674 caecator.
900 3608 1050 3672 Executor
1066 3606 1176 3671 dicitur
1193 3627 1229 3672 eo

49 3713 114 3792 quod
129 3713 193 3797 ipse
212 3720 377 3798 exequatur
394 3717 456 3780 sive
475 3718 553 3802 quod
570 3739 625 3802 per·
637 3738 703 3782 eum
716 3717 871 3781 sentencia
882 3717 929 3779 vel
941 3716 1053 3780 lactum
1066 3715 1228 3800 superioris

49 3819 165 3887 debitum
182 3823 335 3888 sorciatur
351 3824 499 3891 effectum.

121 3937 324 4001 Eceeaclores
339 3937 461 4003 domini
470 3961 563 4028 pape
577 3943 691 4026 largam
707 3940 820 4005 habent
830 3937 1083 4024 jurisdictionem,
1100 3961 1136 4005 eo
1149 3939 1229 4024 quod

49 4045 172 4111 scribitur
188 4048 233 4109 eis
249 4046 282 4110 in
297 4045 392 4111 literis
418 4070 492 4133 „per
514 4071 671 4116 censuram
695 4051 966 4121 ecclesiasticam“,
987 4068 1042 4132 per
1064 4070 1121 4134 que
1137 4050 1229 4115 verba

49 4151 93 4216 iria
107 4155 310 4240 intelliguntur
326 4157 483 4241 specialia:
508 4161 709 4234 interdictum,
727 4159 884 4244 suspensio
902 4163 932 4222 et
946 4159 1227 4225 excommunicacio.

48 4257 220 4329 Generaliter·
241 4272 342 4330 autem
371 4287 457 4331 omne
485 4269 517 4332 id
541 4271 619 4354 quod
648 4269 826 4335 auctoritate
850 4266 1058 4331 ecclesiastica
1080 4269 1229 4353 interponi

47 4371 121 4446 solet,
136 4373 260 4459 intelligi
278 4376 369 4442 debet
385 4378 423 4441 de
439 4377 611 4454 rebellibus,
628 4381 697 4465 quia
714 4385 872 4446 crescente
890 4380 1079 4444 contumacia
1096 4386 1153 4444 etc.

1239 4145 1283 4189 rol.
1290 4147 1315 4188 1³
1325 4148 1344 4186 b.

126 4539 158 4608 a)
180 4540 346 4596 miseratione
367 4541 454 4599 divina
477 4545 504 4599 Z.
520 4575 550 4588 -
566 4545 599 4616 b)
622 4561 664 4617 ap.
682 4548 804 4617 proximo
823 4562 894 4601 nnnc
914 4549 1059 4601 venturam.
1073 4546 1136 4600 unt.
1148 4546 1177 4600 Z.
1192 4573 1227 4591 -

45 4622 73 4691 ο)
84 4625 149 4683 cz.
161 4659 193 4672 -
204 4632 240 4702 a)
253 4635 337 4689 aasz.
350 4663 385 4676 -
397 4637 430 4705 e)
445 4637 470 4690 n
483 4637 534 4692 nors
546 4639 574 4693 z.
589 4667 622 4680 -
633 4638 666 4710 f)
681 4641 860 4709 precaremur
874 4639 934 4694 on.
945 4639 974 4692 z.
985 4637 1021 4710 φ)
1034 4636 1103 4692 nist.
1118 4637 1173 4693 ιιι.
1186 4637 1223 4693 v.
