3116 5124
294 349 367 440 102

376 523 449 592 Item
461 523 510 606 a).
523 523 588 587 Etsi
600 530 734 590 votorum
747 525 868 588 emissio
881 525 963 608 prins
978 545 1046 588 esse
1057 523 1169 587 habeat
1181 541 1217 584 ex
1228 519 1325 583 libera
1339 516 1489 602 quodam·

284 631 374 694 modo
382 632 533 722 voluntate
548 633 695 706 voventis,
703 640 803 697 tamen
809 653 904 716 usque
913 631 1163 696 adeonecessitas
1171 627 1492 712 obligatvoluntatem,

286 749 319 806 ut
335 744 399 806 sine
415 764 494 825 pena
510 743 612 807 subire
628 750 758 828 nequeat
773 744 926 826 penitudo,
940 741 1088 826 quoniam,
1101 741 1182 804 iuxta
1195 738 1348 822 eloquium
1366 735 1493 818 sapien-

288 850 344 938 tis,
359 850 499 934 displicet
509 851 573 914 Deo
589 853 747 934 promissio
760 850 887 915 infidelis
900 857 930 915 et
940 851 1025 913 ruina
1040 855 1086 913 est
1097 847 1194 912 anime
1207 851 1328 910 sanctos
1348 845 1494 908 devotare

287 965 317 1022 et
331 965 400 1023 vota
424 958 646 1042 quomodolibet
667 966 840 1024 retractare.
864 959 934 1022 ldeo
951 959 1001 1042 qui
1016 964 1105 1022 vovet
1119 957 1217 1021 votivo
1230 952 1321 1018 dehet
1334 951 1491 1016 desiderio

288 1068 416 1131 reddere
440 1068 558 1131 domino
574 1069 638 1131 Deo
655 1075 765 1142 votum,
782 1074 815 1132 ut
830 1068 868 1131 ad
885 1067 1024 1131 affectum
1041 1067 1152 1150 aliquid
1167 1063 1301 1128 adiciens
1318 1083 1379 1144 per
1397 1061 1490 1123 effec-

286 1181 360 1247 tunr,
379 1177 406 1237 ei
421 1175 541 1256 placere
557 1176 691 1257 incipiat,
713 1178 764 1259 qui
781 1197 834 1239 cor
848 1175 976 1239 hominis
992 1175 1089 1256 magis
1107 1193 1195 1256 quam
1210 1191 1332 1234 manum
1349 1170 1490 1232 noscitur

285 1290 453 1366 acceptare.

710 1431 752 1494 lle
768 1431 894 1497 colenda
910 1431 1056 1495 amicicia.

782 1553 908 1598 Distiuctio
921 1553 978 1598 XXI.

375 1652 545 1716 Recolenda
562 1658 632 1716 sunt
645 1651 803 1725 beneficia,
820 1652 928 1736 quibus
944 1652 1178 1736 multiplicantur
1191 1649 1292 1722 amici,
1306 1655 1339 1714 et
1350 1650 1404 1714 illa
1417 1669 1492 1732 pro·

289 1761 395 1844 cipue,
422 1782 480 1844 que
503 1763 540 1826 de
562 1763 664 1846 gracia
687 1763 888 1827 conferuntur.
914 1763 990 1826 Nam
1012 1761 1068 1824 etsi
1095 1767 1198 1825 tacere
1226 1760 1266 1824 sit
1287 1757 1492 1830 conferentis,

286 1870 464 1954 recipientis
480 1878 581 1936 tamen
597 1877 653 1943 est,
681 1872 762 1935 iuxta
790 1870 937 1954 sapientis
965 1869 1126 1954 eloquium,
1142 1870 1242 1934 multis
1270 1872 1494 1952 perceptorum
1557 1896 1558 1943 1

284 1977 499 2042 beneficiorum
515 1979 728 2061 gratitudinem
745 1999 894 2042 enarrare.

372 2088 447 2150 ltem
464 2087 515 2174 a).
542 2087 688 2168 Quoniam
710 2108 768 2173 que
791 2109 851 2151 non
873 2088 1017 2151 excolitur
1038 2087 1175 2150 amicicia
1192 2085 1312 2151 subbito
1327 2089 1362 2168 b)
1383 2091 1498 2148 couta-
1556 2116 1558 2190 q

281 2195 391 2268 hescit,
407 2196 611 2259 necessarium
626 2195 705 2258 inter
720 2199 832 2260 amicos
850 2217 917 2260 esse
934 2196 1109 2268 dinoscitur,
1124 2195 1332 2259 indesinenter
1345 2193 1496 2257 relativi³
1553 2200 1558 2309 q

286 2325 354 2368 sese
371 2303 529 2368 affectibus
546 2306 714 2386 prevenire.
1551 2312 1558 2413 Ι

374 2418 449 2479 Item
461 2418 509 2496 a).
534 2415 573 2476 Et
594 2415 708 2477 racioni
731 2435 897 2496 congruum
919 2420 950 2478 et
966 2413 1184 2478 consuetudini
1208 2413 1355 2496 sapientis
1374 2413 1500 2484 alludit,
1551 2412 1558 2547 i

284 2529 319 2587 ut
340 2523 503 2586 amicorum
531 2528 696 2612 cognoscat
723 2523 865 2594 intencio,
895 2542 954 2605 que
980 2523 1063 2586 Deus
1086 2521 1273 2603 omnipotens
1302 2521 1392 2584 circa
1422 2541 1498 2585 suos

288 2631 417 2696 dilectos
433 2630 546 2710 iugiter
562 2631 679 2695 ordinat
694 2636 725 2693 et
740 2633 871 2695 metitur.
898 2631 954 2712 Qui
971 2631 1050 2694 enim
1067 2636 1136 2694 sunt
1156 2631 1188 2693 in
1204 2631 1369 2694 dilectione
1386 2631 1499 2712 preci-

284 2739 338 2822 pui
351 2743 397 2821 c),
411 2738 522 2800 debent
539 2739 668 2801 omnium
684 2741 847 2820 participes
863 2739 1000 2811 inveniri,
1017 2740 1183 2820 gaudentes
1196 2739 1312 2820 pariter
1324 2739 1351 2801 si
1364 2741 1497 2804 veniant

290 2866 447 2932 prospera,
470 2845 547 2907 etsi
570 2847 743 2927 contingant
755 2851 792 2930 d)
815 2848 940 2910 adversa
964 2847 1111 2931 equaliter
1132 2846 1347 2918 condolentes;
1365 2847 1498 2930 indigne

288 2956 409 3041 quidem
425 2954 462 3018 ad
480 2955 590 3036 gaudia
607 2955 736 3027 ducitur,
759 2957 895 3039 quicum
916 2977 969 3020 suo
993 2957 1101 3020 dilecto
1125 2956 1235 3019 doloris
1257 2955 1417 3020 sarcinam
1436 2977 1497 3021 non

284 3064 407 3128 metitur
423 3071 453 3127 et
468 3063 600 3127 indebite
625 3063 722 3127 eidem
744 3065 945 3129 communicat
960 3063 992 3126 in
1006 3049 1171 3148 prosperis,
1193 3066 1244 3150 qui
1261 3065 1498 3130 communicare

287 3172 344 3234 sibi
361 3171 460 3234 renuit
475 3173 506 3234 in
521 3172 656 3235 adversis
670 3171 718 3254 e).

375 3282 455 3346 item
462 3284 508 3362 c).
516 3281 613 3342 Habet
621 3281 678 3343 hoc
685 3281 838 3362 proprium
850 3279 1015 3343 amicabilis
1030 3281 1210 3362 integritatis
1225 3281 1403 3384 sinceritas,
1411 3291 1450 3348 ut
1455 3285 1499 3373 f)

293 3391 454 3452 amicorum
467 3390 543 3452 alter
554 3389 676 3453 alterius
690 3410 780 3453 onera
793 3390 910 3461 subeat,
923 3409 979 3452 uec
992 3391 1106 3453 recolat
1118 3391 1143 3453 si
1156 3391 1315 3474 aliquando
1327 3396 1501 3477 pungitur,

287 3520 345 3561 uec
373 3499 485 3581 cogitet
511 3498 622 3562 inferre
644 3498 751 3562 similia
772 3499 831 3561 hiis
854 3519 912 3582 que
943 3499 1072 3581 patitur,
1100 3499 1278 3586 studeatque
1300 3502 1443 3568 tolerare
1465 3505 1498 3568 iu

288 3610 395 3692 spiritu
409 3610 552 3691 patientie
569 3610 650 3695 quod
664 3611 801 3674 insertur.

377 3752 411 3820 a)
426 3753 459 3804 ad
472 3752 541 3804 idern
553 3754 581 3806 Z.
595 3781 630 3792 -
643 3753 674 3821 b)
690 3752 796 3806 subdito
814 3754 843 3807 V.
856 3781 892 3792 —
906 3753 937 3822 e)
955 3753 1106 3824 principum
1124 3753 1151 3807 Z.
1165 3781 1200 3792 —
1213 3753 1248 3822 d)
1262 3755 1434 3826 contingant
1449 3775 1494 3813 am

288 3845 392 3906 Raude,
404 3861 455 3896 vou
468 3843 580 3895 anderen
592 3843 665 3894 Haud
679 3844 709 3896 V.
723 3872 756 3881 —
770 3843 801 3911 c)
815 3844 842 3897 Z.
855 3843 920 3896 ltem
933 3845 967 3896 ad
979 3843 1056 3897 idem.
1082 3845 1140 3897 Nou
1154 3842 1210 3897 veri
1224 3844 1301 3897 amici
1321 3848 1495 3901 vocabulum

287 3936 316 3988 in
328 3952 358 3988 se
370 3935 460 3992 habet,
474 3933 520 4003 qui
530 3932 614 3986 amico
627 3950 676 3986 suo
689 3937 809 4002 ternpore
821 3934 987 3988 necessitatis
997 3933 1154 3988 beneficium
1164 3933 1299 3990 subtrahit
1312 3947 1496 3995 consuetum.
1553 3926 1558 4014 l

287 4027 354 4080 Nam
377 4024 420 4077 ubi
439 4023 603 4092 diligentium
622 4023 688 4076 fides
707 4024 894 4094 cognoscitur,
916 4024 952 4077 ibi
970 4027 1092 4094 profecto
1109 4025 1227 4078 fidelium
1245 4026 1394 4082 sinceritas
1408 4028 1497 4085 iuno·
1554 4024 1558 4105 j

288 4117 377 4171 tescit.
403 4115 478 4168 Licet
496 4114 578 4183 igitur
598 4114 742 4185 diligentes
761 4115 815 4168 siut
834 4114 912 4168 utiles
930 4115 1076 4179 exclusive,
1098 4117 1225 4171 inclusive
1245 4121 1336 4171 tamen
1356 4119 1495 4175 utiliores
1555 4110 1558 4195 q

289 4211 360 4268 suut,
373 4208 432 4261 dum
440 4205 609 4260 adversitatis
620 4208 743 4276 tempore
756 4205 879 4258 videntur
891 4206 1032 4276 plurimum
1042 4209 1220 4268 conferentes,
1234 4209 1343 4278 quando
1359 4209 1500 4266 videlicet
1556 4227 1558 4281 l

289 4298 346 4351 ficti
359 4297 490 4352 tolluntur
503 4296 644 4358 demedio,
659 4303 689 4349 et
700 4297 754 4349 veri
768 4297 801 4348 ad
815 4298 899 4350 miuus
911 4303 1066 4367 permanent
1078 4297 1104 4351 iu
1118 4300 1216 4351 oculto.
1237 4298 1315 4352 Sicut
1328 4300 1402 4354 euim
1416 4303 1498 4358 venti
1557 4320 1558 4375 q

289 4388 412 4459 impulsio
430 4388 533 4458 paleam
551 4391 678 4459 segregat
691 4403 705 4439 a
719 4385 862 4449 frumento,
884 4387 923 4440 sic
942 4389 1106 4440 adversantis
1119 4387 1227 4442 fortune
1240 4391 1396 4460 percussio,
1418 4410 1495 4463 pec·
1557 4388 1558 4465 l

289 4481 358 4535 toris
383 4478 576 4551 quodammodo
609 4476 750 4549 pandendo
781 4481 924 4541 secretum,
949 4477 1125 4550 inperfectum
1155 4478 1300 4548 diligenter
1330 4487 1456 4554 separat
1481 4504 1497 4541 ι

291 4573 421 4643 perfecto.
435 4601 469 4612 -
481 4570 513 4641 f)
527 4573 556 4623 ut
569 4587 610 4623 am
623 4567 715 4624 Raude
727 4567 757 4622 V.
