<?xml version="1.0" encoding="UTF-8"?>
<!DOCTYPE html PUBLIC "-//W3C//DTD XHTML 1.0 Transitional//EN"
    "http://www.w3.org/TR/xhtml1/DTD/xhtml1-transitional.dtd">
<html xmlns="http://www.w3.org/1999/xhtml" xml:lang="en" lang="en">
 <head>
  <title>
</title>
<meta http-equiv="Content-Type" content="text/html;charset=utf-8" />
  <meta name='ocr-system' content='tesseract 3.04.00' />
  <meta name='ocr-capabilities' content='ocr_page ocr_carea ocr_par ocr_line ocrx_word'/>
</head>
<body>
  <div class='ocr_page' id='page_1' title='image "./fontesrerumaust01kommgoog_0477.png"; bbox 0 0 3096 5128; ppageno 0'>
   <div class='ocr_carea' id='block_1_1' title="bbox 684 575 1008 820">
    <p class='ocr_par' dir='ltr' id='par_1_1' title="bbox 684 575 1008 820">
     <span class='ocr_line' id='line_1_1' title="bbox 818 575 880 645; baseline -0.032 0"><span class='ocrx_word' id='word_1_1' title='bbox 818 575 880 645; x_wconf 77' lang='lat' dir='ltr'><strong>lo.</strong></span> 
     </span>
     <span class='ocr_line' id='line_1_2' title="bbox 684 752 1008 820; baseline -0.009 -2"><span class='ocrx_word' id='word_1_2' title='bbox 684 752 781 819; x_wconf 83' lang='lat' dir='ltr'><strong>litera</strong></span> <span class='ocrx_word' id='word_1_3' title='bbox 797 753 1008 820; x_wconf 78' lang='lat' dir='ltr'><strong>dllldoelenis.</strong></span> 
     </span>
    </p>
   </div>
   <div class='ocr_carea' id='block_1_2' title="bbox 249 913 1455 2101">
    <p class='ocr_par' dir='ltr' id='par_1_2' title="bbox 249 913 1455 2101">
     <span class='ocr_line' id='line_1_3' title="bbox 340 913 1446 1000; baseline -0.005 -18"><span class='ocrx_word' id='word_1_4' title='bbox 340 917 485 982; x_wconf 85' lang='lat' dir='ltr'><strong>Rudollus</strong></span> <span class='ocrx_word' id='word_1_5' title='bbox 501 918 557 981; x_wconf 89' lang='lat' dir='ltr'><strong>Dei</strong></span> <span class='ocrx_word' id='word_1_6' title='bbox 571 918 675 1000; x_wconf 88' lang='lat' dir='ltr'><strong>gracia</strong></span> <span class='ocrx_word' id='word_1_7' title='bbox 692 922 750 981; x_wconf 87' lang='lat' dir='ltr'><strong>etc.</strong></span> <span class='ocrx_word' id='word_1_8' title='bbox 769 964 776 980; x_wconf 92' lang='lat'><strong>.</strong></span> <span class='ocrx_word' id='word_1_9' title='bbox 795 965 803 981; x_wconf 90' lang='lat'><strong>.</strong></span> <span class='ocrx_word' id='word_1_10' title='bbox 821 917 899 982; x_wconf 88' lang='lat' dir='ltr'><strong>Duci</strong></span> <span class='ocrx_word' id='word_1_11' title='bbox 915 915 1040 980; x_wconf 80' lang='lat' dir='ltr'><strong>bavarie</strong></span> <span class='ocrx_word' id='word_1_12' title='bbox 1055 914 1276 1000; x_wconf 77' lang='lat' dir='ltr'><strong>indignacionis</strong></span> <span class='ocrx_word' id='word_1_13' title='bbox 1298 913 1446 997; x_wconf 86' lang='lat' dir='ltr'><strong>spiritum</strong></span> 
     </span>
     <span class='ocr_line' id='line_1_4' title="bbox 249 1024 1450 1111; baseline -0.002 -21"><span class='ocrx_word' id='word_1_14' title='bbox 249 1045 304 1111; x_wconf 87' lang='lat' dir='ltr'><strong>pro</strong></span> <span class='ocrx_word' id='word_1_15' title='bbox 321 1027 427 1091; x_wconf 89' lang='lat' dir='ltr'><strong>salute.</strong></span> <span class='ocrx_word' id='word_1_16' title='bbox 446 1026 523 1110; x_wconf 85' lang='lat' dir='ltr'><strong>Quia</strong></span> <span class='ocrx_word' id='word_1_17' title='bbox 539 1047 630 1110; x_wconf 89' lang='lat' dir='ltr'><strong>super</strong></span> <span class='ocrx_word' id='word_1_18' title='bbox 646 1026 762 1090; x_wconf 91' lang='lat' dir='ltr'><strong>iniuriis</strong></span> <span class='ocrx_word' id='word_1_19' title='bbox 778 1031 808 1090; x_wconf 90' lang='lat' dir='ltr'><strong>et</strong></span> <span class='ocrx_word' id='word_1_20' title='bbox 824 1024 1059 1111; x_wconf 84' lang='lat' dir='ltr'><strong>gravaminibus,</strong></span> <span class='ocrx_word' id='word_1_21' title='bbox 1082 1024 1190 1108; x_wconf 88' lang='lat' dir='ltr'><strong>quibus</strong></span> <span class='ocrx_word' id='word_1_22' title='bbox 1207 1043 1263 1088; x_wconf 92' lang='lat' dir='ltr'><strong>nos</strong></span> <span class='ocrx_word' id='word_1_23' title='bbox 1286 1029 1318 1088; x_wconf 91' lang='lat' dir='ltr'><strong>et</strong></span> <span class='ocrx_word' id='word_1_24' title='bbox 1337 1029 1450 1088; x_wconf 86' lang='lat' dir='ltr'><strong>terras</strong></span> 
     </span>
     <span class='ocr_line' id='line_1_5' title="bbox 249 1131 1450 1219; baseline -0.005 -17"><span class='ocrx_word' id='word_1_25' title='bbox 249 1141 369 1202; x_wconf 86' lang='lat' dir='ltr'><strong>nostras</strong></span> <span class='ocrx_word' id='word_1_26' title='bbox 385 1134 471 1201; x_wconf 82' lang='lat' dir='ltr'><strong>uobis</strong></span> <span class='ocrx_word' id='word_1_27' title='bbox 488 1138 647 1218; x_wconf 88' lang='lat' dir='ltr'><strong>contiguas</strong></span> <span class='ocrx_word' id='word_1_28' title='bbox 662 1154 821 1219; x_wconf 79' lang='lat' dir='ltr'><strong>perperam</strong></span> <span class='ocrx_word' id='word_1_29' title='bbox 844 1134 996 1198; x_wconf 79' lang='lat' dir='ltr'><strong>lacessitis</strong></span> <span class='ocrx_word' id='word_1_30' title='bbox 1018 1153 1074 1196; x_wconf 92' lang='lat' dir='ltr'><strong>nec</strong></span> <span class='ocrx_word' id='word_1_31' title='bbox 1097 1133 1242 1197; x_wconf 81' lang='lat' dir='ltr'><strong>lacessire</strong></span> <span class='ocrx_word' id='word_1_32' title='bbox 1259 1131 1400 1198; x_wconf 89' lang='lat' dir='ltr'><strong>desinitis</strong></span> <span class='ocrx_word' id='word_1_33' title='bbox 1417 1133 1450 1196; x_wconf 91' lang='lat' dir='ltr'><strong>in</strong></span> 
     </span>
     <span class='ocr_line' id='line_1_6' title="bbox 250 1240 1450 1328; baseline -0.006 -17"><span class='ocrx_word' id='word_1_34' title='bbox 250 1246 344 1311; x_wconf 90' lang='lat' dir='ltr'><strong>nostri</strong></span> <span class='ocrx_word' id='word_1_35' title='bbox 356 1245 477 1311; x_wconf 91' lang='lat' dir='ltr'><strong>honoris</strong></span> <span class='ocrx_word' id='word_1_36' title='bbox 486 1245 675 1328; x_wconf 82' lang='lat' dir='ltr'><strong>dispendium</strong></span> <span class='ocrx_word' id='word_1_37' title='bbox 686 1251 716 1310; x_wconf 86' lang='lat' dir='ltr'><strong>et</strong></span> <span class='ocrx_word' id='word_1_38' title='bbox 722 1246 879 1317; x_wconf 87' lang='lat' dir='ltr'><strong>iacturam,</strong></span> <span class='ocrx_word' id='word_1_39' title='bbox 887 1243 1045 1326; x_wconf 90' lang='lat' dir='ltr'><strong>hucusque</strong></span> <span class='ocrx_word' id='word_1_40' title='bbox 1057 1243 1145 1307; x_wconf 88' lang='lat' dir='ltr'><strong>incu</strong></span> <span class='ocrx_word' id='word_1_41' title='bbox 1154 1243 1172 1306; x_wconf 93' lang='lat' dir='ltr'><strong>d</strong></span> <span class='ocrx_word' id='word_1_42' title='bbox 1180 1243 1212 1306; x_wconf 91' lang='lat' dir='ltr'><strong>is</strong></span> <span class='ocrx_word' id='word_1_43' title='bbox 1225 1240 1450 1326; x_wconf 85' lang='lat' dir='ltr'><strong>quodammodo</strong></span> 
     </span>
     <span class='ocr_line' id='line_1_7' title="bbox 250 1339 1452 1440; baseline -0.007 -20"><span class='ocrx_word' id='word_1_44' title='bbox 250 1353 670 1440; x_wconf 89' lang='lat' dir='ltr'><strong>pacienciampretendimus.</strong></span> <span class='ocrx_word' id='word_1_45' title='bbox 688 1375 766 1419; x_wconf 90' lang='lat' dir='ltr'><strong>nunc</strong></span> <span class='ocrx_word' id='word_1_46' title='bbox 783 1359 885 1419; x_wconf 90' lang='lat' dir='ltr'><strong>autem</strong></span> <span class='ocrx_word' id='word_1_47' title='bbox 902 1353 940 1416; x_wconf 96' lang='lat' dir='ltr'><strong>ad</strong></span> <span class='ocrx_word' id='word_1_48' title='bbox 955 1351 1153 1416; x_wconf 91' lang='lat' dir='ltr'><strong>redibendam</strong></span> <span class='ocrx_word' id='word_1_49' title='bbox 1165 1351 1274 1416; x_wconf 87' lang='lat' dir='ltr'><strong>vestris</strong></span> <span class='ocrx_word' id='word_1_50' title='bbox 1285 1339 1452 1414; x_wconf 85' lang='lat' dir='ltr'><strong>insultibus</strong></span> 
     </span>
     <span class='ocr_line' id='line_1_8' title="bbox 252 1459 1454 1551; baseline -0.006 -23"><span class='ocrx_word' id='word_1_51' title='bbox 252 1463 468 1551; x_wconf 80' lang='lat' dir='ltr'><strong>quantamlibet</strong></span> <span class='ocrx_word' id='word_1_52' title='bbox 479 1465 620 1528; x_wconf 92' lang='lat' dir='ltr'><strong>talionem</strong></span> <span class='ocrx_word' id='word_1_53' title='bbox 632 1463 758 1527; x_wconf 90' lang='lat' dir='ltr'><strong>mallei</strong></span> <span class='ocrx_word' id='word_1_54' title='bbox 776 1459 907 1526; x_wconf 84' lang='lat' dir='ltr'><strong>officium</strong></span> <span class='ocrx_word' id='word_1_55' title='bbox 918 1481 1094 1545; x_wconf 77' lang='lat' dir='ltr'><strong>presumere</strong></span> <span class='ocrx_word' id='word_1_56' title='bbox 1108 1461 1314 1543; x_wconf 86' lang='lat' dir='ltr'><strong>disponentes,</strong></span> <span class='ocrx_word' id='word_1_57' title='bbox 1327 1459 1367 1522; x_wconf 94' lang='lat' dir='ltr'><strong>ad</strong></span> <span class='ocrx_word' id='word_1_58' title='bbox 1378 1478 1454 1542; x_wconf 91' lang='lat' dir='ltr'><strong>pro-</strong></span> 
     </span>
     <span class='ocr_line' id='line_1_9' title="bbox 251 1572 1454 1663; baseline -0.007 -23"><span class='ocrx_word' id='word_1_59' title='bbox 251 1577 423 1663; x_wconf 91' lang='lat' dir='ltr'><strong>pellendum</strong></span> <span class='ocrx_word' id='word_1_60' title='bbox 446 1581 548 1639; x_wconf 82' lang='lat' dir='ltr'><strong>vestra</strong></span> <span class='ocrx_word' id='word_1_61' title='bbox 569 1575 690 1639; x_wconf 89' lang='lat' dir='ltr'><strong>hostilia</strong></span> <span class='ocrx_word' id='word_1_62' title='bbox 713 1572 870 1637; x_wconf 87' lang='lat' dir='ltr'><strong>conamina</strong></span> <span class='ocrx_word' id='word_1_63' title='bbox 893 1573 972 1636; x_wconf 83' lang='lat' dir='ltr'><strong>vires</strong></span> <span class='ocrx_word' id='word_1_64' title='bbox 997 1577 1028 1635; x_wconf 90' lang='lat' dir='ltr'><strong>et</strong></span> <span class='ocrx_word' id='word_1_65' title='bbox 1049 1572 1165 1636; x_wconf 90' lang='lat' dir='ltr'><strong>animos</strong></span> <span class='ocrx_word' id='word_1_66' title='bbox 1189 1589 1332 1635; x_wconf 86' lang='lat' dir='ltr'><strong>acuemus</strong></span> <span class='ocrx_word' id='word_1_67' title='bbox 1350 1575 1381 1632; x_wconf 91' lang='lat' dir='ltr'><strong>et</strong></span> <span class='ocrx_word' id='word_1_68' title='bbox 1396 1589 1454 1652; x_wconf 93' lang='lat' dir='ltr'><strong>pro</strong></span> 
     </span>
     <span class='ocr_line' id='line_1_10' title="bbox 253 1679 1454 1768; baseline -0.01 -16"><span class='ocrx_word' id='word_1_69' title='bbox 253 1690 387 1753; x_wconf 91' lang='lat' dir='ltr'><strong>eiusdem</strong></span> <span class='ocrx_word' id='word_1_70' title='bbox 410 1693 513 1752; x_wconf 89' lang='lat' dir='ltr'><strong>nostre</strong></span> <span class='ocrx_word' id='word_1_71' title='bbox 536 1687 715 1750; x_wconf 90' lang='lat' dir='ltr'><strong>intencionis</strong></span> <span class='ocrx_word' id='word_1_72' title='bbox 739 1684 860 1768; x_wconf 93' lang='lat' dir='ltr'><strong>publico</strong></span> <span class='ocrx_word' id='word_1_73' title='bbox 884 1687 1060 1766; x_wconf 90' lang='lat' dir='ltr'><strong>argumento</strong></span> <span class='ocrx_word' id='word_1_74' title='bbox 1082 1701 1136 1746; x_wconf 85' lang='lat' dir='ltr'><strong>ros</strong></span> <span class='ocrx_word' id='word_1_75' title='bbox 1162 1685 1306 1763; x_wconf 90' lang='lat' dir='ltr'><strong>tanquam</strong></span> <span class='ocrx_word' id='word_1_76' title='bbox 1333 1679 1454 1742; x_wconf 89' lang='lat' dir='ltr'><strong>bostem</strong></span> 
     </span>
     <span class='ocr_line' id='line_1_11' title="bbox 253 1789 1455 1880; baseline -0.009 -18"><span class='ocrx_word' id='word_1_77' title='bbox 253 1799 418 1869; x_wconf 84' lang='lat' dir='ltr'><strong>notorium,</strong></span> <span class='ocrx_word' id='word_1_78' title='bbox 447 1802 590 1880; x_wconf 88' lang='lat' dir='ltr'><strong>quantum</strong></span> <span class='ocrx_word' id='word_1_79' title='bbox 613 1796 651 1859; x_wconf 91' lang='lat' dir='ltr'><strong>ad</strong></span> <span class='ocrx_word' id='word_1_80' title='bbox 672 1813 832 1877; x_wconf 91' lang='lat' dir='ltr'><strong>personam</strong></span> <span class='ocrx_word' id='word_1_81' title='bbox 854 1797 1003 1864; x_wconf 84' lang='lat' dir='ltr'><strong>vestram,</strong></span> <span class='ocrx_word' id='word_1_82' title='bbox 1032 1797 1172 1864; x_wconf 73' lang='lat' dir='ltr'><strong>terram,&#39;</strong></span> <span class='ocrx_word' id='word_1_83' title='bbox 1188 1789 1327 1854; x_wconf 91' lang='lat' dir='ltr'><strong>homines</strong></span> <span class='ocrx_word' id='word_1_84' title='bbox 1350 1793 1382 1852; x_wconf 91' lang='lat' dir='ltr'><strong>et</strong></span> <span class='ocrx_word' id='word_1_85' title='bbox 1404 1808 1455 1851; x_wconf 91' lang='lat' dir='ltr'><strong>res</strong></span> 
     </span>
     <span class='ocr_line' id='line_1_12' title="bbox 251 1899 1455 1993; baseline -0.012 -20"><span class='ocrx_word' id='word_1_86' title='bbox 251 1915 368 1974; x_wconf 82' lang='lat' dir='ltr'><strong>vestras</strong></span> <span class='ocrx_word' id='word_1_87' title='bbox 379 1907 571 1993; x_wconf 87' lang='lat' dir='ltr'><strong>presentibus</strong></span> <span class='ocrx_word' id='word_1_88' title='bbox 584 1905 766 1976; x_wconf 81' lang='lat' dir='ltr'><strong>diffidamus,</strong></span> <span class='ocrx_word' id='word_1_89' title='bbox 779 1904 809 1966; x_wconf 94' lang='lat' dir='ltr'><strong>in</strong></span> <span class='ocrx_word' id='word_1_90' title='bbox 826 1901 989 1985; x_wconf 86' lang='lat' dir='ltr'><strong>campestri</strong></span> <span class='ocrx_word' id='word_1_91' title='bbox 1007 1899 1149 1964; x_wconf 87' lang='lat' dir='ltr'><strong>conflictu</strong></span> <span class='ocrx_word' id='word_1_92' title='bbox 1165 1904 1310 1969; x_wconf 90' lang='lat' dir='ltr'><strong>nostram,</strong></span> <span class='ocrx_word' id='word_1_93' title='bbox 1330 1903 1364 1960; x_wconf 94' lang='lat' dir='ltr'><strong>ut</strong></span> <span class='ocrx_word' id='word_1_94' title='bbox 1380 1916 1455 1979; x_wconf 89' lang='lat' dir='ltr'><strong>spe-</strong></span> 
     </span>
     <span class='ocr_line' id='line_1_13' title="bbox 252 2012 929 2101; baseline -0.013 -17"><span class='ocrx_word' id='word_1_95' title='bbox 252 2039 365 2090; x_wconf 88' lang='lat' dir='ltr'><strong>ramus,</strong></span> <span class='ocrx_word' id='word_1_96' title='bbox 380 2018 549 2101; x_wconf 84' lang='lat' dir='ltr'><strong>potenciam</strong></span> <span class='ocrx_word' id='word_1_97' title='bbox 565 2018 595 2079; x_wconf 92' lang='lat' dir='ltr'><strong>in</strong></span> <span class='ocrx_word' id='word_1_98' title='bbox 612 2017 747 2099; x_wconf 85' lang='lat' dir='ltr'><strong>proximo</strong></span> <span class='ocrx_word' id='word_1_99' title='bbox 763 2012 929 2097; x_wconf 85' lang='lat' dir='ltr'><strong>probaturi.</strong></span> 
     </span>
    </p>
   </div>
   <div class='ocr_carea' id='block_1_3' title="bbox 824 2193 886 2267">
    <p class='ocr_par' dir='ltr' id='par_1_3' title="bbox 824 2193 886 2267">
     <span class='ocr_line' id='line_1_14' title="bbox 824 2193 886 2267; baseline -0.016 0"><span class='ocrx_word' id='word_1_100' title='bbox 824 2193 886 2267; x_wconf 73' lang='lat'><strong>45.</strong></span> 
     </span>
    </p>
   </div>
   <div class='ocr_carea' id='block_1_4' title="bbox 722 2372 979 2437">
    <p class='ocr_par' dir='ltr' id='par_1_4' title="bbox 722 2372 979 2437">
     <span class='ocr_line' id='line_1_15' title="bbox 722 2372 979 2437; baseline -0.019 0"><span class='ocrx_word' id='word_1_101' title='bbox 722 2375 826 2437; x_wconf 76' lang='lat' dir='ltr'><strong>lerna</strong></span> <span class='ocrx_word' id='word_1_102' title='bbox 841 2374 877 2437; x_wconf 88' lang='lat' dir='ltr'><strong>ed</strong></span> <span class='ocrx_word' id='word_1_103' title='bbox 894 2372 979 2435; x_wconf 86' lang='lat' dir='ltr'><strong>idem.</strong></span> 
     </span>
    </p>
   </div>
   <div class='ocr_carea' id='block_1_5' title="bbox 255 2519 1460 3176">
    <p class='ocr_par' dir='ltr' id='par_1_5' title="bbox 255 2519 1460 3176">
     <span class='ocr_line' id='line_1_16' title="bbox 345 2519 1456 2612; baseline -0.023 -6"><span class='ocrx_word' id='word_1_104' title='bbox 345 2539 522 2612; x_wconf 88' lang='lat' dir='ltr'><strong>Heinricus‚</strong></span> <span class='ocrx_word' id='word_1_105' title='bbox 549 2557 651 2603; x_wconf 90' lang='lat' dir='ltr'><strong>comes</strong></span> <span class='ocrx_word' id='word_1_106' title='bbox 674 2536 712 2599; x_wconf 91' lang='lat' dir='ltr'><strong>de</strong></span> <span class='ocrx_word' id='word_1_107' title='bbox 736 2532 877 2599; x_wconf 85' lang='lat' dir='ltr'><strong>llardelrlr</strong></span> <span class='ocrx_word' id='word_1_108' title='bbox 895 2580 900 2593; x_wconf 93' lang='lat'><em>.</em></span> <span class='ocrx_word' id='word_1_109' title='bbox 921 2579 928 2594; x_wconf 93' lang='lat'><strong>.</strong></span> <span class='ocrx_word' id='word_1_110' title='bbox 948 2579 955 2594; x_wconf 90' lang='lat'><strong>.</strong></span> <span class='ocrx_word' id='word_1_111' title='bbox 974 2529 1011 2594; x_wconf 92' lang='lat' dir='ltr'><strong>de</strong></span> <span class='ocrx_word' id='word_1_112' title='bbox 1028 2529 1158 2592; x_wconf 87' lang='lat' dir='ltr'><strong>Messow</strong></span> <span class='ocrx_word' id='word_1_113' title='bbox 1174 2522 1303 2589; x_wconf 91' lang='lat' dir='ltr'><strong>ulcionis</strong></span> <span class='ocrx_word' id='word_1_114' title='bbox 1321 2519 1456 2604; x_wconf 85' lang='lat' dir='ltr'><strong>gladium</strong></span> 
     </span>
     <span class='ocr_line' id='line_1_17' title="bbox 255 2628 1457 2736; baseline -0.022 -19"><span class='ocrx_word' id='word_1_115' title='bbox 255 2673 309 2736; x_wconf 95' lang='lat' dir='ltr'><strong>pro</strong></span> <span class='ocrx_word' id='word_1_116' title='bbox 326 2653 432 2716; x_wconf 89' lang='lat' dir='ltr'><strong>salute.</strong></span> <span class='ocrx_word' id='word_1_117' title='bbox 458 2650 504 2713; x_wconf 91' lang='lat' dir='ltr'><strong>Ne</strong></span> <span class='ocrx_word' id='word_1_118' title='bbox 519 2648 694 2713; x_wconf 87' lang='lat' dir='ltr'><strong>iniuriarum</strong></span> <span class='ocrx_word' id='word_1_119' title='bbox 709 2645 782 2709; x_wconf 92' lang='lat' dir='ltr'><strong>mihi</strong></span> <span class='ocrx_word' id='word_1_120' title='bbox 798 2661 919 2727; x_wconf 81' lang='lat' dir='ltr'><strong>perros</strong></span> <span class='ocrx_word' id='word_1_121' title='bbox 935 2642 1084 2705; x_wconf 90' lang='lat' dir='ltr'><strong>illatarum</strong></span> <span class='ocrx_word' id='word_1_122' title='bbox 1100 2633 1275 2720; x_wconf 83' lang='lat' dir='ltr'><strong>gravamina</strong></span> <span class='ocrx_word' id='word_1_123' title='bbox 1288 2628 1457 2696; x_wconf 84' lang='lat' dir='ltr'><strong>conniven-</strong></span> 
     </span>
     <span class='ocr_line' id='line_1_18' title="bbox 256 2739 1460 2844; baseline -0.02 -18"><span class='ocrx_word' id='word_1_124' title='bbox 256 2764 338 2829; x_wconf 91' lang='lat' dir='ltr'><strong>tibus</strong></span> <span class='ocrx_word' id='word_1_125' title='bbox 354 2761 460 2826; x_wconf 84' lang='lat' dir='ltr'><strong>videar</strong></span> <span class='ocrx_word' id='word_1_126' title='bbox 475 2759 570 2835; x_wconf 86' lang='lat' dir='ltr'><strong>oculis</strong></span> <span class='ocrx_word' id='word_1_127' title='bbox 587 2759 783 2844; x_wconf 88' lang='lat' dir='ltr'><strong>pertransire,</strong></span> <span class='ocrx_word' id='word_1_128' title='bbox 799 2775 876 2820; x_wconf 84' lang='lat' dir='ltr'><strong>neue</strong></span> <span class='ocrx_word' id='word_1_129' title='bbox 892 2751 1094 2817; x_wconf 89' lang='lat' dir='ltr'><strong>temeritatum</strong></span> <span class='ocrx_word' id='word_1_130' title='bbox 1111 2748 1279 2811; x_wconf 88' lang='lat' dir='ltr'><strong>vestrarum</strong></span> <span class='ocrx_word' id='word_1_131' title='bbox 1295 2739 1460 2824; x_wconf 89' lang='lat' dir='ltr'><strong>impunitas</strong></span> 
     </span>
     <span class='ocr_line' id='line_1_19' title="bbox 256 2847 1460 2943; baseline -0.025 -2"><span class='ocrx_word' id='word_1_132' title='bbox 256 2874 442 2941; x_wconf 89' lang='lat' dir='ltr'><strong>temeritates</strong></span> <span class='ocrx_word' id='word_1_133' title='bbox 470 2872 500 2934; x_wconf 93' lang='lat' dir='ltr'><strong>in</strong></span> <span class='ocrx_word' id='word_1_134' title='bbox 528 2869 614 2934; x_wconf 88' lang='lat' dir='ltr'><strong>vobis</strong></span> <span class='ocrx_word' id='word_1_135' title='bbox 639 2867 776 2933; x_wconf 91' lang='lat' dir='ltr'><strong>ammodo</strong></span> <span class='ocrx_word' id='word_1_136' title='bbox 805 2864 937 2930; x_wconf 89' lang='lat' dir='ltr'><strong>cumulet</strong></span> <span class='ocrx_word' id='word_1_137' title='bbox 964 2858 1143 2943; x_wconf 90' lang='lat' dir='ltr'><strong>puniendas,</strong></span> <span class='ocrx_word' id='word_1_138' title='bbox 1171 2853 1208 2918; x_wconf 91' lang='lat' dir='ltr'><strong>ad</strong></span> <span class='ocrx_word' id='word_1_139' title='bbox 1231 2847 1460 2934; x_wconf 88' lang='lat' dir='ltr'><strong>rependendam</strong></span> 
     </span>
     <span class='ocr_line' id='line_1_20' title="bbox 257 2959 1460 3067; baseline -0.027 -16"><span class='ocrx_word' id='word_1_140' title='bbox 257 2985 343 3053; x_wconf 86' lang='lat' dir='ltr'><strong>vobis</strong></span> <span class='ocrx_word' id='word_1_141' title='bbox 360 3002 413 3067; x_wconf 85' lang='lat' dir='ltr'><strong>pro</strong></span> <span class='ocrx_word' id='word_1_142' title='bbox 430 2981 544 3046; x_wconf 89' lang='lat' dir='ltr'><strong>meritis</strong></span> <span class='ocrx_word' id='word_1_143' title='bbox 561 2979 715 3050; x_wconf 92' lang='lat' dir='ltr'><strong>talionem,</strong></span> <span class='ocrx_word' id='word_1_144' title='bbox 733 2974 934 3039; x_wconf 82' lang='lat' dir='ltr'><strong>diffidacionis</strong></span> <span class='ocrx_word' id='word_1_145' title='bbox 951 2970 1123 3040; x_wconf 89' lang='lat' dir='ltr'><strong>obiectum,</strong></span> <span class='ocrx_word' id='word_1_146' title='bbox 1152 2981 1240 3047; x_wconf 91' lang='lat' dir='ltr'><strong>quem</strong></span> <span class='ocrx_word' id='word_1_147' title='bbox 1264 2959 1304 3025; x_wconf 91' lang='lat' dir='ltr'><strong>ad</strong></span> <span class='ocrx_word' id='word_1_148' title='bbox 1327 2976 1460 3043; x_wconf 88' lang='lat' dir='ltr'><strong>persone</strong></span> 
     </span>
     <span class='ocr_line' id='line_1_21' title="bbox 258 3071 1460 3176; baseline -0.027 -16"><span class='ocrx_word' id='word_1_149' title='bbox 258 3099 359 3162; x_wconf 80' lang='lat' dir='ltr'><strong>vestre</strong></span> <span class='ocrx_word' id='word_1_150' title='bbox 387 3090 577 3176; x_wconf 89' lang='lat' dir='ltr'><strong>dispendium</strong></span> <span class='ocrx_word' id='word_1_151' title='bbox 605 3087 738 3172; x_wconf 89' lang='lat' dir='ltr'><strong>speciale</strong></span> <span class='ocrx_word' id='word_1_152' title='bbox 766 3105 802 3148; x_wconf 92' lang='lat' dir='ltr'><strong>ac</strong></span> <span class='ocrx_word' id='word_1_153' title='bbox 831 3085 861 3147; x_wconf 93' lang='lat' dir='ltr'><strong>in</strong></span> <span class='ocrx_word' id='word_1_154' title='bbox 888 3081 1036 3146; x_wconf 92' lang='lat' dir='ltr'><strong>bonorum</strong></span> <span class='ocrx_word' id='word_1_155' title='bbox 1059 3095 1095 3142; x_wconf 90' lang='lat' dir='ltr'><strong>ae</strong></span> <span class='ocrx_word' id='word_1_156' title='bbox 1118 3071 1271 3138; x_wconf 91' lang='lat' dir='ltr'><strong>hominum</strong></span> <span class='ocrx_word' id='word_1_157' title='bbox 1288 3073 1460 3136; x_wconf 82' lang='lat' dir='ltr'><strong>uestrorum</strong></span> 
     </span>
    </p>
   </div>
   <div class='ocr_carea' id='block_1_6' title="bbox 142 3175 1461 3395">
    <p class='ocr_par' dir='ltr' id='par_1_6' title="bbox 142 3175 1461 3395">
     <span class='ocr_line' id='line_1_22' title="bbox 142 3175 1461 3290; baseline -0.028 -17"><span class='ocrx_word' id='word_1_158' title='bbox 142 3204 426 3290; x_wconf 69' lang='lat' dir='ltr'><strong>ro.sos.periculum</strong></span> <span class='ocrx_word' id='word_1_159' title='bbox 442 3201 585 3284; x_wconf 90' lang='lat' dir='ltr'><strong>generale</strong></span> <span class='ocrx_word' id='word_1_160' title='bbox 603 3220 638 3262; x_wconf 87' lang='lat' dir='ltr'><strong>ex</strong></span> <span class='ocrx_word' id='word_1_161' title='bbox 654 3202 740 3280; x_wconf 91' lang='lat' dir='ltr'><strong>parte</strong></span> <span class='ocrx_word' id='word_1_162' title='bbox 756 3214 824 3258; x_wconf 89' lang='lat' dir='ltr'><strong>mea</strong></span> <span class='ocrx_word' id='word_1_163' title='bbox 839 3191 925 3257; x_wconf 86' lang='lat' dir='ltr'><strong>uobis</strong></span> <span class='ocrx_word' id='word_1_164' title='bbox 943 3207 1059 3254; x_wconf 82' lang='lat' dir='ltr'><strong>exnunc</strong></span> <span class='ocrx_word' id='word_1_165' title='bbox 1083 3183 1292 3252; x_wconf 89' lang='lat' dir='ltr'><strong>transmissum</strong></span> <span class='ocrx_word' id='word_1_166' title='bbox 1316 3175 1461 3243; x_wconf 81' lang='lat' dir='ltr'><strong>noveritis</strong></span> 
     </span>
     <span class='ocr_line' id='line_1_23' title="bbox 261 3295 905 3395; baseline -0.033 -13"><span class='ocrx_word' id='word_1_167' title='bbox 261 3319 292 3382; x_wconf 90' lang='lat' dir='ltr'><strong>in</strong></span> <span class='ocrx_word' id='word_1_168' title='bbox 308 3313 367 3378; x_wconf 89' lang='lat' dir='ltr'><strong>biis</strong></span> <span class='ocrx_word' id='word_1_169' title='bbox 384 3312 515 3395; x_wconf 86' lang='lat' dir='ltr'><strong>scriptis.</strong></span> <span class='ocrx_word' id='word_1_170' title='bbox 903 3295 905 3302; x_wconf 73' lang='grc'>’</span> 
     </span>
    </p>
   </div>
   <div class='ocr_carea' id='block_1_7' title="bbox 827 3474 888 3544">
    <p class='ocr_par' dir='ltr' id='par_1_7' title="bbox 827 3474 888 3544">
     <span class='ocr_line' id='line_1_24' title="bbox 827 3474 888 3544; baseline -0.082 1"><span class='ocrx_word' id='word_1_171' title='bbox 827 3474 888 3544; x_wconf 78' lang='lat' dir='ltr'><strong>lo.</strong></span> 
     </span>
    </p>
   </div>
   <div class='ocr_carea' id='block_1_8' title="bbox 266 3619 1459 3838">
    <p class='ocr_par' dir='ltr' id='par_1_8' title="bbox 266 3619 1459 3838">
     <span class='ocr_line' id='line_1_25' title="bbox 266 3619 1459 3734; baseline -0.034 -17"><span class='ocrx_word' id='word_1_172' title='bbox 266 3654 341 3734; x_wconf 80' lang='lat' dir='ltr'><strong>l‘apo</strong></span> <span class='ocrx_word' id='word_1_173' title='bbox 357 3644 542 3714; x_wconf 65' lang='lat' dir='ltr'><strong>commendat</strong></span> <span class='ocrx_word' id='word_1_174' title='bbox 558 3643 729 3725; x_wconf 86' lang='lat' dir='ltr'><strong>episcopum</strong></span> <span class='ocrx_word' id='word_1_175' title='bbox 746 3636 919 3700; x_wconf 77' lang='lat' dir='ltr'><strong>detructum</strong></span> <span class='ocrx_word' id='word_1_176' title='bbox 932 3649 967 3695; x_wconf 82' lang='lat' dir='ltr'><strong>ae</strong></span> <span class='ocrx_word' id='word_1_177' title='bbox 978 3627 1164 3712; x_wconf 65' lang='lat' dir='ltr'><strong>propesitum</strong></span> <span class='ocrx_word' id='word_1_178' title='bbox 1174 3624 1212 3688; x_wconf 83' lang='lat' dir='ltr'><strong>de</strong></span> <span class='ocrx_word' id='word_1_179' title='bbox 1224 3639 1303 3684; x_wconf 75' lang='lat' dir='ltr'><strong>nore</strong></span> <span class='ocrx_word' id='word_1_180' title='bbox 1319 3619 1459 3692; x_wconf 80' lang='lat' dir='ltr'><strong>electu,</strong></span> 
     </span>
     <span class='ocr_line' id='line_1_26' title="bbox 428 3734 1291 3838; baseline -0.037 -17"><span class='ocrx_word' id='word_1_181' title='bbox 428 3755 557 3838; x_wconf 75' lang='lat' dir='ltr'><strong>regende</strong></span> <span class='ocrx_word' id='word_1_182' title='bbox 574 3754 608 3815; x_wconf 89' lang='lat' dir='ltr'><strong>ut</strong></span> <span class='ocrx_word' id='word_1_183' title='bbox 624 3745 806 3814; x_wconf 87' lang='lat' dir='ltr'><strong>unanimiter</strong></span> <span class='ocrx_word' id='word_1_184' title='bbox 821 3743 852 3805; x_wconf 85' lang='lat' dir='ltr'><strong>ln</strong></span> <span class='ocrx_word' id='word_1_185' title='bbox 868 3761 933 3806; x_wconf 89' lang='lat' dir='ltr'><strong>eun</strong></span> <span class='ocrx_word' id='word_1_186' title='bbox 949 3743 1019 3803; x_wconf 85' lang='lat' dir='ltr'><strong>roto</strong></span> <span class='ocrx_word' id='word_1_187' title='bbox 1035 3753 1089 3802; x_wconf 80' lang='lat' dir='ltr'><strong>sm</strong></span> <span class='ocrx_word' id='word_1_188' title='bbox 1104 3734 1291 3798; x_wconf 77' lang='lat' dir='ltr'><strong>convertant.</strong></span> 
     </span>
    </p>
   </div>
   <div class='ocr_carea' id='block_1_9' title="bbox 268 3882 1463 4110">
    <p class='ocr_par' dir='ltr' id='par_1_9' title="bbox 268 3882 1463 4110">
     <span class='ocr_line' id='line_1_27' title="bbox 357 3882 1463 4001; baseline -0.035 -17"><span class='ocrx_word' id='word_1_189' title='bbox 357 3917 523 4001; x_wconf 86' lang='lat' dir='ltr'><strong>Gregorius</strong></span> <span class='ocrx_word' id='word_1_190' title='bbox 540 3917 598 3976; x_wconf 90' lang='lat' dir='ltr'><strong>etc.</strong></span> <span class='ocrx_word' id='word_1_191' title='bbox 617 3911 704 3975; x_wconf 83' lang='lat' dir='ltr'><strong>Licet</strong></span> <span class='ocrx_word' id='word_1_192' title='bbox 720 3927 756 3970; x_wconf 82' lang='lat' dir='ltr'><strong>ex</strong></span> <span class='ocrx_word' id='word_1_193' title='bbox 773 3905 902 3969; x_wconf 87' lang='lat' dir='ltr'><strong>decessu</strong></span> <span class='ocrx_word' id='word_1_194' title='bbox 924 3939 967 3949; x_wconf 94' lang='lat'><em>-</em></span> <span class='ocrx_word' id='word_1_195' title='bbox 990 3899 1133 3981; x_wconf 81' lang='lat' dir='ltr'><strong>erigatur.</strong></span> <span class='ocrx_word' id='word_1_196' title='bbox 1160 3885 1396 3958; x_wconf 86' lang='lat' dir='ltr'><strong>Gleichlautend</strong></span> <span class='ocrx_word' id='word_1_197' title='bbox 1412 3882 1463 3946; x_wconf 88' lang='lat' dir='ltr'><strong>mit</strong></span> 
     </span>
     <span class='ocr_line' id='line_1_28' title="bbox 268 4001 1204 4110; baseline -0.035 -12"><span class='ocrx_word' id='word_1_198' title='bbox 268 4034 335 4098; x_wconf 91' lang='lat' dir='ltr'><strong>dem</strong></span> <span class='ocrx_word' id='word_1_199' title='bbox 355 4026 521 4110; x_wconf 83' lang='lat' dir='ltr'><strong>exemplum</strong></span> <span class='ocrx_word' id='word_1_200' title='bbox 537 4020 677 4106; x_wconf 89' lang='lat' dir='ltr'><strong>petitorie</strong></span> <span class='ocrx_word' id='word_1_201' title='bbox 693 4017 724 4081; x_wconf 91' lang='lat' dir='ltr'><strong>in</strong></span> <span class='ocrx_word' id='word_1_202' title='bbox 741 4013 874 4080; x_wconf 90' lang='lat' dir='ltr'><strong>secunda</strong></span> <span class='ocrx_word' id='word_1_203' title='bbox 891 4009 992 4094; x_wconf 90' lang='lat' dir='ltr'><strong>specie</strong></span> <span class='ocrx_word' id='word_1_204' title='bbox 1009 4006 1087 4072; x_wconf 90' lang='lat' dir='ltr'><strong>oben</strong></span> <span class='ocrx_word' id='word_1_205' title='bbox 1105 4004 1136 4069; x_wconf 90' lang='lat' dir='ltr'><strong>S.</strong></span> <span class='ocrx_word' id='word_1_206' title='bbox 1152 4001 1204 4068; x_wconf 83' lang='lat'><strong>36.</strong></span> 
     </span>
    </p>
   </div>
   <div class='ocr_carea' id='block_1_10' title="bbox 832 4182 896 4255">
    <p class='ocr_par' dir='ltr' id='par_1_10' title="bbox 832 4182 896 4255">
     <span class='ocr_line' id='line_1_29' title="bbox 832 4182 896 4255; baseline -0.016 -2"><span class='ocrx_word' id='word_1_207' title='bbox 832 4182 896 4255; x_wconf 78' lang='lat'><strong>47.</strong></span> 
     </span>
    </p>
   </div>
   <div class='ocr_carea' id='block_1_11' title="bbox 504 4314 1223 4419">
    <p class='ocr_par' dir='ltr' id='par_1_11' title="bbox 504 4314 1223 4419">
     <span class='ocr_line' id='line_1_30' title="bbox 504 4314 1223 4419; baseline -0.038 -17"><span class='ocrx_word' id='word_1_208' title='bbox 504 4335 583 4419; x_wconf 79' lang='lat' dir='ltr'><strong>laps</strong></span> <span class='ocrx_word' id='word_1_209' title='bbox 597 4332 719 4398; x_wconf 70' lang='lat' dir='ltr'><strong>tendet</strong></span> <span class='ocrx_word' id='word_1_210' title='bbox 733 4329 865 4410; x_wconf 77' lang='lat' dir='ltr'><strong>aliquan</strong></span> <span class='ocrx_word' id='word_1_211' title='bbox 883 4322 975 4404; x_wconf 88' lang='lat' dir='ltr'><strong>reelpl</strong></span> <span class='ocrx_word' id='word_1_212' title='bbox 991 4321 1023 4383; x_wconf 85' lang='grc' dir='ltr'><strong>Ιι</strong></span> <span class='ocrx_word' id='word_1_213' title='bbox 1039 4314 1223 4381; x_wconf 80' lang='lat' dir='ltr'><strong>cenericum.</strong></span> 
     </span>
    </p>
   </div>
   <div class='ocr_carea' id='block_1_12' title="bbox 271 4429 1463 4668">
    <p class='ocr_par' dir='ltr' id='par_1_12' title="bbox 271 4429 1463 4668">
     <span class='ocr_line' id='line_1_31' title="bbox 360 4429 1462 4533; baseline -0.036 0"><span class='ocrx_word' id='word_1_214' title='bbox 360 4472 395 4533; x_wconf 83' lang='grc' dir='ltr'><strong>Ε.</strong></span> <span class='ocrx_word' id='word_1_215' title='bbox 412 4464 612 4531; x_wconf 84' lang='lat' dir='ltr'><strong>miseracione</strong></span> <span class='ocrx_word' id='word_1_216' title='bbox 633 4457 734 4522; x_wconf 83' lang='lat' dir='ltr'><strong>diuina</strong></span> <span class='ocrx_word' id='word_1_217' title='bbox 757 4451 826 4519; x_wconf 90' lang='lat' dir='ltr'><strong>talis</strong></span> <span class='ocrx_word' id='word_1_218' title='bbox 848 4447 935 4533; x_wconf 82' lang='lat' dir='ltr'><strong>tytuli</strong></span> <span class='ocrx_word' id='word_1_219' title='bbox 957 4441 1108 4528; x_wconf 89' lang='lat' dir='ltr'><strong>presbiter</strong></span> <span class='ocrx_word' id='word_1_220' title='bbox 1130 4432 1292 4503; x_wconf 88' lang='lat' dir='ltr'><strong>cardinalis</strong></span> <span class='ocrx_word' id='word_1_221' title='bbox 1316 4479 1323 4493; x_wconf 94' lang='lat'>.</span> <span class='ocrx_word' id='word_1_222' title='bbox 1349 4478 1357 4493; x_wconf 91' lang='lat'><em>.</em></span> <span class='ocrx_word' id='word_1_223' title='bbox 1383 4429 1462 4495; x_wconf 79' lang='lat' dir='ltr'><strong>‚tali</strong></span> 
     </span>
     <span class='ocr_line' id='line_1_32' title="bbox 271 4541 1463 4668; baseline -0.037 -23"><span class='ocrx_word' id='word_1_224' title='bbox 271 4577 500 4668; x_wconf 78' lang='lat' dir='ltr'><strong>prebiepiscopo</strong></span> <span class='ocrx_word' id='word_1_225' title='bbox 528 4572 664 4636; x_wconf 90' lang='lat' dir='ltr'><strong>salutem.</strong></span> <span class='ocrx_word' id='word_1_226' title='bbox 693 4565 825 4628; x_wconf 83' lang='lat' dir='ltr'><strong>Romane</strong></span> <span class='ocrx_word' id='word_1_227' title='bbox 852 4556 933 4621; x_wconf 88' lang='lat' dir='ltr'><strong>sedis</strong></span> <span class='ocrx_word' id='word_1_228' title='bbox 962 4543 1125 4624; x_wconf 82' lang='lat' dir='ltr'><strong>clemencia</strong></span> <span class='ocrx_word' id='word_1_229' title='bbox 1147 4585 1190 4596; x_wconf 94' lang='lat'><strong>—</strong></span> <span class='ocrx_word' id='word_1_230' title='bbox 1211 4541 1390 4611; x_wconf 88' lang='lat' dir='ltr'><strong>mandamus</strong></span> <span class='ocrx_word' id='word_1_231' title='bbox 1407 4545 1463 4604; x_wconf 89' lang='lat' dir='ltr'><strong>etc.</strong></span> 
     </span>
    </p>
   </div>
   <div class='ocr_carea' id='block_1_13' title="bbox 0 0 1576 5128">
    <p class='ocr_par' dir='ltr' id='par_1_13' title="bbox 0 0 1576 5128">
     <span class='ocr_line' id='line_1_33' title="bbox 0 0 1576 5128; baseline 0 0"><span class='ocrx_word' id='word_1_232' title='bbox 0 0 1576 5128; x_wconf 95' lang='lat' dir='ltr'><strong> </strong></span> 
     </span>
    </p>
   </div>
  </div>
 </body>
</html>
