3096 5128
1166 369 1245 442 463

57 549 196 628 quatenus
219 546 251 606 in
275 543 478 606 subvencione
501 563 568 608 mea
591 548 743 607 assuetam
767 543 1004 608 misericordiam
1027 543 1175 626 impleatis
1208 544 1247 606 ad

57 650 284 718 honoriticencie
302 657 403 714 nostre
420 652 571 714 cumulum
589 655 619 713 ct
635 655 843 732 augmentum.

627 885 665 984 'c

573 1085 594 1148 t
610 1087 724 1151 moleri.

143 1247 310 1311 Karitativo
333 1244 395 1307 viro
419 1249 449 1306 et
472 1243 608 1325 diligenti
630 1245 780 1328 proximos
803 1251 836 1310 ut
853 1247 985 1329 scipsum
1002 1247 1036 1312 O.
1056 1254 1115 1312 etc.
1134 1248 1169 1310 H.
1188 1250 1246 1310 ctc.
1259 1263 1365 1320 „pm

61 1355 180 1418 salutem
195 1352 398 1417 venerabilem
415 1356 445 1414 et
462 1353 692 1416 veneracionem
711 1353 871 1418 salubrem.

145 1462 179 1528 Si
202 1461 368 1526 secundum
390 1462 599 1542 evangelicum
620 1468 797 1545 preceptum
819 1463 960 1526 inimicus
990 1464 1127 1527 esuriens
1160 1464 1249 1526 lami-

61 1571 167 1635 liariter
183 1574 231 1633 est
247 1569 403 1639 cibandus,
417 1573 528 1653 quanto
544 1569 720 1634 familiarius
737 1569 857 1633 cibandi
874 1576 944 1634 sunt
960 1571 1136 1655 pauperculi
1153 1591 1249 1653 nepo-

62 1684 103 1743 tes
125 1686 153 1743 et
176 1677 345 1748 domestici,
368 1679 539 1742 veneranda
566 1682 744 1762 paupertate
773 1679 933 1742 scolastica
962 1679 1152 1744 laborantes!
1183 1679 1248 1761 Ego

62 1794 154 1852 autem
170 1791 273 1852 vester
289 1790 319 1849 et
335 1792 502 1851 vestrorum
519 1787 703 1850 domesticus
719 1788 749 1850 in
767 1805 864 1867 agone
890 1787 1050 1851 scolastico
1073 1787 1181 1851 multos
1204 1789 1249 1850 la-

62 1896 160 1968 bores,
184 1895 293 1960 multas
315 1895 468 1967 miserias,
494 1895 661 1958 debitorum
684 1895 819 1959 sarcinas
844 1895 1011 1959 diutissime
1035 1895 1251 1960 miserabiliter

61 2007 192 2069 sustinui.
218 2005 387 2087 Eapropter
402 2010 533 2068 vestram
549 2004 674 2086 imploro
696 2003 944 2076 benivolenciam,
968 2009 1117 2086 quatenus
1141 2005 1249 2078 michi,

64 2113 164 2178 devoto
179 2117 210 2176 et
226 2112 393 2175 domestico
410 2113 519 2176 clerieo
536 2117 648 2184 vestro,
673 2112 838 2176 domestice
855 2111 1038 2175 succurratis
1056 2113 1093 2175 ad
1110 2111 1251 2174 nominis

63 2222 148 2285 vestri
164 2217 422 2302 magnificenciam
438 2227 470 2285 ct
485 2221 613 2286 virtutis.

640 2500 669 2541 u.

577 2642 598 2704 Δ
614 2643 730 2705 minor-l.

148 2799 334 2863 Memorabili
351 2800 470 2863 domino
488 2805 518 2862 et
534 2801 676 2864 memoria
693 2805 796 2864 eterna
815 2803 906 2884 digno
923 2803 956 2864 C.
974 2808 1032 2865 etc.
1048 2801 1083 2864 H.
1098 2806 1155 2864 etc.
1171 2799 1254 2862 salu·

63 2913 120 2970 tem
135 2915 164 2972 et
181 2907 321 2972 affectum
337 2908 540 2990 prosequendi
557 2928 612 2972 sua
628 2909 743 2972 monita
760 2915 791 2973 et
808 2911 957 2973 mandata.

149 3017 276 3100 Quando
293 3016 415 3100 laycalis
432 3019 543 3080 caritas
561 3018 597 3080 de
614 3037 754 3082 manuum
771 3018 874 3104 labore
892 3036 1014 3081 suarum
1037 3018 1136 3101 pascit
1159 3034 1253 3099 nepo·

64 3126 138 3188 tulos
154 3145 225 3189 suos
242 3124 423 3207 indigentes,
439 3126 587 3210 quomodo
604 3147 663 3188 non
679 3126 777 3210 pascit
789 3129 989 3211 pauperculos
1002 3129 1143 3208 nepotes,
1162 3125 1254 3187 mise·

65 3233 195 3297 rabiliter
209 3233 380 3315 indigentes
396 3234 427 3297 in
444 3235 552 3306 studio,
570 3235 718 3298 clericalis
731 3236 818 3298 immo
831 3235 990 3320 pastoralis
1006 3234 1184 3306 eminencia,
1206 3233 1254 3297 cui

66 3341 162 3406 datum
176 3347 223 3404 est
235 3361 360 3405 noscere
374 3344 570 3406 ministerium
582 3347 668 3427 regni
680 3345 755 3408 Dei?
772 3347 852 3410 Sane
865 3343 1066 3408 verecundum
1080 3347 1126 3405 est
1141 3342 1253 3412 dicere,

66 3456 135 3533 quot
157 3455 188 3513 et
210 3451 329 3535 quantis
353 3453 501 3533 angustiis
524 3472 598 3533 ego,
620 3455 822 3537 pauperculus
846 3471 939 3536 nepos
963 3454 1080 3523 vester,
1096 3449 1127 3512 in
1142 3449 1255 3513 Parisi-

66 3541 127 3622 eusi
143 3560 243 3623 studio
261 3560 450 3640 angustiatus
467 3581 533 3623 sum
551 3567 580 3624 et
596 3561 769 3646 depressus.
801 3561 866 3642 Qua
884 3562 920 3624 de
937 3579 1029 3622 causa
1044 3557 1255 3621 liberalitatem

66 3676 193 3733 uestram
217 3668 325 3732 devote
347 3671 485 3754 requiro,
508 3676 656 3753 quatenus
677 3670 806 3753 egestati
825 3691 890 3732 mee
908 3667 1071 3733 consulatis
1088 3666 1256 3752 liberaliter

68 3785 95 3842 et
106 3779 245 3850 libenter,
264 3783 297 3842 ut
309 3784 450 3864 quantum
464 3786 558 3844 status
572 3785 672 3844 vester
685 3786 794 3842 statum
805 3779 942 3844 laicalem
955 3775 1120 3846 antecedit,
1137 3779 1256 3838 tantum

70 3909 156 3972 opera
174 3887 315 3972 operibus
333 3889 523 3952 antecedant.

645 4128 679 4170 ω’.

598 4289 619 4351 Δ
635 4288 733 4352 simili.

155 4448 309 4514 Exorabili
332 4448 451 4510 domino
474 4452 504 4510 et
526 4451 677 4530 nunquam
700 4466 808 4528 preces
831 4465 942 4510 vacuas
964 4442 1129 4508 remittenti
1146 4439 1178 4503 C.
1196 4443 1253 4501 etc.

72 4559 104 4623 ll.
122 4565 176 4623 etc.
195 4559 324 4621 salutem
340 4561 371 4620 et
387 4557 549 4620 salutarem
567 4556 749 4621 servitutem.
