3108 5118
1134 357 1137 364 “
1183 340 1261 410 283

73 507 127 570 filie
145 515 249 572 nostre
268 529 410 593 sponsum
426 511 530 589 fragor
547 508 667 570 horride
684 510 873 592 tempestatis
890 509 1058 580 invexerat,
1087 512 1151 574 eius
1168 512 1262 574 inter-

68 618 161 698 posita
193 618 372 687 clemencia,
404 617 454 698 qui
486 621 554 699 post
587 616 719 678 nubilum
753 617 804 679 dat
837 639 988 689 serenum,
1021 619 1119 681 eidem
1150 620 1186 682 N.
1217 620 1261 681 sic

69 725 149 787 stetis
167 726 268 789 votive
284 724 544 788 reconciliacionis
561 725 590 785 in
609 726 710 787 osculo
729 730 757 786 et
774 726 906 788 fraterna
924 727 1081 790 dulcedine
1097 728 1261 798 coniuncti,

69 834 143 914 quod
166 833 291 915 utique,
320 832 399 895 sicut
425 832 510 894 vobis
539 833 576 893 ad
604 832 747 913 gloriam,
777 833 922 896 subiectis
950 833 1087 898 fidelibus
1111 836 1199 898 cedet
1221 835 1259 898 ad

68 946 164 1022 optate
183 941 295 1023 quietis
320 945 523 1020 augmentum.
557 941 668 1002 Verum
693 961 727 1002 ex
745 961 779 1001 eo
798 941 1010 1004 admiracionis
1027 963 1118 1006 causa
1135 965 1260 1028 precor-

69 1048 122 1110 diis
139 1049 253 1111 nostris
277 1047 458 1116 infunditur,
487 1047 567 1129 quod
590 1046 691 1108 nuncii
715 1047 825 1118 nostri,
856 1049 893 1110 ad
916 1054 1048 1112 vestram
1072 1051 1130 1113 iam
1149 1052 1261 1114 dudum

69 1156 235 1218 transmissi
258 1155 447 1238 presenciam
470 1175 561 1238 super
578 1155 766 1217 matrimonio
784 1157 1036 1228 consummando,
1058 1164 1120 1220 tam
1144 1160 1260 1240 largam

67 1271 94 1326 et
115 1265 264 1327 diutinam
286 1284 400 1326 moram
422 1263 453 1324 in
475 1268 576 1325 vestra
599 1263 684 1326 curia
707 1268 936 1333 contraxerunt,
966 1285 1042 1347 quos
1070 1264 1110 1348 a)
1140 1268 1260 1350 quidem

67 1371 190 1435 finaliter
212 1371 344 1456 petimus
367 1370 509 1454 expediri.
549 1369 586 1432 Et
610 1369 680 1451 quia
704 1370 797 1432 nostri
821 1369 924 1432 fideles
947 1371 977 1432 in
1000 1373 1119 1434 dustria
1144 1377 1178 1455 h)
1202 1375 1259 1436 diri

68 1481 255 1545 adversantis
278 1479 366 1541 emuli
379 1478 406 1564 1)
429 1477 611 1560 quaciuntur
628 1477 787 1540 insultibus
811 1483 841 1538 et
864 1478 935 1540 diris
953 1479 990 1563 c)
1012 1479 1262 1562 persecucionum'

66 1591 175 1653 malleis
198 1593 401 1673 impetuntur:
439 1585 644 1648 sinceritatem
667 1585 707 1670 d)
729 1592 859 1647 vestram
889 1591 1002 1648 attente
1025 1588 1205 1669 requirimus
1229 1596 1258 1652 et

65 1718 220 1781 rogamus,
251 1701 398 1778 quatenus
421 1694 575 1756 invasores
599 1712 701 1754 eorum
725 1713 741 1755 a
764 1695 859 1756 latere
881 1693 931 1755 illo
947 1699 1008 1756 tam
1025 1695 1151 1758 viriliter
1168 1717 1258 1779 quam

65 1813 197 1889 potenter
221 1804 365 1867 invadere
381 1800 537 1882 satagatis.
572 1802 634 1864 Nos
666 1801 744 1863 enim
779 1801 809 1862 in
844 1801 944 1883 digitu
972 1803 1027 1864 Dei
1055 1804 1173 1873 conlisi,
1206 1806 1258 1886 qui

64 1935 148 1977 cause
175 1917 281 1976 nostre
309 1911 459 1973 iusticiam
476 1908 637 1972 comitatur
658 1929 693 1972 ac
723 1909 841 1990 dirigit,
871 1909 993 1972 eosdem
1015 1891 1119 1974 hostes
1143 1912 1181 1974 ab
1206 1913 1255 1974 illo

63 2025 149 2085 latere
164 2022 270 2085 taliter
285 2020 453 2103 inpugnare
470 2017 648 2080 conabimur
664 2018 693 2078 in
709 2017 820 2079 virtute
838 2017 1010 2080 Germanici
1027 2024 1200 2102 potentatus
1213 2021 1253 2106 ²),

65 2133 137 2214 quod
167 2133 326 2194 invasores
358 2126 503 2211 predicti,
535 2125 625 2209 positi
657 2125 735 2187 inter
765 2126 905 2187 malleum
937 2130 967 2187 et
998 2125 1153 2196 incudem,
1187 2149 1255 2190 sera

65 2239 208 2301 ducentur
236 2235 413 2320 penitudine
440 2239 644 2317 peccatorum.
680 2233 732 2296 Sic
761 2238 862 2295 autem
889 2253 949 2294 non
976 2234 1072 2296 solum
1102 2234 1258 2318 ademptos

65 2348 142 2410 vobis
159 2347 196 2431 e)
212 2363 397 2426 recuperare
430 2342 566 2425 poteritis
597 2342 751 2413 terminos,
784 2341 837 2403 sed
870 2341 907 2402 ad
937 2341 1079 2424 ampliora
1107 2343 1257 2406 funiculos

12 2495 14 2504 ν
71 2455 243 2519 extendetis.

153 2651 296 2706 Ladislaus
323 2649 455 2702 Cumanus
481 2665 535 2700 war
560 2646 656 2700 scirem
685 2647 765 2698 Vater
791 2646 911 2715 Stephon
926 2646 968 2699 lV.
995 2663 1034 2698 am
1062 2645 1085 2698 l.
1111 2645 1164 2698 loli
1191 2645 1262 2700 1272

69 2743 112 2798 aui
131 2744 190 2796 dem
214 2739 391 2811 ungarischen
405 2738 495 2791 Theon
515 2737 626 2807 gesolgt.
655 2737 717 2789 Sein
732 2736 862 2806 jdngerer
875 2736 976 2788 Bruder
989 2736 1110 2789 Andreas
1124 2753 1178 2789 war
1191 2738 1260 2790 noch

71 2834 108 2887 bei
130 2833 274 2887 chzeiten
299 2831 432 2901 Stephans
457 2847 507 2882 von
533 2829 591 2881 dem
616 2829 715 2880 Gralen
738 2827 856 2879 loachim
881 2826 984 2879 Pectari
1007 2828 1120 2892 geraubt
1144 2824 1259 2887 worden,

72 2922 114 2976 der
139 2924 206 2976 donn
236 2921 303 2974 auch
329 2922 376 2972 auf
397 2917 536 2973 Ladislaus
563 2920 639 2971 einen
666 2916 776 2970 Einlluss
803 2933 928 2985 gemam,
961 2916 1018 2968 sich
1048 2918 1095 2968 aus
1117 2915 1158 2968 die
1174 2899 1264 2968 'Scite'
1361 2910 1369 2928 ‘

72 3010 99 3064 ll.
111 3013 233 3066 lludoll's
247 3009 338 3063 stellte
351 3008 405 3062 und
419 3008 461 3061 die
474 3008 628 3076 Verlobung
642 3007 728 3059 scires
742 3006 912 3075 Schlitzlings
933 3005 1051 3057 Andreas
1075 3005 1121 3058 mit
1136 3005 1260 3058 Rudoll's

71 3101 181 3157 Tochter
203 3100 352 3157 Clementia
374 3099 508 3153 hevvirktc.
524 3098 563 3156 ¹S.
585 3099 698 3166 Pulaolry
721 3098 820 3150 Gesch.
844 3115 866 3150 r.
891 3097 1006 3149 Bdhmen
1029 3096 1060 3148 ll.
1086 3095 1110 3149 1.
1133 3096 1258 3149 aaaron

72 3191 186 3248 Delliuer
201 3191 295 3248 Codex
310 3189 462 3260 epistolaris
476 3188 594 3244 Ottccari
608 3189 640 3247 ll,
653 3205 678 3256 p.
693 3187 810 3241 35-38.

159 3392 193 3461 a)
218 3390 309 3444 vos·Z
332 3388 383 3442 und
407 3390 435 3442 V.
456 3417 488 3427 ·-
510 3386 541 3456 d)
565 3387 598 3438 Εἰ
619 3385 660 3438 bis
683 3384 735 3438 diri
758 3401 798 3438 am
822 3384 913 3438 Raude
936 3386 965 3437 ll.
980 3413 1015 3424 -
1030 3386 1061 3452 c)
1085 3384 1158 3437 duris
1182 3385 1209 3437 Z.
1226 3413 1258 3423 -

33 3527 35 3534 .
74 3479 104 3548 d)
117 3483 289 3534 serenitatem
304 3479 330 3531 Z.
346 3508 381 3518 ·-
395 3479 425 3548 e)
440 3479 515 3531 vobis
530 3478 577 3530 auf
589 3476 674 3529 Rasur
687 3475 716 3528 V.

95 3770 104 3800 ¹
129 3770 222 3815 otaker.

94 3766 116 3908 ²l
131 3851 213 3895 Deulet
229 3849 320 3894 sculdic
332 3849 391 3902 zell,
405 3850 428 3892 in
440 3847 543 3893 welcher
555 3847 644 3892 Rndoll
654 3847 733 3892 soloen
747 3845 946 3890 entecheldenden
960 3845 1064 3903 Feldnug
1076 3857 1153 3904 gegen
1167 3844 1258 3890 cernar

131 3932 301 3978 verbereitele.
