3112 5118
1172 347 1246 418 243

49 529 284 589 nocumentum:
321 524 545 588 universitatem
573 527 720 592 vestram,
750 523 828 583 omni
856 541 914 604 qna
941 541 1100 604 possumus
1127 541 1251 604 precum

48 634 221 705 instancia,
254 632 435 717 requirimus
464 636 494 694 et
521 650 680 712 rogamus,
712 634 859 713 quatenns
887 630 926 694 ob
954 636 1086 694 nostram
1114 635 1145 693 et
1172 631 1252 692 sacri

49 743 173 824 imperii
200 741 409 808 reverenciam
443 740 607 822 sepedictis
641 740 784 803 fratribus
812 739 843 801 in
867 739 1033 804 donacione
1060 739 1178 821 prefate
1204 739 1253 802 vie

50 856 113 914 tom
144 849 314 914 liberaliter
351 868 439 932 quam
460 848 502 934 a)
528 848 673 931 hylariter
703 853 836 911 vestrum
866 847 1036 929 inpendatis
1063 846 1253 920 beneficium,

51 958 135 1042 quod
164 958 274 1020 exinde
302 957 381 1040 apud
411 956 524 1028 Deum,
556 957 689 1039 ipsorum
722 955 805 1018 vobis
838 955 1071 1036 suffragantibus
1101 955 1255 1038 precibus,

51 1069 189 1128 vestrum
211 1063 540 1127 cumuleturmeritum
563 1069 594 1124 et
620 1081 675 1143 per
702 1080 891 1143 consequens
915 1067 1017 1124 nostre
1040 1062 1142 1142 gracie
1170 1059 1255 1122 vobis
1306 1075 1331 1090 ..

51 1172 214 1253 proveniat
229 1170 457 1234 incrementum.

623 1359 686 1428 32.

407 1497 604 1561 Rornanorum
627 1515 681 1562 rex
705 1496 736 1560 ll.
761 1498 911 1578 episcopo.
992 1491 994 1495 ’

438 1619 519 1674 lave.
533 1619 691 1674 November.
704 1619 886 1690 Norimberge.

59 1729 151 1802 Koniy
163 1727 270 1798 lludolf
283 1728 366 1782 dealt
385 1727 468 1782 domn
485 1725 539 1783 idm
558 1727 702 1799 erpebeaen
715 1726 936 1798 Kirclrenfarnten
956 1728 1031 1797 (dero
1044 1726 1204 1797 Erebiocbnf
1212 1745 1262 1782 coc

59 1819 233 1891 sacoma)
254 1817 305 1888 fur
326 1816 401 1871 ccicc
419 1816 615 1872 chbaamlreit
635 1818 692 1871 und
713 1815 841 1872 benachtet
862 1816 915 1872 ilem
937 1817 1003 1872 noer
1025 1819 1076 1872 den
1097 1819 1263 1889 yldczenden

490 1905 633 1977 llec'cbstaq
646 1925 678 1960 zu
690 1906 838 1978 Nitrobcrq.

151 2014 235 2068 Gerb.
249 2013 275 2074 2,
291 2012 334 2066 56.
348 2013 442 2066 Bodnr.
457 2029 484 2081 p.
497 2011 614 2065 63-65.

152 2123 255 2204 Super
275 2128 336 2184 tam
362 2141 438 2204 pura
465 2127 497 2185 et
523 2121 642 2204 integra
665 2125 768 2184 vestre
790 2122 928 2184 amicicie
950 2121 1181 2186 incontaminata
1202 2123 1265 2184 fer·
1340 2169 1344 2176 .

56 2233 192 2303 veneia,
225 2249 315 2312 quam
346 2229 384 2293 ad
416 2249 470 2293 nos
501 2230 725 2312 promptissima
755 2230 863 2292 mentis
891 2230 1046 2294 alacritate
1072 2229 1263 2311 portenditis,

56 2341 161 2404 aliena
177 2337 340 2402 verborum
356 2343 533 2421 argumenta
549 2358 609 2401 non
625 2337 793 2420 querimus,
821 2337 872 2400 ubi
894 2337 1020 2415 effectus
1037 2338 1153 2420 operis,
1182 2337 1349 2419 dictem
1363 2377 1384 2416 1„

52 2448 302 2532 preponderans‚
322 2451 404 2508 certa
421 2445 508 2510 nobis
525 2447 726 2528 experimenta
744 2445 886 2508 dilucidat
902 2452 933 2509 et
954 2446 1144 2509 consciencie
1161 2451 1264 2510 nostre
1387 2438 1391 2446 Χ

54 2556 148 2621 testis
167 2553 356 2636 quantalibet
372 2552 567 2634 deposicione
584 2553 777 2634 sollempnior
794 2553 972 2636 interpellat.
1000 2555 1119 2618 Scimus
1143 2553 1265 2618 etenim,

55 2665 117 2728 imo
141 2662 248 2726 indice
276 2662 356 2723 sacto
383 2661 592 2742 probavimus,
619 2663 700 2752 quod
727 2662 758 2724 in
784 2661 894 2725 vestris
921 2662 1088 2744 precordiis
1117 2682 1191 2744 erga
1211 2683 1267 2725 nos

60 2775 218 2855 concepta
235 2789 296 2832 non
312 2769 444 2850 algeant,
460 2769 515 2831 sed
533 2788 591 2852 quo
607 2771 674 2852 plus
691 2770 837 2854 labuntur·
846 2769 877 2832 in
892 2775 1029 2852 tempora
1045 2791 1080 2835 eo
1097 2771 1266 2852 graciosius

56 2881 252 2945 adolescant.
286 2877 374 2940 Patet
389 2876 449 2940 hoe
472 2878 575 2960 utique
598 2877 707 2940 clarius
731 2877 810 2941 omni
833 2879 914 2942 claro
936 2897 992 2959 per
1013 2898 1065 2950 ea,
1093 2897 1151 2961 que
1173 2878 1267 2942 misse
1348 2861 1354 2872 ’

60 2989 153 3054 nobis
162 2985 204 3072 b)
214 2990 316 3048 vestre
331 2984 632 3058 literceontinebant‚
641 3007 677 3048 ex
684 2992 920 3069 quarumtenore
928 2986 1076 3068 probabili
1094 2987 1268 3050 coniectura

59 3094 302 3181 perpendimus,
331 3093 414 3156 eirea
437 3093 533 3157 latera
554 3099 658 3157 nostra
679 3095 830 3176 vigilantis
847 3115 900 3159 vos
917 3095 1015 3177 vigilis
1032 3095 1163 3159 osticium
1179 3116 1267 3160 exer-

58 3227 133 3270 cere
160 3209 195 3267 et
210 3202 358 3286 regalium
376 3202 567 3265 excubiarum
583 3203 744 3284 negocium
766 3210 827 3267 tarn
849 3203 1009 3268 salubriter
1030 3223 1119 3286 quarn
1140 3204 1269 3268 fideliter

61 3313 238 3396 adimplere
260 3311 298 3398 ¹),
315 3329 383 3372 curn
399 3309 440 3372 nil
455 3311 554 3392 possit
573 3311 659 3374 nobis
678 3331 839 3376 occurrere
861 3318 922 3376 tarn
943 3318 1191 3395 tempestuosum,
1207 3318 1269 3377 tarn

59 3422 224 3488 turbidum
242 3419 280 3505 e)
298 3424 329 3481 et
343 3423 405 3482 tam
422 3438 565 3500 opacum,
594 3420 665 3502 quin
686 3425 788 3484 vestre
811 3421 956 3484 luminose
978 3422 1141 3502 prudencie
1163 3421 1268 3485 iubare

59 3534 238 3594 serenetur.
256 3528 355 3608 Super
371 3527 430 3589 hiis
447 3527 539 3608 igitur
556 3527 735 3592 salutaribus
749 3529 858 3593 vestris
877 3529 998 3592 monitis
1012 3535 1043 3592 et
1053 3530 1268 3593 informacione

60 3635 222 3720 gratuita,
252 3633 360 3717 quibus
383 3653 438 3695 nos
460 3625 573 3696 utiliter
588 3632 787 3707 instruxistis,
815 3635 987 3717 paternitati
1003 3641 1103 3698 vestre
1119 3642 1222 3718 grates
1239 3644 1270 3700 et

60 3745 191 3827 gracias
204 3740 393 3806 exsolventes
407 3746 438 3804 et
449 3747 573 3823 propter
587 3741 645 3806 hee
663 3749 693 3805 et
709 3744 767 3806 alia
784 3742 923 3806 dulciflue
939 3749 1039 3808 vestre
1055 3744 1197 3810 bonitatis
1215 3766 1269 3810 seu

59 3850 232 3916 voluntatis
248 3848 360 3911 indicia
376 3868 431 3911 nos
448 3854 480 3910 et
494 3853 598 3912 nostra
615 3848 797 3931 quibuslibet
813 3851 921 3913 vestris
939 3851 1062 3914 nutibus
1075 3858 1270 3934 exponentes,

62 3961 102 4023 de
121 3964 230 4023 nostre
247 3956 456 4038 prosperitatis
474 3956 648 4028 eventibus,
677 3976 751 4040 quos
769 3957 871 4020 andire
887 3958 1017 4022 libenter
1037 3980 1091 4024 vos
1108 3961 1269 4033 credimus,

162 4101 198 4170 a)
223 4102 252 4152 et
273 4101 293 4152 Z
318 4101 360 4152 fiir
384 4117 463 4170 qoam
481 4129 509 4138 -
525 4100 557 4168 b)
572 4101 647 4154 nobis
659 4118 699 4153 am
714 4101 806 4154 Raude
821 4102 849 4156 V.
868 4131 895 4143 —·
912 4103 942 4169 e)
964 4107 1016 4168 tom
1034 4104 1101 4158 lueis
1114 4105 1269 4176 impervium

62 4200 92 4246 et
107 4208 226 4262 opacum
239 4191 267 4243 Z.

92 4391 119 4449 1)
139 4390 214 4436 Gerb.
233 4390 257 4443 2,
286 4387 316 4432 55
334 4388 403 4432 tbeilt
418 4389 486 4432 einen
504 4389 570 4434 Briel
584 4387 792 4447 (wahrsehelnlicb
810 4391 851 4433 des
864 4391 933 4435 Erab.
946 4391 1066 4437 Friedrich
1084 4405 1128 4436 von
1141 4393 1269 4452 salzburg)

134 4474 187 4527 mit,
205 4472 229 4516 in
249 4470 361 4515 welchem
379 4469 468 4514 liudolf
487 4477 596 4528 gewarnt
616 4471 689 4514 wind:
715 4472 747 4515 sis
768 4474 849 4516 cautus
872 4475 954 4518 eustos
972 4476 996 4517 et
1013 4475 1122 4530 provisor
1141 4476 1201 4520 vitae
1217 4479 1271 4520 tuae

134 4555 190 4598 und·
201 4552 344 4598 bezeicbnet
360 4552 422 4595 wobl
439 4552 480 4595 mit
498 4553 572 4596 Reebt
589 4565 675 4596 nnsern
694 4553 760 4597 Briet
774 4555 807 4596 ale
825 4556 862 4598 die
881 4556 989 4597 Antwort
1008 4556 1049 4598 arri
1063 4555 1196 4601 densclben.

1001 4634 1055 4685 lo*
