<?xml version="1.0" encoding="UTF-8"?>
<!DOCTYPE html PUBLIC "-//W3C//DTD XHTML 1.0 Transitional//EN"
    "http://www.w3.org/TR/xhtml1/DTD/xhtml1-transitional.dtd">
<html xmlns="http://www.w3.org/1999/xhtml" xml:lang="en" lang="en">
 <head>
  <title>
</title>
<meta http-equiv="Content-Type" content="text/html;charset=utf-8" />
  <meta name='ocr-system' content='tesseract 3.04.00' />
  <meta name='ocr-capabilities' content='ocr_page ocr_carea ocr_par ocr_line ocrx_word'/>
</head>
<body>
  <div class='ocr_page' id='page_1' title='image "./fontesrerumaust01kommgoog_0370.png"; bbox 0 0 3100 5116; ppageno 0'>
   <div class='ocr_carea' id='block_1_1' title="bbox 642 516 707 586">
    <p class='ocr_par' dir='ltr' id='par_1_1' title="bbox 642 516 707 586">
     <span class='ocr_line' id='line_1_1' title="bbox 642 516 707 586; baseline -0.046 0"><span class='ocrx_word' id='word_1_1' title='bbox 642 516 707 586; x_wconf 75' lang='lat'><strong>42.</strong></span> 
     </span>
    </p>
   </div>
   <div class='ocr_carea' id='block_1_2' title="bbox 334 655 1000 872">
    <p class='ocr_par' dir='ltr' id='par_1_2' title="bbox 334 655 1000 872">
     <span class='ocr_line' id='line_1_2' title="bbox 334 655 1000 740; baseline -0.011 -21"><span class='ocrx_word' id='word_1_2' title='bbox 334 657 497 739; x_wconf 70' lang='lat' dir='ltr'><strong>Imperator</strong></span> <span class='ocrx_word' id='word_1_3' title='bbox 514 676 605 740; x_wconf 86' lang='lat' dir='ltr'><strong>super</strong></span> <span class='ocrx_word' id='word_1_4' title='bbox 620 658 822 721; x_wconf 85' lang='lat' dir='ltr'><strong>innoroclone</strong></span> <span class='ocrx_word' id='word_1_5' title='bbox 839 655 1000 737; x_wconf 80' lang='lat' dir='ltr'><strong>privilegii.</strong></span> 
     </span>
     <span class='ocr_line' id='line_1_3' title="bbox 495 778 839 872; baseline 0.006 -39"><span class='ocrx_word' id='word_1_6' title='bbox 495 779 575 834; x_wconf 74' lang='lat'><strong>1237.</strong></span> <span class='ocrx_word' id='word_1_7' title='bbox 588 781 715 835; x_wconf 78' lang='lat' dir='ltr'><strong>Februar.</strong></span> <span class='ocrx_word' id='word_1_8' title='bbox 731 778 839 872; x_wconf 29' lang='lat' dir='ltr'><strong>vienne..</strong></span> 
     </span>
    </p>
   </div>
   <div class='ocr_carea' id='block_1_3' title="bbox 89 919 1240 997">
    <p class='ocr_par' dir='ltr' id='par_1_3' title="bbox 89 919 1240 997">
     <span class='ocr_line' id='line_1_4' title="bbox 89 919 1240 997; baseline -0.003 -21"><span class='ocrx_word' id='word_1_9' title='bbox 89 923 192 978; x_wconf 81' lang='lat' dir='ltr'><strong>Kaieer</strong></span> <span class='ocrx_word' id='word_1_10' title='bbox 205 922 352 979; x_wconf 77' lang='lat' dir='ltr'><strong><em>Friedrich</em></strong></span> <span class='ocrx_word' id='word_1_11' title='bbox 365 925 400 977; x_wconf 86' lang='lat' dir='ltr'><strong>II.</strong></span> <span class='ocrx_word' id='word_1_12' title='bbox 415 924 538 997; x_wconf 74' lang='lat' dir='ltr'><strong>deseritiyt</strong></span> <span class='ocrx_word' id='word_1_13' title='bbox 555 925 614 978; x_wconf 85' lang='lat' dir='ltr'><strong>dem</strong></span> <span class='ocrx_word' id='word_1_14' title='bbox 628 923 852 979; x_wconf 82' lang='lat' dir='ltr'><strong>Sebottenlcloctcr</strong></span> <span class='ocrx_word' id='word_1_15' title='bbox 864 924 892 978; x_wconf 82' lang='lat' dir='ltr'><strong>in</strong></span> <span class='ocrx_word' id='word_1_16' title='bbox 911 923 986 977; x_wconf 86' lang='lat' dir='ltr'><strong>Wicn</strong></span> <span class='ocrx_word' id='word_1_17' title='bbox 999 922 1043 976; x_wconf 85' lang='lat' dir='ltr'><strong>ein</strong></span> <span class='ocrx_word' id='word_1_18' title='bbox 1056 919 1240 992; x_wconf 75' lang='lat' dir='ltr'><strong>Pricilepium.</strong></span> 
     </span>
    </p>
   </div>
   <div class='ocr_carea' id='block_1_4' title="bbox 61 1066 1391 3804">
    <p class='ocr_par' dir='ltr' id='par_1_4' title="bbox 61 1066 1391 2245">
     <span class='ocr_line' id='line_1_5' title="bbox 71 1066 1271 1154; baseline -0.005 -20"><span class='ocrx_word' id='word_1_19' title='bbox 71 1094 76 1108; x_wconf 93' lang='lat'><em>·</em></span> <span class='ocrx_word' id='word_1_20' title='bbox 157 1071 327 1154; x_wconf 86' lang='lat' dir='ltr'><strong>imperialis</strong></span> <span class='ocrx_word' id='word_1_21' title='bbox 345 1072 471 1135; x_wconf 82' lang='lat' dir='ltr'>thronus</span> <span class='ocrx_word' id='word_1_22' title='bbox 494 1072 644 1135; x_wconf 78' lang='lat' dir='ltr'><strong>extollitur</strong></span> <span class='ocrx_word' id='word_1_23' title='bbox 667 1076 697 1134; x_wconf 92' lang='lat' dir='ltr'><strong>et</strong></span> <span class='ocrx_word' id='word_1_24' title='bbox 713 1071 880 1153; x_wconf 84' lang='lat' dir='ltr'><strong>augustalis</strong></span> <span class='ocrx_word' id='word_1_25' title='bbox 904 1070 1026 1133; x_wconf 87' lang='lat' dir='ltr'><strong>honoris</strong></span> <span class='ocrx_word' id='word_1_26' title='bbox 1050 1068 1153 1131; x_wconf 91' lang='lat' dir='ltr'><strong>titulus</strong></span> <span class='ocrx_word' id='word_1_27' title='bbox 1178 1066 1271 1129; x_wconf 89' lang='lat' dir='ltr'><strong>decc-</strong></span> 
     </span>
     <span class='ocr_line' id='line_1_6' title="bbox 64 1178 1271 1262; baseline -0.005 -19"><span class='ocrx_word' id='word_1_28' title='bbox 64 1185 160 1249; x_wconf 89' lang='lat' dir='ltr'><strong>ratur,</strong></span> <span class='ocrx_word' id='word_1_29' title='bbox 179 1200 249 1242; x_wconf 91' lang='lat' dir='ltr'><strong>cum</strong></span> <span class='ocrx_word' id='word_1_30' title='bbox 266 1178 304 1242; x_wconf 90' lang='lat' dir='ltr'><strong>ad</strong></span> <span class='ocrx_word' id='word_1_31' title='bbox 320 1181 387 1242; x_wconf 91' lang='lat' dir='ltr'><strong>loca</strong></span> <span class='ocrx_word' id='word_1_32' title='bbox 403 1181 547 1262; x_wconf 84' lang='lat' dir='ltr'><strong>religiosa</strong></span> <span class='ocrx_word' id='word_1_33' title='bbox 565 1180 771 1243; x_wconf 90' lang='lat' dir='ltr'><strong>consideracio</strong></span> <span class='ocrx_word' id='word_1_34' title='bbox 788 1180 921 1261; x_wconf 85' lang='lat' dir='ltr'><strong>benigna</strong></span> <span class='ocrx_word' id='word_1_35' title='bbox 937 1179 1104 1262; x_wconf 82' lang='lat' dir='ltr'><strong>porrigitur</strong></span> <span class='ocrx_word' id='word_1_36' title='bbox 1120 1181 1150 1240; x_wconf 90' lang='lat' dir='ltr'><strong>et</strong></span> <span class='ocrx_word' id='word_1_37' title='bbox 1167 1195 1271 1239; x_wconf 90' lang='lat' dir='ltr'><strong>eorum</strong></span> 
     </span>
     <span class='ocr_line' id='line_1_7' title="bbox 64 1288 1273 1372; baseline -0.005 -20"><span class='ocrx_word' id='word_1_38' title='bbox 64 1296 165 1354; x_wconf 88' lang='lat' dir='ltr'><strong>status</strong></span> <span class='ocrx_word' id='word_1_39' title='bbox 190 1294 221 1352; x_wconf 87' lang='lat' dir='ltr'><strong>et</strong></span> <span class='ocrx_word' id='word_1_40' title='bbox 244 1289 440 1353; x_wconf 79' lang='lat' dir='ltr'><strong>commoditas</strong></span> <span class='ocrx_word' id='word_1_41' title='bbox 469 1289 586 1353; x_wconf 84' lang='lat' dir='ltr'><strong>liberali</strong></span> <span class='ocrx_word' id='word_1_42' title='bbox 612 1288 820 1353; x_wconf 88' lang='lat' dir='ltr'><strong>munificencia</strong></span> <span class='ocrx_word' id='word_1_43' title='bbox 848 1293 1069 1372; x_wconf 84' lang='lat' dir='ltr'><strong>promoventur.</strong></span> <span class='ocrx_word' id='word_1_44' title='bbox 1102 1289 1273 1370; x_wconf 87' lang='lat' dir='ltr'><strong>Eapropter</strong></span> 
     </span>
     <span class='ocr_line' id='line_1_8' title="bbox 63 1397 1272 1481; baseline -0.002 -19"><span class='ocrx_word' id='word_1_45' title='bbox 63 1404 171 1462; x_wconf 89' lang='lat' dir='ltr'><strong>notum</strong></span> <span class='ocrx_word' id='word_1_46' title='bbox 195 1397 260 1461; x_wconf 89' lang='lat' dir='ltr'><strong>lieri</strong></span> <span class='ocrx_word' id='word_1_47' title='bbox 282 1398 418 1462; x_wconf 88' lang='lat' dir='ltr'><strong>volumus</strong></span> <span class='ocrx_word' id='word_1_48' title='bbox 440 1397 580 1462; x_wconf 86' lang='lat' dir='ltr'><strong>fidelibus</strong></span> <span class='ocrx_word' id='word_1_49' title='bbox 603 1401 715 1462; x_wconf 89' lang='lat' dir='ltr'><strong>nostris</strong></span> <span class='ocrx_word' id='word_1_50' title='bbox 738 1404 799 1462; x_wconf 91' lang='lat' dir='ltr'><strong>tam</strong></span> <span class='ocrx_word' id='word_1_51' title='bbox 823 1398 1015 1481; x_wconf 86' lang='lat' dir='ltr'><strong>presentibus</strong></span> <span class='ocrx_word' id='word_1_52' title='bbox 1044 1416 1133 1480; x_wconf 88' lang='lat' dir='ltr'><strong>quam</strong></span> <span class='ocrx_word' id='word_1_53' title='bbox 1149 1397 1272 1470; x_wconf 86' lang='lat' dir='ltr'><strong>futuris,</strong></span> 
     </span>
     <span class='ocr_line' id='line_1_9' title="bbox 63 1505 1273 1593; baseline -0.004 -21"><span class='ocrx_word' id='word_1_54' title='bbox 63 1509 164 1592; x_wconf 88' lang='lat' dir='ltr'><strong>quod,</strong></span> <span class='ocrx_word' id='word_1_55' title='bbox 199 1506 287 1570; x_wconf 91' lang='lat' dir='ltr'><strong>nobis</strong></span> <span class='ocrx_word' id='word_1_56' title='bbox 320 1507 435 1572; x_wconf 90' lang='lat' dir='ltr'><strong>Vienne</strong></span> <span class='ocrx_word' id='word_1_57' title='bbox 463 1508 658 1593; x_wconf 87' lang='lat' dir='ltr'><strong>presentibus</strong></span> <span class='ocrx_word' id='word_1_58' title='bbox 691 1513 721 1570; x_wconf 91' lang='lat' dir='ltr'><strong>et</strong></span> <span class='ocrx_word' id='word_1_59' title='bbox 752 1513 946 1590; x_wconf 82' lang='lat' dir='ltr'><strong>promovente</strong></span> <span class='ocrx_word' id='word_1_60' title='bbox 977 1507 1103 1569; x_wconf 88' lang='lat' dir='ltr'><strong>Domino</strong></span> <span class='ocrx_word' id='word_1_61' title='bbox 1142 1505 1273 1568; x_wconf 80' lang='lat' dir='ltr'><strong>feliciter</strong></span> 
     </span>
     <span class='ocr_line' id='line_1_10' title="bbox 63 1614 1273 1705; baseline -0.003 -24"><span class='ocrx_word' id='word_1_62' title='bbox 63 1617 162 1681; x_wconf 91' lang='lat' dir='ltr'><strong>nostri</strong></span> <span class='ocrx_word' id='word_1_63' title='bbox 189 1617 327 1680; x_wconf 91' lang='lat' dir='ltr'><strong>culminis</strong></span> <span class='ocrx_word' id='word_1_64' title='bbox 357 1617 574 1681; x_wconf 90' lang='lat' dir='ltr'><strong>incrementum</strong></span> <span class='ocrx_word' id='word_1_65' title='bbox 594 1618 633 1705; x_wconf 91' lang='lat'><strong>1),</strong></span> <span class='ocrx_word' id='word_1_66' title='bbox 666 1619 734 1680; x_wconf 91' lang='lat' dir='ltr'><strong>talis</strong></span> <span class='ocrx_word' id='word_1_67' title='bbox 752 1618 847 1681; x_wconf 90' lang='lat' dir='ltr'><strong>abbas</strong></span> <span class='ocrx_word' id='word_1_68' title='bbox 877 1620 906 1679; x_wconf 90' lang='lat' dir='ltr'><strong>et</strong></span> <span class='ocrx_word' id='word_1_69' title='bbox 935 1619 1099 1679; x_wconf 80' lang='lat' dir='ltr'><strong>conuentus</strong></span> <span class='ocrx_word' id='word_1_70' title='bbox 1122 1614 1273 1699; x_wconf 87' lang='lat' dir='ltr'><strong>quoddam</strong></span> 
     </span>
     <span class='ocr_line' id='line_1_11' title="bbox 61 1725 1391 1814; baseline -0.002 -24"><span class='ocrx_word' id='word_1_71' title='bbox 61 1726 260 1810; x_wconf 82' lang='lat' dir='ltr'><strong>priuilegium</strong></span> <span class='ocrx_word' id='word_1_72' title='bbox 294 1746 348 1788; x_wconf 92' lang='lat' dir='ltr'><strong>suo</strong></span> <span class='ocrx_word' id='word_1_73' title='bbox 383 1726 535 1810; x_wconf 83' lang='lat' dir='ltr'><strong>quondam</strong></span> <span class='ocrx_word' id='word_1_74' title='bbox 570 1728 793 1790; x_wconf 81' lang='lat' dir='ltr'><strong>monasteriae</strong></span> <span class='ocrx_word' id='word_1_75' title='bbox 828 1748 902 1808; x_wconf 82' lang='lat' dir='ltr'><strong>rege</strong></span> <span class='ocrx_word' id='word_1_76' title='bbox 933 1725 1077 1789; x_wconf 80' lang='lat' dir='ltr'><strong>bohemie</strong></span> <span class='ocrx_word' id='word_1_77' title='bbox 1110 1726 1274 1814; x_wconf 67' lang='lat' dir='ltr'><strong>clementer</strong></span> <span class='ocrx_word' id='word_1_78' title='bbox 1284 1745 1327 1790; x_wconf 77' lang='lat' dir='ltr'><strong>ru.</strong></span> <span class='ocrx_word' id='word_1_79' title='bbox 1341 1745 1391 1788; x_wconf 70' lang='lat' dir='ltr'><strong>sio.</strong></span> 
     </span>
     <span class='ocr_line' id='line_1_12' title="bbox 62 1834 1274 1918; baseline -0.001 -20"><span class='ocrx_word' id='word_1_80' title='bbox 62 1834 218 1898; x_wconf 91' lang='lat' dir='ltr'><strong>indultum</strong></span> <span class='ocrx_word' id='word_1_81' title='bbox 240 1837 341 1896; x_wconf 88' lang='lat' dir='ltr'><strong>nostre</strong></span> <span class='ocrx_word' id='word_1_82' title='bbox 365 1835 539 1898; x_wconf 91' lang='lat' dir='ltr'><strong>celsitudini</strong></span> <span class='ocrx_word' id='word_1_83' title='bbox 561 1840 791 1917; x_wconf 82' lang='lat' dir='ltr'><strong>presentarunt,</strong></span> <span class='ocrx_word' id='word_1_84' title='bbox 816 1837 993 1918; x_wconf 80' lang='lat' dir='ltr'><strong>suppliciter</strong></span> <span class='ocrx_word' id='word_1_85' title='bbox 1015 1835 1215 1918; x_wconf 84' lang='lat' dir='ltr'><strong>postulantes,</strong></span> <span class='ocrx_word' id='word_1_86' title='bbox 1241 1839 1274 1898; x_wconf 93' lang='lat' dir='ltr'><strong>ut</strong></span> 
     </span>
     <span class='ocr_line' id='line_1_13' title="bbox 63 1942 1273 2028; baseline -0.003 -20"><span class='ocrx_word' id='word_1_87' title='bbox 63 1946 167 2027; x_wconf 92' lang='lat' dir='ltr'><strong>ipsum</strong></span> <span class='ocrx_word' id='word_1_88' title='bbox 183 1942 375 2027; x_wconf 83' lang='lat' dir='ltr'><strong>privilegium</strong></span> <span class='ocrx_word' id='word_1_89' title='bbox 392 1942 429 2004; x_wconf 90' lang='lat' dir='ltr'><strong>de</strong></span> <span class='ocrx_word' id='word_1_90' title='bbox 446 1944 539 2007; x_wconf 87' lang='lat' dir='ltr'><strong>verbo</strong></span> <span class='ocrx_word' id='word_1_91' title='bbox 556 1943 736 2007; x_wconf 85' lang='lat' dir='ltr'><strong>adverbum</strong></span> <span class='ocrx_word' id='word_1_92' title='bbox 753 1945 984 2027; x_wconf 89' lang='lat' dir='ltr'><strong>transscriptum</strong></span> <span class='ocrx_word' id='word_1_93' title='bbox 1004 1944 1148 2008; x_wconf 85' lang='lat' dir='ltr'><strong>innovare</strong></span> <span class='ocrx_word' id='word_1_94' title='bbox 1167 1949 1197 2006; x_wconf 88' lang='lat' dir='ltr'><strong>et</strong></span> <span class='ocrx_word' id='word_1_95' title='bbox 1215 1964 1273 2028; x_wconf 89' lang='lat' dir='ltr'><strong>que</strong></span> 
     </span>
     <span class='ocr_line' id='line_1_14' title="bbox 64 2052 1273 2137; baseline -0.001 -21"><span class='ocrx_word' id='word_1_96' title='bbox 64 2055 95 2116; x_wconf 92' lang='lat' dir='ltr'><strong>in</strong></span> <span class='ocrx_word' id='word_1_97' title='bbox 113 2052 225 2116; x_wconf 88' lang='lat' dir='ltr'><strong>eodem</strong></span> <span class='ocrx_word' id='word_1_98' title='bbox 241 2053 431 2116; x_wconf 89' lang='lat' dir='ltr'><strong>continentur</strong></span> <span class='ocrx_word' id='word_1_99' title='bbox 447 2052 623 2117; x_wconf 87' lang='lat' dir='ltr'><strong>confirmare</strong></span> <span class='ocrx_word' id='word_1_100' title='bbox 640 2053 677 2117; x_wconf 90' lang='lat' dir='ltr'><strong>de</strong></span> <span class='ocrx_word' id='word_1_101' title='bbox 695 2058 799 2118; x_wconf 89' lang='lat' dir='ltr'><strong>nostra</strong></span> <span class='ocrx_word' id='word_1_102' title='bbox 821 2056 925 2136; x_wconf 86' lang='lat' dir='ltr'><strong>gracia</strong></span> <span class='ocrx_word' id='word_1_103' title='bbox 949 2053 1160 2137; x_wconf 86' lang='lat' dir='ltr'><strong>dignaremur;</strong></span> <span class='ocrx_word' id='word_1_104' title='bbox 1185 2055 1273 2117; x_wconf 90' lang='lat' dir='ltr'><strong>euius</strong></span> 
     </span>
     <span class='ocr_line' id='line_1_15' title="bbox 64 2162 588 2245; baseline -0.008 -19"><span class='ocrx_word' id='word_1_105' title='bbox 64 2168 158 2226; x_wconf 90' lang='lat' dir='ltr'><strong>tenor</strong></span> <span class='ocrx_word' id='word_1_106' title='bbox 173 2163 345 2245; x_wconf 84' lang='lat' dir='ltr'><strong>peremnia</strong></span> <span class='ocrx_word' id='word_1_107' title='bbox 361 2162 430 2226; x_wconf 91' lang='lat' dir='ltr'><strong>talis</strong></span> <span class='ocrx_word' id='word_1_108' title='bbox 448 2167 513 2225; x_wconf 90' lang='lat' dir='ltr'><strong>erat</strong></span> <span class='ocrx_word' id='word_1_109' title='bbox 530 2168 588 2226; x_wconf 92' lang='lat' dir='ltr'><strong>etc.</strong></span> 
     </span>
    </p>

    <p class='ocr_par' dir='ltr' id='par_1_5' title="bbox 64 2271 1279 3564">
     <span class='ocr_line' id='line_1_16' title="bbox 160 2271 1275 2356; baseline -0.002 -20"><span class='ocrx_word' id='word_1_110' title='bbox 160 2273 225 2336; x_wconf 90' lang='lat' dir='ltr'><strong>Nos</strong></span> <span class='ocrx_word' id='word_1_111' title='bbox 247 2271 349 2353; x_wconf 81' lang='lat' dir='ltr'><strong>igitur,</strong></span> <span class='ocrx_word' id='word_1_112' title='bbox 373 2271 424 2356; x_wconf 91' lang='lat' dir='ltr'><strong>qui</strong></span> <span class='ocrx_word' id='word_1_113' title='bbox 439 2272 478 2334; x_wconf 91' lang='lat' dir='ltr'><strong>ad</strong></span> <span class='ocrx_word' id='word_1_114' title='bbox 506 2272 708 2355; x_wconf 89' lang='lat' dir='ltr'><strong>ampliandum</strong></span> <span class='ocrx_word' id='word_1_115' title='bbox 731 2274 928 2336; x_wconf 90' lang='lat' dir='ltr'><strong>ecclesiarum</strong></span> <span class='ocrx_word' id='word_1_116' title='bbox 950 2279 1062 2337; x_wconf 88' lang='lat' dir='ltr'><strong>statum</strong></span> <span class='ocrx_word' id='word_1_117' title='bbox 1083 2278 1114 2337; x_wconf 90' lang='lat' dir='ltr'><strong>et</strong></span> <span class='ocrx_word' id='word_1_118' title='bbox 1135 2275 1275 2336; x_wconf 91' lang='lat' dir='ltr'><strong>locorum</strong></span> 
     </span>
     <span class='ocr_line' id='line_1_17' title="bbox 64 2380 1276 2464; baseline -0.002 -18"><span class='ocrx_word' id='word_1_119' title='bbox 64 2382 282 2464; x_wconf 85' lang='lat' dir='ltr'><strong>religiosorum</strong></span> <span class='ocrx_word' id='word_1_120' title='bbox 304 2380 530 2445; x_wconf 83' lang='lat' dir='ltr'><strong>commoditates</strong></span> <span class='ocrx_word' id='word_1_121' title='bbox 554 2381 709 2464; x_wconf 85' lang='lat' dir='ltr'><strong>augendas</strong></span> <span class='ocrx_word' id='word_1_122' title='bbox 725 2385 775 2464; x_wconf 90' lang='lat' dir='ltr'><strong>pio</strong></span> <span class='ocrx_word' id='word_1_123' title='bbox 791 2382 894 2446; x_wconf 88' lang='lat' dir='ltr'><strong>favore</strong></span> <span class='ocrx_word' id='word_1_124' title='bbox 911 2383 1067 2446; x_wconf 88' lang='lat' dir='ltr'><strong>intendere</strong></span> <span class='ocrx_word' id='word_1_125' title='bbox 1084 2384 1224 2448; x_wconf 88' lang='lat' dir='ltr'><strong>volumus</strong></span> <span class='ocrx_word' id='word_1_126' title='bbox 1245 2385 1276 2444; x_wconf 89' lang='lat' dir='ltr'><strong>et</strong></span> 
     </span>
     <span class='ocr_line' id='line_1_18' title="bbox 67 2489 1276 2575; baseline 0 -20"><span class='ocrx_word' id='word_1_127' title='bbox 67 2492 230 2560; x_wconf 88' lang='lat' dir='ltr'><strong>debemus,</strong></span> <span class='ocrx_word' id='word_1_128' title='bbox 247 2489 415 2572; x_wconf 87' lang='lat' dir='ltr'><strong>predictum</strong></span> <span class='ocrx_word' id='word_1_129' title='bbox 431 2491 623 2573; x_wconf 83' lang='lat' dir='ltr'><strong>priuilegium</strong></span> <span class='ocrx_word' id='word_1_130' title='bbox 639 2491 677 2554; x_wconf 91' lang='lat' dir='ltr'><strong>de</strong></span> <span class='ocrx_word' id='word_1_131' title='bbox 700 2492 791 2554; x_wconf 90' lang='lat' dir='ltr'><strong>verbo</strong></span> <span class='ocrx_word' id='word_1_132' title='bbox 816 2491 854 2554; x_wconf 87' lang='lat' dir='ltr'><strong>ad</strong></span> <span class='ocrx_word' id='word_1_133' title='bbox 876 2493 1002 2556; x_wconf 83' lang='lat' dir='ltr'><strong>uerbum</strong></span> <span class='ocrx_word' id='word_1_134' title='bbox 1024 2494 1160 2575; x_wconf 87' lang='lat' dir='ltr'><strong>presenti</strong></span> <span class='ocrx_word' id='word_1_135' title='bbox 1182 2493 1276 2574; x_wconf 90' lang='lat' dir='ltr'><strong>privi-</strong></span> 
     </span>
     <span class='ocr_line' id='line_1_19' title="bbox 65 2599 1277 2686; baseline 0 -22"><span class='ocrx_word' id='word_1_136' title='bbox 65 2603 150 2684; x_wconf 82' lang='lat' dir='ltr'><strong>legio</strong></span> <span class='ocrx_word' id='word_1_137' title='bbox 180 2600 274 2663; x_wconf 88' lang='lat' dir='ltr'><strong>inseri</strong></span> <span class='ocrx_word' id='word_1_138' title='bbox 302 2599 455 2670; x_wconf 89' lang='lat' dir='ltr'><strong>iussimus,</strong></span> <span class='ocrx_word' id='word_1_139' title='bbox 485 2601 614 2683; x_wconf 85' lang='lat' dir='ltr'><strong>singula,</strong></span> <span class='ocrx_word' id='word_1_140' title='bbox 633 2621 690 2684; x_wconf 92' lang='lat' dir='ltr'><strong>que</strong></span> <span class='ocrx_word' id='word_1_141' title='bbox 707 2600 819 2664; x_wconf 90' lang='lat' dir='ltr'><strong>ibidem</strong></span> <span class='ocrx_word' id='word_1_142' title='bbox 842 2603 1041 2674; x_wconf 91' lang='lat' dir='ltr'><strong>continentur,</strong></span> <span class='ocrx_word' id='word_1_143' title='bbox 1067 2603 1105 2666; x_wconf 90' lang='lat' dir='ltr'><strong>de</strong></span> <span class='ocrx_word' id='word_1_144' title='bbox 1128 2602 1277 2686; x_wconf 87' lang='lat' dir='ltr'><strong>imperiali</strong></span> 
     </span>
     <span class='ocr_line' id='line_1_20' title="bbox 67 2708 1278 2794; baseline -0.001 -21"><span class='ocrx_word' id='word_1_145' title='bbox 67 2710 177 2794; x_wconf 82' lang='lat' dir='ltr'><strong>gracia</strong></span> <span class='ocrx_word' id='word_1_146' title='bbox 193 2708 415 2779; x_wconf 85' lang='lat' dir='ltr'><strong>confirmantes,</strong></span> <span class='ocrx_word' id='word_1_147' title='bbox 433 2709 591 2774; x_wconf 87' lang='lat' dir='ltr'><strong>statuimus</strong></span> <span class='ocrx_word' id='word_1_148' title='bbox 609 2717 639 2772; x_wconf 91' lang='lat' dir='ltr'><strong>et</strong></span> <span class='ocrx_word' id='word_1_149' title='bbox 662 2710 808 2792; x_wconf 89' lang='lat' dir='ltr'><strong>imperiali</strong></span> <span class='ocrx_word' id='word_1_150' title='bbox 830 2711 983 2775; x_wconf 90' lang='lat' dir='ltr'><strong>sancimus</strong></span> <span class='ocrx_word' id='word_1_151' title='bbox 1005 2712 1116 2783; x_wconf 90' lang='lat' dir='ltr'><strong>edicto,</strong></span> <span class='ocrx_word' id='word_1_152' title='bbox 1138 2717 1171 2774; x_wconf 96' lang='lat' dir='ltr'><strong>ut</strong></span> <span class='ocrx_word' id='word_1_153' title='bbox 1195 2712 1278 2775; x_wconf 88' lang='lat' dir='ltr'><strong>nulla</strong></span> 
     </span>
     <span class='ocr_line' id='line_1_21' title="bbox 67 2818 1278 2905; baseline 0 -22"><span class='ocrx_word' id='word_1_154' title='bbox 67 2839 204 2905; x_wconf 90' lang='lat' dir='ltr'><strong>persona</strong></span> <span class='ocrx_word' id='word_1_155' title='bbox 220 2820 281 2882; x_wconf 86' lang='lat' dir='ltr'><strong>alta</strong></span> <span class='ocrx_word' id='word_1_156' title='bbox 297 2819 342 2881; x_wconf 84' lang='lat' dir='ltr'><strong>uel</strong></span> <span class='ocrx_word' id='word_1_157' title='bbox 360 2818 491 2888; x_wconf 91' lang='lat' dir='ltr'><strong>humilis,</strong></span> <span class='ocrx_word' id='word_1_158' title='bbox 509 2819 718 2882; x_wconf 86' lang='lat' dir='ltr'><strong>ecclesiastica</strong></span> <span class='ocrx_word' id='word_1_159' title='bbox 734 2821 780 2882; x_wconf 85' lang='lat' dir='ltr'><strong>uel</strong></span> <span class='ocrx_word' id='word_1_160' title='bbox 799 2822 944 2884; x_wconf 88' lang='lat' dir='ltr'><strong>secularis</strong></span> <span class='ocrx_word' id='word_1_161' title='bbox 966 2822 1119 2904; x_wconf 90' lang='lat' dir='ltr'><strong>predictos</strong></span> <span class='ocrx_word' id='word_1_162' title='bbox 1136 2820 1278 2884; x_wconf 88' lang='lat' dir='ltr'><strong>abbatem</strong></span> 
     </span>
     <span class='ocr_line' id='line_1_22' title="bbox 69 2927 1278 3013; baseline -0.002 -19"><span class='ocrx_word' id='word_1_163' title='bbox 69 2937 101 2994; x_wconf 90' lang='lat' dir='ltr'><strong>et</strong></span> <span class='ocrx_word' id='word_1_164' title='bbox 124 2935 309 2994; x_wconf 85' lang='lat' dir='ltr'><strong>conventum</strong></span> <span class='ocrx_word' id='word_1_165' title='bbox 330 2927 504 2991; x_wconf 88' lang='lat' dir='ltr'><strong>monasterii</strong></span> <span class='ocrx_word' id='word_1_166' title='bbox 526 2928 654 3010; x_wconf 90' lang='lat' dir='ltr'><strong>predicti</strong></span> <span class='ocrx_word' id='word_1_167' title='bbox 683 2950 775 3012; x_wconf 92' lang='lat' dir='ltr'><strong>super</strong></span> <span class='ocrx_word' id='word_1_168' title='bbox 801 2931 958 3013; x_wconf 90' lang='lat' dir='ltr'><strong>premissis</strong></span> <span class='ocrx_word' id='word_1_169' title='bbox 986 2935 1091 2994; x_wconf 88' lang='lat' dir='ltr'><strong>contra</strong></span> <span class='ocrx_word' id='word_1_170' title='bbox 1120 2931 1278 3013; x_wconf 90' lang='lat' dir='ltr'><strong>presentis</strong></span> 
     </span>
     <span class='ocr_line' id='line_1_23' title="bbox 67 3039 1278 3124; baseline -0.002 -21"><span class='ocrx_word' id='word_1_171' title='bbox 67 3039 226 3124; x_wconf 85' lang='lat' dir='ltr'><strong>privilegii</strong></span> <span class='ocrx_word' id='word_1_172' title='bbox 247 3039 344 3101; x_wconf 92' lang='lat' dir='ltr'><strong>nostri</strong></span> <span class='ocrx_word' id='word_1_173' title='bbox 364 3043 500 3100; x_wconf 88' lang='lat' dir='ltr'><strong>tenorem</strong></span> <span class='ocrx_word' id='word_1_174' title='bbox 527 3057 602 3101; x_wconf 90' lang='lat' dir='ltr'><strong>ausu</strong></span> <span class='ocrx_word' id='word_1_175' title='bbox 625 3041 784 3102; x_wconf 88' lang='lat' dir='ltr'><strong>temerario</strong></span> <span class='ocrx_word' id='word_1_176' title='bbox 807 3041 967 3103; x_wconf 91' lang='lat' dir='ltr'><strong>molestare</strong></span> <span class='ocrx_word' id='word_1_177' title='bbox 983 3044 1146 3122; x_wconf 89' lang='lat' dir='ltr'><strong>presumat.</strong></span> <span class='ocrx_word' id='word_1_178' title='bbox 1187 3039 1278 3122; x_wconf 81' lang='lat' dir='ltr'><strong>Quod</strong></span> 
     </span>
     <span class='ocr_line' id='line_1_24' title="bbox 69 3147 1278 3233; baseline -0.002 -18"><span class='ocrx_word' id='word_1_179' title='bbox 69 3153 97 3215; x_wconf 87' lang='lat' dir='ltr'><strong>si</strong></span> <span class='ocrx_word' id='word_1_180' title='bbox 115 3149 338 3233; x_wconf 88' lang='lat' dir='ltr'><strong>presumpserit</strong></span> <span class='ocrx_word' id='word_1_181' title='bbox 360 3151 418 3210; x_wconf 90' lang='lat' dir='ltr'><strong>etc.</strong></span> <span class='ocrx_word' id='word_1_182' title='bbox 451 3147 491 3211; x_wconf 93' lang='lat' dir='ltr'><strong>Ut</strong></span> <span class='ocrx_word' id='word_1_183' title='bbox 513 3151 613 3211; x_wconf 91' lang='lat' dir='ltr'><strong>autem</strong></span> <span class='ocrx_word' id='word_1_184' title='bbox 635 3148 692 3211; x_wconf 92' lang='lat' dir='ltr'><strong>hec</strong></span> <span class='ocrx_word' id='word_1_185' title='bbox 714 3153 816 3212; x_wconf 86' lang='lat' dir='ltr'><strong>nostra</strong></span> <span class='ocrx_word' id='word_1_186' title='bbox 839 3147 1028 3213; x_wconf 83' lang='lat' dir='ltr'><strong>confirmacio</strong></span> <span class='ocrx_word' id='word_1_187' title='bbox 1046 3170 1099 3214; x_wconf 92' lang='lat' dir='ltr'><strong>seu</strong></span> <span class='ocrx_word' id='word_1_188' title='bbox 1115 3148 1278 3214; x_wconf 85' lang='lat' dir='ltr'><strong>innoracio</strong></span> 
     </span>
     <span class='ocr_line' id='line_1_25' title="bbox 68 3255 1279 3346; baseline -0.002 -23"><span class='ocrx_word' id='word_1_189' title='bbox 68 3263 223 3346; x_wconf 89' lang='lat' dir='ltr'><strong>perpetue</strong></span> <span class='ocrx_word' id='word_1_190' title='bbox 238 3255 387 3319; x_wconf 83' lang='lat' dir='ltr'><strong>firmitatis</strong></span> <span class='ocrx_word' id='word_1_191' title='bbox 413 3257 506 3320; x_wconf 89' lang='lat' dir='ltr'><strong>robur</strong></span> <span class='ocrx_word' id='word_1_192' title='bbox 522 3256 666 3328; x_wconf 89' lang='lat' dir='ltr'><strong>obtineat,</strong></span> <span class='ocrx_word' id='word_1_193' title='bbox 694 3264 866 3340; x_wconf 90' lang='lat' dir='ltr'><strong>presentem</strong></span> <span class='ocrx_word' id='word_1_194' title='bbox 882 3259 1024 3341; x_wconf 89' lang='lat' dir='ltr'><strong>paginam</strong></span> <span class='ocrx_word' id='word_1_195' title='bbox 1046 3259 1111 3322; x_wconf 87' lang='lat' dir='ltr'><strong>lieri</strong></span> <span class='ocrx_word' id='word_1_196' title='bbox 1133 3261 1279 3323; x_wconf 92' lang='lat' dir='ltr'><strong>iussimus</strong></span> 
     </span>
     <span class='ocr_line' id='line_1_26' title="bbox 68 3367 1278 3451; baseline -0.002 -15"><span class='ocrx_word' id='word_1_197' title='bbox 68 3377 103 3436; x_wconf 92' lang='lat' dir='ltr'><strong>et</strong></span> <span class='ocrx_word' id='word_1_198' title='bbox 119 3369 205 3432; x_wconf 88' lang='lat' dir='ltr'><strong>bulla</strong></span> <span class='ocrx_word' id='word_1_199' title='bbox 221 3386 323 3440; x_wconf 86' lang='lat' dir='ltr'><strong>aurea,</strong></span> <span class='ocrx_word' id='word_1_200' title='bbox 338 3367 455 3450; x_wconf 76' lang='lat' dir='ltr'><strong>typario</strong></span> <span class='ocrx_word' id='word_1_201' title='bbox 472 3371 573 3440; x_wconf 88' lang='lat' dir='ltr'><strong>nostre</strong></span> <span class='ocrx_word' id='word_1_202' title='bbox 586 3368 752 3431; x_wconf 85' lang='lat' dir='ltr'><strong>maiestatis</strong></span> <span class='ocrx_word' id='word_1_203' title='bbox 769 3372 925 3451; x_wconf 88' lang='lat' dir='ltr'><strong>impressa,</strong></span> <span class='ocrx_word' id='word_1_204' title='bbox 942 3369 1071 3433; x_wconf 87' lang='lat' dir='ltr'><strong>fecimus</strong></span> <span class='ocrx_word' id='word_1_205' title='bbox 1088 3374 1118 3432; x_wconf 91' lang='lat' dir='ltr'><strong>et</strong></span> <span class='ocrx_word' id='word_1_206' title='bbox 1134 3371 1278 3435; x_wconf 90' lang='lat' dir='ltr'><strong>iussimus</strong></span> 
     </span>
     <span class='ocr_line' id='line_1_27' title="bbox 69 3475 227 3564; baseline -0.051 -18"><span class='ocrx_word' id='word_1_207' title='bbox 69 3475 227 3564; x_wconf 85' lang='lat' dir='ltr'><strong>insigniri.</strong></span> 
     </span>
    </p>

    <p class='ocr_par' dir='ltr' id='par_1_6' title="bbox 69 3641 1281 3804">
     <span class='ocr_line' id='line_1_28' title="bbox 175 3641 1280 3710; baseline 0.003 -14"><span class='ocrx_word' id='word_1_208' title='bbox 175 3643 267 3696; x_wconf 81' lang='lat' dir='ltr'><strong>Dieaer</strong></span> <span class='ocrx_word' id='word_1_209' title='bbox 279 3641 386 3696; x_wconf 81' lang='lat' dir='ltr'><strong>Formel</strong></span> <span class='ocrx_word' id='word_1_210' title='bbox 398 3641 467 3710; x_wconf 80' lang='lat' dir='ltr'><strong>liegt</strong></span> <span class='ocrx_word' id='word_1_211' title='bbox 480 3641 523 3696; x_wconf 89' lang='lat' dir='ltr'><strong>die</strong></span> <span class='ocrx_word' id='word_1_212' title='bbox 536 3641 660 3698; x_wconf 81' lang='lat' dir='ltr'><strong>Urkunde</strong></span> <span class='ocrx_word' id='word_1_213' title='bbox 675 3660 706 3696; x_wconf 82' lang='lat' dir='ltr'><strong>zu</strong></span> <span class='ocrx_word' id='word_1_214' title='bbox 721 3642 840 3705; x_wconf 89' lang='lat' dir='ltr'><strong>Grunde,</strong></span> <span class='ocrx_word' id='word_1_215' title='bbox 854 3641 900 3695; x_wconf 89' lang='lat' dir='ltr'><strong>mit</strong></span> <span class='ocrx_word' id='word_1_216' title='bbox 912 3642 1027 3696; x_wconf 88' lang='lat' dir='ltr'><strong>weleber</strong></span> <span class='ocrx_word' id='word_1_217' title='bbox 1041 3643 1179 3698; x_wconf 76' lang='lat' dir='ltr'><strong>Friedrich</strong></span> <span class='ocrx_word' id='word_1_218' title='bbox 1193 3643 1229 3698; x_wconf 88' lang='lat' dir='ltr'><strong>ll.</strong></span> <span class='ocrx_word' id='word_1_219' title='bbox 1244 3644 1280 3698; x_wconf 89' lang='lat' dir='ltr'><strong>im</strong></span> 
     </span>
     <span class='ocr_line' id='line_1_29' title="bbox 69 3731 1281 3804; baseline -0.002 -12"><span class='ocrx_word' id='word_1_220' title='bbox 69 3731 292 3792; x_wconf 80' lang='lat' dir='ltr'><strong>Februar123‘l</strong></span> <span class='ocrx_word' id='word_1_221' title='bbox 315 3751 347 3787; x_wconf 83' lang='lat' dir='ltr'><strong>zu</strong></span> <span class='ocrx_word' id='word_1_222' title='bbox 370 3732 447 3788; x_wconf 87' lang='lat' dir='ltr'><strong>Wien</strong></span> <span class='ocrx_word' id='word_1_223' title='bbox 469 3733 529 3788; x_wconf 88' lang='lat' dir='ltr'><strong>dem</strong></span> <span class='ocrx_word' id='word_1_224' title='bbox 556 3733 679 3804; x_wconf 80' lang='lat' dir='ltr'><strong>dortigen</strong></span> <span class='ocrx_word' id='word_1_225' title='bbox 701 3733 939 3789; x_wconf 77' lang='lat' dir='ltr'><strong>Schottenlrloster</strong></span> <span class='ocrx_word' id='word_1_226' title='bbox 968 3733 1016 3788; x_wconf 82' lang='lat' dir='ltr'><strong>das</strong></span> <span class='ocrx_word' id='word_1_227' title='bbox 1040 3735 1193 3790; x_wconf 86' lang='lat' dir='ltr'><strong>demselben</strong></span> <span class='ocrx_word' id='word_1_228' title='bbox 1229 3752 1281 3791; x_wconf 88' lang='lat' dir='ltr'><strong>von</strong></span> 
     </span>
    </p>
   </div>
   <div class='ocr_carea' id='block_1_5' title="bbox 116 4031 1378 4646">
    <p class='ocr_par' dir='ltr' id='par_1_7' title="bbox 116 4031 1378 4646">
     <span class='ocr_line' id='line_1_30' title="bbox 116 4031 1279 4093; baseline -0.001 -12"><span class='ocrx_word' id='word_1_229' title='bbox 116 4031 141 4093; x_wconf 74' lang='grc'><strong>1)</strong></span> <span class='ocrx_word' id='word_1_230' title='bbox 153 4036 185 4081; x_wconf 83' lang='lat' dir='ltr'><strong>So</strong></span> <span class='ocrx_word' id='word_1_231' title='bbox 198 4033 290 4079; x_wconf 81' lang='lat' dir='ltr'><strong>konnte</strong></span> <span class='ocrx_word' id='word_1_232' title='bbox 303 4031 362 4080; x_wconf 87' lang='lat' dir='ltr'><strong>anob</strong></span> <span class='ocrx_word' id='word_1_233' title='bbox 375 4032 456 4093; x_wconf 75' lang='lat' dir='ltr'><strong>Kionig</strong></span> <span class='ocrx_word' id='word_1_234' title='bbox 468 4034 563 4090; x_wconf 74' lang='lat' dir='ltr'><strong>liudolf,</strong></span> <span class='ocrx_word' id='word_1_235' title='bbox 576 4035 638 4082; x_wconf 87' lang='lat' dir='ltr'><strong>etwa</strong></span> <span class='ocrx_word' id='word_1_236' title='bbox 648 4035 680 4080; x_wconf 91' lang='lat' dir='ltr'><strong>im</strong></span> <span class='ocrx_word' id='word_1_237' title='bbox 691 4037 762 4082; x_wconf 86' lang='lat' dir='ltr'><strong>Jahre</strong></span> <span class='ocrx_word' id='word_1_238' title='bbox 777 4035 839 4080; x_wconf 77' lang='lat'>1277</span> <span class='ocrx_word' id='word_1_239' title='bbox 851 4035 910 4080; x_wconf 85' lang='lat' dir='ltr'><strong>oder</strong></span> <span class='ocrx_word' id='word_1_240' title='bbox 924 4035 995 4090; x_wconf 75' lang='lat'><strong>1279,</strong></span> <span class='ocrx_word' id='word_1_241' title='bbox 1009 4034 1145 4089; x_wconf 76' lang='lat' dir='ltr'><strong>schreibem</strong></span> <span class='ocrx_word' id='word_1_242' title='bbox 1158 4034 1206 4080; x_wconf 86' lang='lat' dir='ltr'><strong>und</strong></span> <span class='ocrx_word' id='word_1_243' title='bbox 1224 4035 1279 4080; x_wconf 82' lang='lat' dir='ltr'><strong>daos</strong></span> 
     </span>
     <span class='ocr_line' id='line_1_31' title="bbox 151 4116 1378 4186; baseline -0.002 -14"><span class='ocrx_word' id='word_1_244' title='bbox 151 4127 207 4172; x_wconf 87' lang='lat' dir='ltr'><strong>hier</strong></span> <span class='ocrx_word' id='word_1_245' title='bbox 218 4126 272 4171; x_wconf 81' lang='lat' dir='ltr'><strong>aine</strong></span> <span class='ocrx_word' id='word_1_246' title='bbox 285 4125 396 4171; x_wconf 81' lang='lat' dir='ltr'><strong>Urkunde</strong></span> <span class='ocrx_word' id='word_1_247' title='bbox 414 4125 456 4170; x_wconf 83' lang='lat' dir='ltr'><strong>deo</strong></span> <span class='ocrx_word' id='word_1_248' title='bbox 468 4125 563 4184; x_wconf 76' lang='lat' dir='ltr'><strong>lldnigs</strong></span> <span class='ocrx_word' id='word_1_249' title='bbox 582 4139 630 4172; x_wconf 82' lang='lat' dir='ltr'><strong>uon</strong></span> <span class='ocrx_word' id='word_1_250' title='bbox 642 4127 748 4172; x_wconf 76' lang='lat' dir='ltr'><strong>Bdbmen</strong></span> <span class='ocrx_word' id='word_1_251' title='bbox 761 4127 809 4172; x_wconf 89' lang='lat' dir='ltr'><strong>und</strong></span> <span class='ocrx_word' id='word_1_252' title='bbox 827 4126 893 4171; x_wconf 85' lang='lat' dir='ltr'><strong>nieht</strong></span> <span class='ocrx_word' id='word_1_253' title='bbox 906 4127 947 4172; x_wconf 86' lang='lat' dir='ltr'><strong>dea</strong></span> <span class='ocrx_word' id='word_1_254' title='bbox 960 4127 1065 4186; x_wconf 82' lang='lat' dir='ltr'><strong>Herzoga</strong></span> <span class='ocrx_word' id='word_1_255' title='bbox 1078 4140 1125 4172; x_wconf 86' lang='lat' dir='ltr'><strong>von</strong></span> <span class='ocrx_word' id='word_1_256' title='bbox 1140 4116 1279 4172; x_wconf 83' lang='lat' dir='ltr'><strong>lloterreiclr</strong></span> <span class='ocrx_word' id='word_1_257' title='bbox 1375 4177 1378 4184; x_wconf 22' lang='lat'><strong>⁴</strong></span> 
     </span>
     <span class='ocr_line' id='line_1_32' title="bbox 151 4218 1282 4279; baseline -0.002 -13"><span class='ocrx_word' id='word_1_258' title='bbox 151 4219 272 4279; x_wconf 66' lang='lat' dir='ltr'><strong>berterigo</strong></span> <span class='ocrx_word' id='word_1_259' title='bbox 287 4218 356 4272; x_wconf 76' lang='lat' dir='ltr'><strong>wire,</strong></span> <span class='ocrx_word' id='word_1_260' title='bbox 375 4218 445 4264; x_wconf 74' lang='lat' dir='ltr'><strong>meist</strong></span> <span class='ocrx_word' id='word_1_261' title='bbox 465 4218 581 4264; x_wconf 85' lang='lat' dir='ltr'><strong>ebenlalls</strong></span> <span class='ocrx_word' id='word_1_262' title='bbox 601 4220 643 4265; x_wconf 80' lang='lat' dir='ltr'><strong>aul</strong></span> <span class='ocrx_word' id='word_1_263' title='bbox 653 4219 744 4265; x_wconf 75' lang='lat' dir='ltr'><strong>liudolf</strong></span> <span class='ocrx_word' id='word_1_264' title='bbox 753 4220 803 4273; x_wconf 83' lang='lat' dir='ltr'><strong>bin,</strong></span> <span class='ocrx_word' id='word_1_265' title='bbox 816 4233 843 4264; x_wconf 84' lang='lat' dir='ltr'><strong>eo</strong></span> <span class='ocrx_word' id='word_1_266' title='bbox 858 4221 911 4265; x_wconf 84' lang='lat' dir='ltr'><strong>dass</strong></span> <span class='ocrx_word' id='word_1_267' title='bbox 924 4220 963 4264; x_wconf 86' lang='lat' dir='ltr'><strong>die</strong></span> <span class='ocrx_word' id='word_1_268' title='bbox 982 4219 1194 4278; x_wconf 75' lang='lat' dir='ltr'><strong>Moglienreit</strong></span> <span class='ocrx_word' id='word_1_269' title='bbox 1213 4219 1282 4264; x_wconf 91' lang='lat' dir='ltr'><strong>nicbt</strong></span> 
     </span>
     <span class='ocr_line' id='line_1_33' title="bbox 153 4309 1281 4372; baseline -0.001 -15"><span class='ocrx_word' id='word_1_270' title='bbox 153 4311 354 4372; x_wconf 77' lang='lat' dir='ltr'><strong>ausgeoelrloaeen</strong></span> <span class='ocrx_word' id='word_1_271' title='bbox 364 4310 447 4364; x_wconf 87' lang='lat' dir='ltr'><strong>bleibt‚</strong></span> <span class='ocrx_word' id='word_1_272' title='bbox 457 4311 499 4355; x_wconf 81' lang='lat' dir='ltr'><strong>der</strong></span> <span class='ocrx_word' id='word_1_273' title='bbox 509 4311 617 4355; x_wconf 77' lang='lat' dir='ltr'><strong>Dictator</strong></span> <span class='ocrx_word' id='word_1_274' title='bbox 627 4310 687 4356; x_wconf 80' lang='lat' dir='ltr'><strong>baba</strong></span> <span class='ocrx_word' id='word_1_275' title='bbox 697 4309 934 4356; x_wconf 84' lang='lat' dir='ltr'><strong>elneRudollinisebe</strong></span> <span class='ocrx_word' id='word_1_276' title='bbox 943 4311 1054 4356; x_wconf 81' lang='lat' dir='ltr'><strong>Urlrunde</strong></span> <span class='ocrx_word' id='word_1_277' title='bbox 1064 4323 1107 4355; x_wconf 85' lang='lat' dir='ltr'><strong>vor</strong></span> <span class='ocrx_word' id='word_1_278' title='bbox 1117 4311 1170 4356; x_wconf 84' lang='lat' dir='ltr'><strong>eleb</strong></span> <span class='ocrx_word' id='word_1_279' title='bbox 1180 4311 1281 4370; x_wconf 75' lang='lat' dir='ltr'><strong>gebnbt.</strong></span> 
     </span>
     <span class='ocr_line' id='line_1_34' title="bbox 152 4389 1283 4464; baseline -0.003 -14"><span class='ocrx_word' id='word_1_280' title='bbox 152 4404 197 4450; x_wconf 82' lang='lat' dir='ltr'><strong>bie</strong></span> <span class='ocrx_word' id='word_1_281' title='bbox 210 4415 302 4464; x_wconf 83' lang='lat' dir='ltr'><strong>geuene</strong></span> <span class='ocrx_word' id='word_1_282' title='bbox 314 4389 544 4460; x_wconf 70' lang='lat' dir='ltr'><strong>llbereinstlmmung</strong></span> <span class='ocrx_word' id='word_1_283' title='bbox 557 4403 636 4449; x_wconf 83' lang='lat' dir='ltr'><strong>dieser</strong></span> <span class='ocrx_word' id='word_1_284' title='bbox 649 4399 841 4448; x_wconf 84' lang='lat' dir='ltr'><strong>Rudolliniseben</strong></span> <span class='ocrx_word' id='word_1_285' title='bbox 852 4401 963 4448; x_wconf 81' lang='lat' dir='ltr'><strong>Urkunde</strong></span> <span class='ocrx_word' id='word_1_286' title='bbox 976 4403 1019 4446; x_wconf 90' lang='lat' dir='ltr'><strong>mit</strong></span> <span class='ocrx_word' id='word_1_287' title='bbox 1033 4401 1084 4446; x_wconf 84' lang='lat' dir='ltr'><strong>dem</strong></span> <span class='ocrx_word' id='word_1_288' title='bbox 1097 4402 1283 4462; x_wconf 81' lang='lat' dir='ltr'><strong>Bestiitigunge-</strong></span> 
     </span>
     <span class='ocr_line' id='line_1_35' title="bbox 152 4493 1286 4549; baseline -0.004 -7"><span class='ocrx_word' id='word_1_289' title='bbox 152 4496 233 4542; x_wconf 83' lang='lat' dir='ltr'><strong>brieio</strong></span> <span class='ocrx_word' id='word_1_290' title='bbox 244 4493 381 4540; x_wconf 69' lang='lat' dir='ltr'><strong>FrIedricba</strong></span> <span class='ocrx_word' id='word_1_291' title='bbox 392 4494 419 4539; x_wconf 92' lang='lat' dir='ltr'><strong>ll.</strong></span> <span class='ocrx_word' id='word_1_292' title='bbox 432 4494 496 4539; x_wconf 73' lang='lat' dir='ltr'><strong>wire</strong></span> <span class='ocrx_word' id='word_1_293' title='bbox 506 4493 563 4538; x_wconf 83' lang='lat' dir='ltr'><strong>aber</strong></span> <span class='ocrx_word' id='word_1_294' title='bbox 574 4494 631 4538; x_wconf 82' lang='lat' dir='ltr'><strong>oebr</strong></span> <span class='ocrx_word' id='word_1_295' title='bbox 643 4493 780 4549; x_wconf 82' lang='lat' dir='ltr'><strong>nullallend,</strong></span> <span class='ocrx_word' id='word_1_296' title='bbox 793 4494 874 4539; x_wconf 75' lang='lat' dir='ltr'><strong>darunt</strong></span> <span class='ocrx_word' id='word_1_297' title='bbox 886 4494 964 4538; x_wconf 85' lang='lat' dir='ltr'><strong>baben</strong></span> <span class='ocrx_word' id='word_1_298' title='bbox 977 4493 1022 4539; x_wconf 89' lang='lat' dir='ltr'><strong>wir</strong></span> <span class='ocrx_word' id='word_1_299' title='bbox 1034 4505 1119 4538; x_wconf 87' lang='lat' dir='ltr'><strong>unsere</strong></span> <span class='ocrx_word' id='word_1_300' title='bbox 1131 4493 1226 4538; x_wconf 86' lang='lat' dir='ltr'><strong>Formel</strong></span> <span class='ocrx_word' id='word_1_301' title='bbox 1244 4495 1286 4538; x_wconf 84' lang='lat' dir='ltr'><strong>aul</strong></span> 
     </span>
     <span class='ocr_line' id='line_1_36' title="bbox 155 4585 450 4646; baseline -0.014 -13"><span class='ocrx_word' id='word_1_302' title='bbox 155 4587 242 4633; x_wconf 73' lang='lat' dir='ltr'><strong>dienen</strong></span> <span class='ocrx_word' id='word_1_303' title='bbox 253 4585 450 4646; x_wconf 79' lang='lat' dir='ltr'><strong>zurbekgel&#39;irbrt.</strong></span> 
     </span>
    </p>
   </div>
   <div class='ocr_carea' id='block_1_6' title="bbox 0 0 1566 5116">
    <p class='ocr_par' dir='ltr' id='par_1_8' title="bbox 0 0 1566 5116">
     <span class='ocr_line' id='line_1_37' title="bbox 0 0 1566 5116; baseline 0 0"><span class='ocrx_word' id='word_1_304' title='bbox 0 0 1566 5116; x_wconf 95' lang='lat' dir='ltr'><strong> </strong></span> 
     </span>
    </p>
   </div>
  </div>
 </body>
</html>
