3112 5118
1143 278 1217 352 ltu

23 447 25 458 ’
129 455 321 526 urgrnzungen
340 471 388 508 uus
406 453 686 510 lluillard-Brdbelles
705 454 736 508 Vl
756 451 1102 508 aes-399.·1nnocenoius
1117 457 1169 508 ete.-
1186 479 1215 494 -

51 545 79 616 a)
94 545 126 600 lir
143 546 209 599 habe
228 545 279 598 den
296 546 409 600 Fursten
424 550 528 616 gesagt‚
549 545 599 598 der
612 547 694 616 Papst
710 545 799 600 werde
817 545 884 599 auch
897 545 976 606 ihrer
993 543 1065 598 nicht
1083 543 1217 604 sobonem

52 634 192 690 diellircbe
214 640 304 689 miisse
326 652 381 689 arm
400 635 459 688 sein
482 635 531 688 wie
548 635 574 688 in
593 635 669 689 ihren
693 638 783 688 ersten
795 635 884 688 Zeitcu
898 633 951 687 und
974 650 1005 688 er
1018 633 1084 688 habe
1107 635 1146 688 sie
1159 650 1216 687 arm

53 725 173 796 gemacht:
190 729 218 779 et
230 725 350 779 studiose
359 755 387 764 ·-
397 741 573 779 exercere-
581 721 615 796 β)
630 725 678 778 Die
692 725 799 788 llirche,
812 724 854 778 die
868 723 927 778 sich
943 725 991 778 der
1003 707 1210 778 unterdriickten

54 815 163 870 Christeu
177 814 319 880 unuehmc,
332 814 406 869 leide
419 815 471 868 viel
485 832 537 869 von
551 814 609 870 dem
622 815 777 884 Tyranuen:
792 815 840 868 sed
853 813 1062 869 Christianorum
1074 843 1099 854 -
1108 812 1220 885 propul-

23 955 24 960 ,
53 905 115 960 setis

130 977 178 1056 Die
188 977 367 1049 Wilberinger
381 977 446 1031 ll-S.
459 976 508 1032 No.
522 976 557 1032 60
577 977 623 1032 hat
643 976 733 1032 diesen
754 975 829 1030 Brief
843 977 889 1031 mit
908 977 957 1032 der
978 975 1110 1047 ricbtigen
1129 975 1220 1030 fland·

53 1067 209 1137 bemerlruog:
234 1067 394 1138 responsiva
422 1067 550 1139 epistolae
573 1067 717 1123 Friderici:
745 1067 809 1123 lllos
832 1067 932 1123 felices.
957 1068 985 1122 S.
1007 1065 1216 1128 ostensolia,

55 1173 88 1211 no.
100 1156 139 1210 tl.
161 1159 240 1214 Perta
255 1159 337 1213 Arch.
350 1161 376 1222 7,
389 1157 451 1212 897.

606 1439 669 1511 28.

359 1635 435 1717 Papa
450 1634 682 1717 archiepiscopis
700 1640 730 1700 at
745 1634 904 1719 episeopis.

552 1810 625 1864 Eudo
640 1809 718 1863 1244.

62 1969 161 2026 Mensa
172 1973 220 2028 IV.
237 1971 347 2044 fordert
363 1971 408 2027 die
422 1970 578 2044 genetlieben
595 1973 708 2029 Fureten
727 1971 788 2044 auf,
811 1973 870 2028 clem
888 1972 973 2028 durch
991 1972 1036 2028 uie
1055 1970 1223 2030 Clorcema‘er

257 2061 323 2118 hort
334 2063 496 2136 bedrdnpten
508 2061 624 2135 heiligen
635 2063 728 2118 Laude
740 2061 815 2134 Hitfe
826 2081 859 2117 au
871 2062 995 2118 berritem

126 2225 216 2290 'lema
233 2225 352 2298 saneta,
369 2225 482 2290 Christi
498 2243 639 2308 respersa
656 2226 813 2309 sangnine,
835 2231 904 2309 post
920 2227 1024 2308 gravia
1040 2248 1094 2291 sue
1109 2226 1218 2293 'crebre

59 2328 234 2398 desolacionis
252 2334 383 2408 excidia,
400 2338 470 2416 post
485 2333 579 2416 ipsius
597 2333 738 2397 continua
755 2355 790 2396 ex
805 2334 956 2419 frequenti
979 2354 1100 2428 suorum
1115 2329 1219 2416 strage

58 2437 172 2515 lamenta,
199 2463 283 2506 nunc
312 2443 415 2508 durius
440 2442 532 2506 sentit
557 2462 662 2523 manus
690 2441 809 2506 inimice
837 2443 1002 2525 flagellum,
1030 2462 1108 2506 nunc
1136 2443 1220 2524 luget

60 2549 167 2613 amadus
204 2557 235 2615 et
275 2551 384 2614 interni
416 2551 526 2614 doloris
562 2570 689 2615 acumen
725 2552 850 2614 alterata
887 2561 962 2615 voce
997 2549 1223 2615 lamentacionis
1320 2587 1321 2592 κ

58 2657 162 2736 exponit.
193 2659 232 2724 lut
248 2679 306 2722 nos
323 2658 443 2723 aeribus
461 2659 525 2722 eius
542 2657 703 2741 conpuncti
717 2659 849 2722 lacrimis
872 2665 902 2722 et
917 2659 1022 2723 validis
1040 2659 1222 2724 elamoribus

59 2765 165 2839 excitati,
189 2788 248 2831 ona
268 2787 337 2830 cum
352 2767 419 2850 ipsa
435 2787 489 2830 sue
507 2773 537 2830 et
553 2770 655 2830 nostre
671 2767 897 2849 persecucionis
920 2769 1101 2833 conterimur
1116 2770 1222 2832 malleo

59 2890 166 2958 suosque
182 2881 361 2940 ae-nostros
383 2874 580 2938 miserabiles·
593 2895 683 2939 casus
707 2895 811 2939 secum
832 2875 946 2958 pariter
969 2877 1166 2959 deploramus.
1196 2876 1222 2941 Ο

58 2996 129 3060 qulam
143 2985 302 3049 dolendum
318 3003 335 3047 a
351 2982 487 3047 fidelibus
505 2982 652 3056 ommibus,
670 2984 750 3067 quod
771 2985 873 3056 locus,
891 2983 1001 3048 Christi
1018 2984 1222 3050 sanctificatus

58 3093 206 3168 presencia,
236 3092 514 3175 blasphemancium
545 3093 643 3175 ipsum
674 3092 844 3156 residencia
874 3093 1096 3175 prophanetur!
1127 3093 1222 3176 Quam

59 3203 224 3277 gemendum,
238 3203 320 3287 quod
332 3207 423 3275 terra,
439 3203 470 3265 in
487 3222 546 3287 qua
562 3221 658 3284 genus
674 3202 834 3267 humanum
852 3203 889 3265 de
905 3207 1022 3268 vetuste
1040 3203 1219 3286 captivitatis

57 3304 112 3388 iugo
134 3311 291 3377 liberatum
319 3312 449 3384 exstitit,
477 3309 509 3375 in
536 3311 765 3394 ignominiosam
793 3312 941 3394 redigitur
958 3305 1157 3379 servitutem!
1193 3313 1218 3379 0

62 3431 133 3495 quam
152 3419 389 3503 inproperlosum
417 3419 653 3484 Christianorum
682 3419 873 3503 obprobrium
890 3427 920 3483 et
936 3421 1162 3504 obprobriosnm
1173 3423 1220 3485 in-

59 3527 217 3606 properium,
240 3525 329 3613 'quod
344 3527 395 3593 nbi
416 3529 473 3592 Dei
489 3527 577 3592 -filius
605 3529 761 3612 temporali
784 3535 878 3593 morte
899 3529 1001 3593 'crucis
1023 3531 1061 3594 de
1076 3521 1221 3614 perpetue

60 3635 173 3700 muciatu
203 3636 309 3702 mortis
347 3638 431 3720 ipsos
464 3638 587 3720 eripuit,
619 3637 662 3701 ibi
698 3629 864 3702 acerbitate
901 3637 1152 3721 blasphemiarum
1191 3646 1222 3704 et

60 3736 327 3821 inpietatisdeeore
340 3745 381 3832 a)
398 3745 564 3810 cruciatur!
593 3745 619 3810 Ο
636 3765 724 3830 quam
739 3745 937 3809 inestimabile
954 3747 1126 3829 dampnum
1144 3747 1224 3832 quod

60 3849 271 3925 predecessores
300 3853 410 3926 nostri,
439 3873 563 3937 quorum
586 3857 699 3917 attenta
722 3860 752 3917 et
773 3854 909 3918 studiosa
939 3855 1106 3920 sollicitudo
1122 3856 1221 3920 eidem

61 3957 126 4020 terre
164 3981 221 4024 non
242 3963 283 4050 d]
308 3961 424 4035 defuit,
450 3962 593 4026 inaniter
622 3963 850 4047 'quodammodo
893 3963 974 4027 circa
1017 3965 1222 4027 defensionem

61 4061 112 4126 eius
139 4069 277 4151 vigilasse
302 4069 469 4142 sidentur,
513 4069 594 4154 qnod
619 4065 751 4151 'populus
762 4087 774 4104 ··
784 4068 987 4144 Christianus,
1025 4066 1109 4134 ouius
1139 4076 1222 4136 terra

61 4171 148 4238 eadem
182 4179 289 4243 sudore
333 4177 509 4242 multociens
545 4173 675 4240 manavit
697 4176 734 4263 c)
774 4177 899 4262 eiusque
938 4181 1084 4260 sanguine
1113 4179 1222 4244 rubuit

54 4291 120 4360 'sepe
140 4303 257 4367 sparso,
278 4283 395 4350 'vacuos
418 4285 578 4368 pertulisse
600 4284 718 4348 labores
740 4281 935 4370 sumptusque
956 4287 1222 4371 inutilespropter

97 4493 111 4547 (1
135 4410 165 4474 a)
183 4411 314 4468 dedecore
337 4431 369 4466 nu
392 4413 474 4467 lesen.
498 4445 525 4454 -
548 4413 580 4481 d)
599 4430 649 4466 nou
663 4429 704 4468 am
717 4411 807 4466 Raude
821 4443 854 4454 -
869 4413 900 4482 c)
914 4430 954 4467 am
967 4412 1056 4467 Raude
1069 4414 1141 4470 steht
1155 4414 1221 4469 alius

63 4507 96 4546 lua
113 4498 145 4550 ull
154 4500 183 4556 V.
948 4521 951 4528 ’
990 4519 991 4524 ’
