3112 5118
292 339 367 410 teo

287 515 319 573 et
344 509 404 572 tuis
432 510 562 590 posteris
591 509 794 590 ingemiscens
823 505 938 576 excita,
966 528 1078 590 queso,
1100 509 1271 590 potenciam
1286 514 1389 578 tuam,
1405 511 1477 572 etin

287 637 390 681 eorum
419 616 558 680 auxilium
587 617 624 678 de
653 615 744 677 cubili
773 620 823 677 tuo
851 615 1036 696 progredere
1066 617 1146 679 sicut
1167 617 1223 678 leo.
1266 617 1342 679 Cum
1373 616 1478 699 quibus

285 743 394 787 nomen
409 728 503 793 tuum,
520 723 551 786 in
569 723 737 784 seculorum
754 720 1004 802 generacionibus
1021 722 1195 802 gloriosum,
1212 729 1244 787 ut
1260 722 1479 786 firmamentum

285 833 397 914 gentis,
414 830 647 894 stabilimentum
663 828 764 911 populi
781 834 812 891 et
826 829 920 892 tutela
935 831 1045 911 patrie,
1067 829 1243 894 absentibus
1266 838 1297 896 et
1314 831 1427 895 futuris
1444 833 1479 894 ad
1546 902 1548 907 ,

283 939 402 1004 laudem
430 944 606 1021 perpetuam
621 938 795 1020 predicetur
823 944 854 999 et
875 937 981 1000 semini
1003 944 1054 1002 tuo
1072 936 1113 1023 a)
1130 945 1200 1020 post
1222 946 1252 1004 te
1277 941 1477 1022 compatriote

283 1025 327 1110 tui
350 1048 550 1128 coniugentur
566 1065 666 1108 amore
684 1051 713 1108 et
736 1044 839 1106 federe
863 1046 1056 1126 sempiterno.
1085 1047 1217 1111 Romana
1239 1067 1312 1110 vero
1337 1049 1479 1117 ecclesia,

279 1159 342 1238 'que
370 1157 447 1219 uteri
476 1155 522 1217 sui
556 1153 692 1217 oblivisci
716 1174 774 1216 non
790 1153 892 1216 valens
921 1154 1044 1216 devotos
1074 1154 1150 1217 filios
1185 1176 1245 1218 non
1268 1158 1427 1220 oseulatur
1450 1158 1479 1219 in

284 1264 369 1335 dolo,
398 1264 452 1327 sed
475 1267 594 1325 sincera
618 1261 827 1342 complectitur
848 1259 997 1330 karitate,
1025 1281 1081 1324 nee
1104 1262 1169 1325 illos
1192 1264 1294 1325 odisse
1318 1269 1435 1346 potest,
1451 1271 1479 1327 et

283 1371 487 1441 offendentes,
514 1371 546 1432 in
572 1375 686 1432 tantum
710 1374 757 1430 est
772 1389 866 1450 prona
888 1368 926 1430 ad
948 1371 1083 1439 veniam,
1112 1373 1162 1453 qui
1186 1359 1367 1453 simpliciter
1384 1373 1479 1436 corri-

282 1486 411 1564 guntur,
437 1486 472 1543 ut
499 1479 644 1541 correctis
660 1477 935 1540 habundanciorem
959 1479 1092 1558 graciam
1109 1477 1267 1548 restituat,
1296 1499 1389 1562 quam
1406 1479 1478 1543 sub-

281 1591 378 1654 traxit.
396 1589 439 1652 Te
456 1587 548 1669 igitur
563 1591 703 1668 agentem
718 1584 846 1648 fideliter
863 1605 936 1666 erga
952 1586 1049 1649 Deum
1065 1591 1096 1648 et
1110 1585 1239 1650 filialiter
1257 1608 1332 1675 erga
1349 1595 1478 1653 matrem

282 1718 374 1780 super
401 1717 454 1759 eos
482 1715 568 1757 suum
589 1699 681 1776 ponet
707 1692 795 1755 velud
822 1691 943 1774 insigne
967 1694 1153 1774 signaculum
1182 1701 1213 1758 et
1236 1696 1337 1759 domui
1363 1702 1415 1759 tue
1441 1699 1477 1760 de

280 1825 348 1868 rore
366 1804 422 1865 celi
436 1808 466 1866 et
483 1803 520 1866 de
536 1799 727 1893 pinguedine
740 1804 820 1861 terre
838 1798 1023 1863 incrementa
1039 1801 1259 1865 benedictionis
1275 1811 1426 1886 perpetue
1440 1805 1478 1888 b)

280 1913 426 1994 largietur
446 1911 483 1997 1).

369 2074 424 2128 Der
445 2087 527 2141 ganne
547 2070 621 2122 Briel
638 2070 743 2138 bewegt
763 2069 821 2122 sich
844 2069 869 2121 in
889 2069 1063 2139 allgomeinen
1082 2071 1264 2125 Redensarlen
1289 2073 1344 2126 und
1371 2076 1477 2129 entant

280 2163 357 2216 hcine
377 2161 477 2230 elnzige
498 2160 645 2214 bestimmte
668 2159 834 2222 Tbntsaebe,
858 2160 959 2213 welche
983 2161 1032 2214 aul
1052 2162 1110 2215 eine
1135 2163 1299 2216 historische
1320 2163 1478 2236 Grundlage

279 2253 467 2305 zurtiehwiese.
487 2251 525 2313 llr
538 2250 574 2302 ist
587 2250 642 2300 also
657 2247 697 2300 als
712 2247 847 2318 Stilprobe
862 2265 893 2300 ιιι
908 2250 1073 2304 betrachten.
1096 2251 1148 2306 Der
1161 2252 1284 2304 Dictator
1298 2269 1361 2322 mag
1375 2255 1477 2308 seinem

279 2341 437 2396 bibellesten
458 2339 571 2392 Scbtiler
591 2338 634 2390 dic
654 2337 776 2404 hutgabe
794 2339 905 2406 gestellt
930 2339 1027 2400 baben,
1052 2340 1128 2394 einen
1150 2341 1226 2392 Brief
1250 2342 1298 2393 mit
1321 2342 1381 2396 dem
1409 2346 1477 2397 oben

279 2435 465 2502 angegebenen
485 2428 571 2482 lnhalt
594 2445 624 2479 zu
649 2427 790 2480 schreiben
814 2427 867 2479 und
887 2427 929 2480 die
950 2429 1113 2482 Gescbiehte
1139 2446 1196 2482 vom
1220 2431 1381 2484 verlorenen
1401 2435 1476 2486 Sobn
1555 2468 1556 2473 =

280 2520 381 2591 (Lucas
394 2520 436 2582 15,
452 2517 503 2588 20)
517 2536 549 2571 zu
559 2516 666 2570 Grunde
678 2533 708 2567 zu
719 2517 807 2585 legen,
821 2516 869 2568 auf
879 2518 978 2570 welche
991 2518 1016 2571 in
1030 2519 1169 2572 albnllchen
1182 2521 1355 2589 palpelliehen
1364 2522 1478 2576 Schnei-

278 2613 329 2664 ben
351 2609 376 2662 in
396 2609 443 2662 der
456 2608 540 2676 llegel
554 2607 642 2672 bezug
661 2621 815 2674 genommen
833 2606 917 2669 uird;
941 2607 984 2660 dle
1008 2609 1125 2677 Reuigen
1145 2609 1246 2661 hebreo
1266 2610 1361 2665 immer
1380 2616 1482 2666 aurfiek

280 2699 332 2764 „de
355 2697 465 2767 regione
489 2695 732 2751 dissimilitudinis“.
759 2696 848 2764 Vergl.
872 2714 897 2748 u.
920 2697 951 2750 Α.
975 2697 1102 2765 Gregor's
1116 2701 1145 2752 X.
1165 2699 1240 2752 Bries
1251 2718 1284 2754 an
1299 2701 1352 2754 den
1375 2703 1481 2772 grisea.

279 2788 386 2842 Kalser:
421 2786 538 2856 haynald
570 2784 649 2848 1274,
682 2783 716 2838 19
750 2783 802 2837 und
836 2785 963 2855 Gregor’s
987 2787 1028 2840 lll.
1050 2787 1124 2840 Briel
1144 2805 1174 2841 an
1193 2789 1339 2844 Friedrich
1360 2793 1389 2844 ΙΙ.
1414 2795 1481 2846 oben

278 2876 384 2931 Note.

840 3174 902 3244 50.

686 3352 767 3431 Papa
782 3349 979 3414 Romanorum
995 3352 1066 3432 regl.

279 3514 328 3567 lle'n
354 3514 435 3583 Papet
460 3509 587 3565 berichtet
610 3510 694 3564 ciuem
719 3508 870 3564 romischen
896 3511 1011 3581 Ko'nipe,
1049 3509 1094 3565 dr'e
1127 3510 1328 3564 Stellrertreter
1352 3513 1481 3582 paromoen·

280 3601 398 3656 Clerilcer
417 3601 492 3655 eeien
515 3617 565 3654 aue
589 3597 665 3659 ihren
678 3597 809 3665 Kircben,
842 3607 920 3653 enter
941 3602 1000 3654 dem
1019 3601 1161 3655 lbrwonde
1180 3602 1249 3670 jene
1264 3601 1390 3655 Clerileer
1409 3602 1481 3655 aeden

278 3692 346 3752 todt,
372 3692 519 3761 eerdrdnpt
542 3689 657 3744 worden.
684 3689 727 3742 Da
753 3689 827 3744 dicae
847 3689 947 3760 jedocb
971 3691 1045 3744 leben
1069 3691 1125 3744 und
1148 3692 1190 3744 ale
1211 3691 1417 3745 stocurctoren
1437 3707 1480 3744 αιιι
1520 3681 1525 3692 ’

274 3778 442 3852 pdpetliebcn
460 3777 529 3850 Hofe
545 3778 652 3844 meilen,
675 3795 705 3832 so
722 3785 797 3849 mdpe
810 3780 860 3832 der
874 3779 1048 3849 Konipjenen
1062 3780 1275 3834 Stellrertretem
1290 3779 1351 3835 ihre
1363 3780 1478 3836 Kireben

781 3868 970 3941 zurdchpeben.

311 4063 314 4070 .
368 4013 504 4094 Benigne
521 4012 692 4076 celsitudini
710 4014 748 4100 e]
765 4015 850 4096 regie
866 4015 1001 4076 Romane
1015 4014 1096 4077 sedis
1114 4015 1293 4084 auctoritas,
1310 4016 1482 4095 augmentis

279 4124 337 4187 tuis
355 4142 477 4204 semper
492 4121 592 4184 innixa
611 4121 764 4192 felicibus,
781 4141 840 4204 que
858 4123 947 4185 velud
965 4124 1126 4205 singularis
1150 4123 1321 4186 affectionis
1343 4123 1402 4186 filio
1427 4141 1483 4204 pro

369 4285 403 4352 a)
418 4287 463 4335 tue
479 4299 519 4334 am
533 4281 622 4335 Raude
636 4281 664 4338 V.
678 4313 711 4322 -
723 4282 755 4351 b)
770 4287 899 4354 perpetue
912 4300 952 4336 am
971 4285 1064 4339 Randa
1078 4284 1107 4338 V.
1129 4314 1163 4324 -
1175 4285 1207 4354 c)
1222 4283 1380 4340 celsitudine
1397 4283 1428 4336 V.

307 4537 331 4594 ¹)
350 4537 432 4580 Gener.
453 4534 494 4585 27,
513 4532 553 4576 28.
666 4524 669 4529 ’
