3112 5118
310 278 381 346 166

302 454 332 511 et
344 449 468 512 festines
481 449 519 511 ad
532 451 734 531 apostolorum
747 450 848 514 limina
860 451 1034 522 transferre,
1049 457 1223 532 recepturus
1236 449 1349 512 ibidem
1362 449 1477 530 solemp-

301 558 379 621 niter
410 557 446 619 dc
478 557 615 622 manibus
648 559 760 622 nostris
792 558 909 641 imperii
948 558 1091 640 dyadema
1127 557 1176 644 p).
1212 555 1361 620 Procedat
1391 563 1478 618 autem

302 666 535 747 circumspectio
568 685 693 748 gressus
724 674 812 740 tuos,
844 669 913 749 quia
947 666 1038 748 aliqui
1069 666 1244 730 auctoritate
1272 671 1304 728 et
1324 664 1479 747 prudencia

301 773 436 855 insignes
461 774 498 836 dc
520 774 614 838 latere
635 781 688 839 tuo
711 776 833 839 suntin
859 780 961 856 partes
978 775 1073 838 Ytalie
1099 774 1308 856 premittendi‚
1337 773 1389 856 qui
1410 775 1478 836 riam

301 887 370 945 ante
386 882 496 946 facicm
512 886 594 946 tuam
611 883 742 946 strenuis
759 882 1012 964 disposicionibus
1028 887 1237 964 preparantes,
1259 883 1291 944 in
1305 882 1479 963 recipiendis

300 988 494 1054 fidelitatibus
517 995 548 1053 et
570 991 601 1054 in
622 992 688 1054 aliis
714 992 944 1075 quibuscunque
967 991 1086 1054 interim
1107 991 1189 1052 vices
1211 990 1255 1053 tui
1272 988 1405 1052 nominis
1422 1009 1482 1052 cxc-

300 1102 438 1180 quantur.
472 1098 612 1178 Ceterum
634 1119 703 1162 cum
725 1119 830 1162 manus
846 1099 966 1162 Domini
989 1105 1019 1162 te
1040 1103 1179 1180 potenter
1199 1097 1327 1168 exaltet,
1357 1097 1443 1159 decet
1456 1101 1481 1158 et

301 1205 462 1286 competit,
492 1210 525 1269 ut
545 1226 601 1288 per
622 1207 729 1271 devote
750 1207 925 1271 humilitatis
950 1206 1125 1289 obsequium
1146 1206 1224 1268 hanc
1251 1205 1483 1267 uicissitudinem

302 1317 354 1377 tuo
371 1313 513 1376 exhibeas
541 1314 682 1386 creatori,
711 1315 791 1398 quod
807 1314 949 1378 uidelicet
977 1314 1184 1378 habundanter
1203 1313 1309 1376 affluas
1340 1331 1483 1374 mansue-

303 1420 415 1484 tudinis
437 1420 522 1502 regie
546 1422 712 1486 clemencia
734 1423 816 1485 circa
841 1443 952 1486 omues.
986 1423 1080 1486 Cures
1104 1440 1175 1504 crgo
1198 1439 1383 1503 quocunque
1400 1439 1483 1502 queso

305 1527 421 1599 studio,
450 1547 523 1610 quos
551 1530 665 1610 poteris
688 1529 726 1593 ad
753 1537 835 1593 tuam
863 1530 1099 1596 benivolenciam
1121 1535 1152 1593 et
1173 1529 1307 1610 graciam
1337 1547 1484 1598 revocare,

301 1634 455 1716 parcendo
472 1635 586 1716 pariter
601 1643 632 1700 et
647 1638 885 1701 misericorditer
905 1637 1086 1708 miserendo,
1109 1637 1151 1699 ita
1173 1636 1253 1719 quod
1275 1627 1306 1698 te
1330 1636 1440 1698 malum
1459 1635 1485 1696 in

301 1740 380 1804 bono
402 1743 558 1814 vincente,
579 1750 668 1827 teque
690 1746 837 1808 inmeritis
862 1743 1069 1807 munificencie
1085 1743 1236 1826 aperiam
1256 1748 1307 1806 tue
1333 1743 1485 1826 pollicente

304 1848 514 1922 clemenciam,
546 1851 585 1914 ad
616 1857 646 1914 te
674 1852 719 1915 tui
747 1857 894 1933 cogantur
921 1853 1023 1916 venire
1051 1851 1214 1914 adversarii
1241 1851 1335 1914 tracti
1365 1850 1484 1914 funicdo

304 1957 389 2039 regie
405 1957 558 2024 bonitatis.

394 2119 483 2172 ldieria
497 2117 679 2174 Charterboeh
698 2121 746 2174 der
760 2121 867 2175 Graren
883 2137 932 2174 ran
947 2121 1058 2175 llolland
1071 2121 1092 2180 l,
1105 2118 1168 2173 291.
1187 2119 1240 2172 und
1250 2121 1326 2172 Βοὴ
1348 2120 1394 2174 bei
1406 2119 1483 2173 Boeb-

310 2225 375 2272 mcr,
393 2210 490 2263 Fontes
509 2209 541 2270 11,
554 2209 608 2264 too
631 2211 677 2264 mit
691 2211 739 2264 der
758 2199 928 2265 Uberachritt
947 2209 1116 2266 Innocentius
1138 2227 1180 2280 ep.
1194 2227 1215 2262 s.
1228 2227 1250 2264 a
1264 2209 1331 2272 uei,
1355 2209 1484 2264 Excellen-

306 2297 410 2352 tissimo
432 2297 486 2353 lilio
508 2299 650 2354 Wilhclmo
671 2302 747 2354 Rom.
770 2302 830 2370 regi
862 2319 883 2357 s.
907 2305 935 2356 et
948 2317 971 2355 a.
991 2303 1015 2356 b.
1040 2303 1086 2355 mit
1109 2300 1274 2360 vielsacben‚
1296 2300 1483 2354 vesentliebea

305 2388 479 2456 lldmungeo,
513 2388 642 2459 jedochz-
658 2419 686 2429 —
702 2394 733 2458 α)
760 2392 805 2445 hir
829 2392 990 2446 adversariis
1014 2393 1082 2445 tuis:
1107 2389 1243 2453 Conrado,
1272 2389 1332 2442 tilio
1361 2387 1482 2459 quondm

308 2475 451 2540 frederici,
473 2478 535 2532 olim
557 2480 725 2550 imperatoris
745 2482 800 2535 und
824 2481 859 2551 β)
885 2481 976 2536 dilecti
997 2481 1046 2535 lilii
1068 2481 1153 2535 nostri
1170 2480 1252 2538 Petri,
1273 2478 1301 2531 S.
1317 2478 1431 2549 Georgii
1453 2475 1481 2529 sd

306 2566 390 2619 velum
404 2582 512 2622 aureum
525 2566 628 2624 diaconi
642 2571 784 2626 cardinalis
797 2577 824 2625 et
838 2571 985 2642 apostolice
999 2570 1072 2625 sedis
1084 2570 1167 2640 legati
1179 2569 1378 2623 communicato
1388 2567 1486 2622 condio

307 2669 322 2705 a
336 2655 433 2710 ceteris
448 2657 648 2713 difficultatibus
663 2664 715 2714 etc.
733 2690 761 2700 -·
777 2659 810 2732 p)
824 2660 882 2716 hier
894 2660 1023 2716 schlieeet
1037 2659 1086 2714 der
1098 2659 1171 2714 lirici
1180 2660 1223 2713 bei
1236 2659 1311 2712 Baka
1326 2660 1346 2711 l.
1361 2676 1387 2712 c·

877 2960 939 3028 33.

643 3134 721 3214 Papa
736 3153 791 3215 pre
808 3134 939 3197 subsidio
956 3139 1037 3198 terre
1053 3139 1166 3197 sancte.

690 3307 769 3359 1234.
783 3307 945 3377 September
957 3308 983 3361 4.
999 3307 1111 3376 Spoleti.

317 3459 416 3528 Greycr
428 3462 473 3514 IX.
486 3461 590 3530 fordert
606 3465 649 3518 dic
663 3464 891 3539 Chrietytdubiqcn
903 3487 951 3521 aar
969 3466 1137 3522 faciundae
1149 3485 1183 3520 oa
1196 3468 1254 3520 dem
1275 3465 1488 3520 bamam

792 3559 945 3628 Kreuzzugc
958 3557 1017 3628 auf.

408 3708 605 3778 sacrosancta
622 3715 661 3801 α)
678 3717 809 3780 Romana
837 3721 969 3783 ccclesia
996 3720 1241 3782 accrescencium
1270 3718 1302 3779 in
1331 3717 1492 3780 salutemet

318 3809 442 3874 filiomm
470 3816 589 3882 dextere
609 3823 659 3902 pia
680 3830 790 3896 mater,
819 3827 904 3889 cuius
926 3847 1051 3908 magna,
1078 3832 1221 3906 tanquam
1242 3825 1361 3886 Rachel
1391 3824 1428 3886 de
1448 3838 1493 3882 sue

319 3919 411 3997 prolis
427 3921 670 4009 inter-empcione,
692 3933 851 4005 contricio,
874 3955 981 3996 vocem
996 3932 1226 3997 lamentacionis
1242 3938 1273 3994 et
1288 3932 1393 3994 luctus
1409 3926 1494 3992 emisit

320 4024 463 4090 haetenus
480 4038 510 4095 et
526 4034 643 4107 emittit,
666 4056 754 4118 quam
778 4041 875 4103 audiri
897 4043 1033 4122 cupimus
1049 4043 1079 4104 iu
1096 4041 1233 4116 encelso‚⁴
1252 4046 1285 4102 ut
1306 4058 1368 4120 per
1383 4039 1457 4101 diem
1471 4039 1495 4096 ct

321 4138 439 4194 noctem
465 4134 593 4201 fidelium
619 4144 697 4206 oculi
724 4146 862 4210 lacrimas
898 4148 1083 4212 deducentes
1111 4170 1171 4211 nou
1199 4154 1324 4211 taceant
1353 4153 1385 4210 et
1412 4146 1495 4208 donec

322 4236 497 4303 miscreatur
511 4244 652 4310 Dominus
679 4272 736 4314 non
764 4256 929 4336 quiescant.
948 4258 1143 4320 Lamentatur
1164 4262 1265 4318 autem
1286 4275 1350 4318 non
1370 4251 1495 4318 inmerito

415 4454 447 4519 a)
462 4456 641 4514 munificencie
654 4463 701 4514 aui
713 4464 804 4518 Rasur.
