3096 5128
283 329 364 401 428

282 504 401 567 illorum
417 503 623 574 dissimulent,
646 500 672 565 si
689 504 859 585 angustias,
875 502 902 566 si
917 501 1056 573 labores,
1077 502 1104 566 si
1120 503 1159 567 ad
1176 523 1281 568 eornm
1303 519 1486 568 succursum

282 612 463 676 omnimodis
473 611 588 675 rinbus
601 613 707 695 ignare
717 618 858 694 torpeant
870 619 901 675 et
913 611 1126 675 miserabiliter
1140 613 1359 695 refrigescant:
1382 630 1486 682 nemo,

283 722 341 785 nisi
357 723 468 786 mentis
483 721 571 803 inop's
587 721 695 791 luerit,
711 741 771 784 non
787 721 936 802 agnoscit
955 721 1182 802 Quantumlibet
1198 722 1230 808 ε)
1248 724 1361 806 quippe
1377 722 1487 784 dolosa

284 829 463 914 duplicitas,
485 829 569 892 litem
589 829 714 898 fallens,
738 828 838 892 locum
859 827 919 890 sibi
941 827 1066 890 effodiat
1089 828 1119 890 iu
1134 829 1260 892 latebris
1276 829 1484 898 tenebrarum,

285 958 321 1000 ex
348 938 449 1021 aliqua
470 943 573 1000 tamen
595 943 682 1019 parte
705 937 916 1000 nichilominus
939 937 1106 1000 translucet
1127 939 1316 1021 quorundam
1338 938 1485 1007 intencio,

283 1047 335 1131 qui
351 1065 441 1109 unum
457 1046 649 1108 intendentes
665 1045 785 1108 occulte
802 1052 833 1108 et
849 1045 931 1108 aliud
947 1045 978 1106 in
993 1045 1115 1128 publico
1130 1047 1366 1128 pretendentes,
1381 1046 1485 1128 iurgia

282 1149 431 1224 excitaut',
449 1154 642 1216 difficultates
657 1153 814 1216 innectunt
829 1158 861 1215 et
875 1153 1010 1234 privatas
1026 1153 1178 1236 explicant
1192 1155 1383 1227 simultates,
1400 1154 1483 1225 dum,

283 1265 372 1328 boste
387 1282 443 1327 ros
464 1263 649 1325 intrinsecus
665 1262 696 1324 iu
712 1261 856 1324 tratribus
867 1267 899 1324 et
911 1260 1006 1324 sociis
1020 1269 1216 1343 perurgente,
1231 1262 1354 1334 auxrlia,
1371 1263 1483 1346 quibus

284 1372 422 1455 indigent
433 1376 531 1434 status
544 1375 575 1432 et
591 1368 749 1432 deniensio
764 1369 875 1453 patrie,
888 1369 1064 1431 minuuntur
1076 1374 1107 1431 et
1118 1369 1268 1432 interdum
1281 1372 1380 1434 eciam
1394 1370 1484 1433 dille-

282 1487 399 1552 runtur,
416 1486 449 1544 ut
461 1501 498 1543 ex
509 1479 568 1542 boe
579 1479 757 1562 plerumque
771 1478 917 1561 temporis
933 1479 1046 1541 utilitas
1062 1499 1118 1562 per
1130 1480 1237 1543 noeirs
1253 1499 1338 1542 more
1355 1481 1484 1563 dispeu-

284 1591 335 1655 dia
351 1596 524 1654 evanescat
548 1588 616 1651 Non
632 1589 678 1652 sic
693 1586 759 1650 lieri
774 1588 896 1670 expedit
910 1587 982 1660 lilii,
1003 1607 1063 1650 non
1080 1588 1142 1658 sie,
1165 1608 1221 1651 uec
1237 1589 1324 1652 robis
1340 1595 1416 1652 tunc
1434 1597 1481 1654 est

287 1700 466 1766 commentis
481 1697 651 1762 huiusmodi
668 1703 699 1760 et
714 1696 875 1760 eonnubns
890 1697 1012 1759 minime
1028 1697 1162 1760 obviare.
1188 1698 1251 1762 Sed
1271 1718 1343 1761 cum
1366 1700 1400 1761 in
1416 1720 1482 1763 me-

282 1817 398 1876 morato
425 1806 576 1891 triumpbo
604 1805 742 1868 dominus
774 1805 857 1868 Deus
889 1806 1057 1889 porrexerit
1077 1805 1166 1868 robis
1195 1825 1316 1870 manum
1340 1814 1484 1872 suamet

285 1920 417 1982 iurantis
443 1935 499 1980 ros
527 1914 629 1978 dirine
652 1913 818 1976 clemencie
841 1912 979 1976 debeatis
1000 1914 1133 1977 existere
1153 1914 1324 1988 adiutores,
1351 1921 1482 1998 tyranno

283 2029 438 2113 predicto,
461 2026 543 2088 sicut
565 2025 616 2108 qui
641 2024 705 2105 agit
721 2023 752 2085 in
774 2022 1002 2105 desperacionis
1023 2024 1168 2093 articulo,
1191 2029 1325 2087 extrema
1347 2026 1483 2089 remedia

282 2138 436 2202 molliente
448 2136 496 2222 ζ),
511 2134 696 2217 prudencius
712 2138 760 2195 est
775 2138 807 2194 et
822 2133 979 2195 sollercius
995 2132 1206 2204 insistendum,
1221 2153 1259 2194 ue
1274 2133 1373 2217 ipsius
1390 2154 1481 2198 casus

284 2251 504 2329 recuperentur
514 2244 565 2329 η),
580 2242 645 2305 sire
660 2247 758 2304 status
774 2241 840 2303 eius
856 2242 965 2304 iterum
979 2241 1142 2304 reviviscat
1156 2241 1187 2303 in
1202 2242 1371 2324 perniciem
1385 2244 1483 2327 pluri-

284 2375 410 2420 morum.
433 2353 500 2416 Nisi
516 2352 562 2439 θ)
578 2351 656 2414 enim
672 2357 818 2433 regantur
832 2357 949 2414 stantes
963 2357 1124 2433 postquam
1139 2350 1178 2411 de
1193 2369 1267 2413 casn
1284 2353 1484 2422 surrexerint,

285 2463 457 2529 difficillima
470 2462 529 2525 erit
540 2459 654 2523 erectio
669 2465 741 2541 post
755 2478 899 2522 occasum
914 2467 945 2521 et
960 2479 997 2521 ex
1012 2459 1252 2522 convalescentis
1268 2460 1389 2523 incuria
1406 2481 1483 2524 non-

285 2591 439 2658 nunquam
455 2567 634 2655 desperacio
650 2567 756 2630 salutis
771 2589 829 2652 per
849 2567 1015 2631 allisionem
1037 2568 1189 2631 inducitur
1211 2568 1389 2632 recidivam.
1415 2568 1484 2634 Nou

285 2682 398 2746 debent
419 2680 510 2763 aliqui
533 2678 705 2741 intencione
728 2676 931 2762 quantalibet,
953 2678 985 2740 in
1006 2676 1249 2761 comportacioue
1270 2676 1483 2743 difficultatum

285 2791 504 2860 eminencium,
517 2789 648 2873 propriis
664 2793 825 2870 parcentes
840 2787 973 2858 viribus,
996 2787 1107 2850 cedere
1123 2787 1170 2848 rel
1185 2785 1332 2858 subduci,
1356 2793 1391 2849 ut
1407 2808 1484 2870 pou·

286 2904 343 2967 dus
358 2902 482 2984 grauius
497 2898 652 2961 incumbat
672 2902 867 2960 sacrosancte
884 2895 1033 2964 ecclesie,
1053 2895 1142 2957 matri
1158 2916 1231 2965 sue,
1247 2915 1307 2979 que
1323 2896 1376 2977 pie
1391 2897 1485 2960 mise-

284 3034 356 3078 rans
371 3011 499 3074 liliorum
515 3027 675 3092 pressuras
690 3013 721 3069 et
736 3006 878 3089 gemitus,
894 3005 1004 3088 quibus
1020 3024 1073 3068 eos
1088 3005 1250 3068 modernus
1266 3005 1387 3069 Pbarao
1406 3007 1485 3070 affli-

287 3122 398 3206 gebat,
422 3117 607 3182 sublevando
628 3123 779 3180 tantorum
799 3115 946 3178 malorum
967 3116 1118 3176 sarcinam
1133 3133 1254 3177 manum
1270 3114 1355 3178 misit
1371 3121 1404 3178 et
1419 3116 1485 3179 illo·

288 3250 354 3295 rum
369 3229 490 3292 labores
513 3226 607 3290 subiit
629 3244 665 3288 ac
685 3223 805 3286 dolores
826 3223 975 3307 portarit,
998 3242 1037 3284 ne
1061 3220 1226 3284 delicerent
1250 3243 1310 3284 non
1333 3223 1484 3288 babentes

287 3339 455 3426 presidium
469 3337 501 3399 in
516 3335 654 3418 flagellis
679 3333 788 3397 Pacius
805 3339 906 3395 autem
922 3332 1097 3417 quicunque
1120 3336 1192 3394 suut
1214 3328 1285 3400 lilii,
1307 3332 1485 3417 quicunque

285 3449 391 3513 fideles
406 3446 594 3528 recogitent,
615 3444 746 3526 qualiter
761 3442 869 3504 eadem
885 3441 1016 3504 ecclesia
1030 3460 1085 3523 pro
1102 3438 1197 3502 salute
1214 3440 1348 3506 omnium
1364 3442 1485 3506 labora-

286 3560 364 3623 rerit
379 3558 531 3621 hactenus
546 3560 578 3616 et
592 3552 727 3624 laborat,
751 3558 782 3614 et
803 3571 907 3613 secum
923 3551 961 3612 ad
976 3549 1156 3633 portandum
1173 3549 1320 3633 quidquid
1336 3550 1485 3613 incumbit

286 3666 489 3734 subiiciautur
502 3662 657 3727 humiliter
672 3665 703 3723 et
725 3659 906 3724 unanimiter
926 3657 1156 3728 submittantur,
1184 3657 1358 3721 attollentes
1382 3658 1484 3722 intime

289 3773 547 3841 consideracionis
562 3771 702 3834 intuitum
717 3768 757 3831 ad
771 3768 920 3850 prefatam
933 3767 1086 3829 ciuitatem
1101 3767 1133 3828 in
1149 3767 1406 3829 resurrectionem
1423 3774 1483 3830 sta-

284 3892 335 3950 tus
350 3885 444 3948 totius
455 3882 553 3946 italie
568 3900 587 3944 a
601 3879 730 3942 Domino
745 3877 923 3940 mirabiliter
935 3881 1141 3958 preparatam,
1157 3894 1218 3957 que
1233 3875 1316 3938 velut
1331 3874 1365 3937 in
1379 3876 1483 3939 iucen-

286 3995 368 4059 dium
384 3991 552 4058 exterminii
567 4008 688 4052 manum
703 3989 842 4057 mittens,
864 4006 899 4048 se
914 3984 1050 4066 periculo
1067 3986 1220 4066 exposuit,
1242 4004 1281 4046 ne
1303 4001 1359 4047 ros
1382 3988 1414 4047 et
1435 3984 1482 4050 alii

285 4105 317 4168 in
339 4101 462 4168 maioris
483 4098 635 4186 precipitii
656 4097 839 4178 voraginem⁸
854 4095 1032 4177 vergeretis.
1058 4093 1208 4175 Quocirca
1229 4098 1364 4156 vestram
1386 4092 1482 4158 fideli-

286 4219 380 4278 tatem
395 4210 533 4274 duximus
547 4208 728 4292 propensius
744 4204 1010 4274 commonendam,
1027 4209 1176 4288 quatenus
1191 4201 1358 4287 prudenter
1380 4203 1480 4266 cousi-

287 4321 442 4394 derantes,
457 4339 548 4404 quam
559 4323 648 4402 turpe
660 4317 712 4388 sit,
728 4322 762 4380 ut
778 4315 849 4378 dum
863 4335 914 4376 res
929 4312 969 4376 ad
984 4314 1105 4377 culmen
1119 4311 1208 4375 finale
1223 4312 1306 4375 uenit
1320 4312 1480 4376 multorum

287 4436 448 4518 procreata
462 4427 634 4499 laboribus,
651 4425 690 4488 ab
705 4424 857 4489 instancia
872 4423 955 4505 cepti
970 4443 1027 4506 per
1041 4421 1186 4486 inerciam
1201 4421 1341 4493 relaxari,
1365 4421 1403 4484 in
1425 4420 1480 4484 de-

287 4540 504 4608 fensionem
519 4537 697 4601 ciuitatis
719 4534 918 4619 predicte,
946 4532 991 4596 de
1013 4551 1086 4616 qua
1107 4532 1253 4617 pendet
1274 4531 1480 4614 potissime
