3112 5118
1165 296 1241 368 lav

68 451 272 530 energencium
304 448 479 514 difficultate
512 469 650 515 curarum
680 454 776 534 patris
807 451 1039 515 sollicitudinem
1076 457 1108 514 et
1137 451 1243 515 matris

67 554 148 620 ubera
177 577 235 620 non
267 556 430 627 subtraxit,
462 559 494 622 in
526 559 709 623 sinceritatis
749 564 781 621 et
811 577 999 622 communem
1029 557 1183 639 religionis
1201 558 1242 644 a)

67 664 215 727 christiane
232 666 380 730 culturam
395 670 426 728 te
444 664 484 751 b)
500 665 531 727 in
547 666 700 749 prosperis
716 665 831 729 invenit
846 665 949 735 filium,
966 671 997 728 et
1012 665 1093 728 inter
1115 666 1244 728 adversa

67 773 325 836 constantissimum
339 779 370 836 et
385 773 539 843 devotum,
556 793 645 856 quem
660 774 822 837 recolenda
837 773 1064 855 progenitorum
1081 773 1240 835 sinceritas

67 879 223 941 devocionis
239 879 399 962 reliquisse
425 879 567 943 heredem
590 881 772 962 presumitur
804 886 836 943 et
858 881 962 944 matris
980 880 1109 943 ecclesie
1126 879 1238 943 secisse

65 993 91 1048 te
115 986 259 1049 credimus
285 987 458 1050 continuata
486 987 633 1050 beneficia
665 1007 724 1049 non
757 988 916 1068 ingratum.
963 987 1153 1069 Quapropter
1183 1007 1242 1049 non

64 1091 172 1172 indigne
196 1094 317 1176 quidem
343 1093 445 1156 mirari
473 1095 695 1176 compellimur,
724 1095 804 1176 quod
821 1095 941 1177 quidam
957 1095 1043 1174 regni
1067 1095 1111 1156 tui
1128 1092 1243 1163 clerici,

69 1221 120 1262 nou
135 1202 319 1265 decurrentis
336 1205 479 1283 temporis
496 1207 626 1272 sortem,
649 1203 703 1264 'sed
719 1202 824 1265 mortis
847 1201 1006 1265 consorcia
1021 1206 1244 1282 presumentes,

66 1309 224 1389 questuaria
241 1308 406 1390 cupiditate
424 1308 581 1378 succensi,
603 1310 735 1371 Romane
753 1311 835 1372 curie
852 1309 999 1378 clericos,
1023 1309 1073 1390 qui
1097 1327 1244 1390 procura-

65 1416 147 1476 ciouis
164 1414 262 1478 officio
285 1414 327 1477 ibi
352 1416 484 1495 degunt,
514 1422 647 1478 mortuos
675 1416 877 1485 mentiuntur,
905 1436 1007 1479 eoram
1030 1415 1089 1477 sibi
1106 1415 1240 1479 conferri

62 1521 195 1585 beneficia
212 1522 268 1586 sub
286 1523 374 1584 buius
391 1521 531 1585 falsitatis
553 1523 676 1603 ingenio
698 1528 905 1604 procurantes.
938 1525 1018 1586 luter
1040 1541 1116 1604 quos
1141 1541 1245 1584 eorum

63 1628 171 1710 quidam
202 1629 349 1712 quosdam
379 1627 556 1692 karissimos
588 1634 726 1701 nostros,
765 1628 852 1692 nobis
885 1649 921 1692 ac
953 1630 1096 1693 tratribus
1130 1630 1243 1692 uostris

62 1737 174 1818 speciali
194 1736 380 1801 sinceritate·
400 1737 592 1809 coniunctae,
621 1738 697 1798 false
726 1737 933 1818 suggestionis
962 1737 1100 1819 suspiriis
1130 1737 1243 1799 obiisse

61 1844 174 1916 mentiti,
199 1865 303 1908 eorum
321 1843 478 1915 ecclesias,
500 1842 746 1924 procuratoribus
764 1844 871 1907 amotis
889 1842 927 1906 ab
944 1844 1017 1928 ipsis
1043 1849 1073 1906 et
1094 1843 1243 1907 fructibus

63 1953 89 2014 in
113 1957 269 2035 sequestro
298 1952 422 2034 positis,
449 1951 568 2014 furtivis
591 1950 770 2034 quibusdam
792 1952 915 2015 ansibus
940 1956 1010 2015 suut
1025 1952 1136 2034 adepti.
1171 1953 1245 2015 Cum

62 2059 145 2139 igitur
168 2065 230 2123 tam
259 2058 437 2124 detestande
460 2057 574 2120 fraudis
598 2058 731 2121 astucias
757 2064 788 2121 et
810 2064 987 2139 argumenta
1010 2059 1072 2121 suis
1090 2059 1244 2140 arguenda

61 2168 220 2249 primordiis
249 2187 379 2231 censura
407 2166 493 2248 regia
520 2166 649 2230 transire
678 2187 738 2230 non
766 2167 876 2230 debeat
910 2167 1060 2249 inpunita:
1097 2187 1163 2237 nos,
1192 2167 1243 2250 qui

63 2277 260 2339 universorum
288 2294 410 2338 causam
435 2275 579 2358 prosequi
602 2279 739 2339 tenemur
768 2278 800 2337 ut
824 2279 975 2347 nostram,
1004 2275 1114 2357 quique
1143 2293 1245 2337 sumus

63 2385 199 2464 speciales
217 2383 262 2446 tui
280 2382 416 2445 culminis
433 2384 598 2454 zelatores,
627 2385 707 2446 fame
724 2388 775 2446 tae
793 2381 1000 2464 dispendium,
1030 2383 1115 2464 quasi
1131 2388 1246 2446 tactum

60 2492 140 2564 oculi,
170 2513 231 2555 nou
264 2493 415 2554 ferentes:
452 2491 648 2554 serenitatem
678 2496 760 2553 tuam
791 2510 933 2571 rogamus
967 2495 996 2552 et
1027 2489 1182 2553 hortamur
1213 2489 1245 2551 in

59 2600 187 2671 Domino,
207 2604 368 2682 quatenus,
384 2617 438 2680 pro
456 2598 538 2660 sedis
554 2597 719 2679 apostolice
735 2596 912 2660 reverencia
929 2601 959 2660 et
976 2602 1077 2660 nostre
1094 2597 1247 2660 interven-

59 2706 146 2770 cionis
161 2711 318 2788 respectu,
333 2703 580 2786 procuratoribus
598 2705 840 2786 cappellanorum
854 2703 1059 2785 predictorum
1072 2702 1245 2766 subtractas

60 2816 196 2878 ecclesias
225 2815 346 2878 restitui
367 2813 463 2876 facias
487 2818 518 2876 et
537 2833 699 2895 procures,
729 2832 798 2876 cum
820 2833 880 2874 non
901 2811 1052 2875 modicum
1070 2812 1176 2873 exinde
1193 2816 1244 2874 tuo

59 2923 248 3004 derogaretur
263 2922 381 2993 honori,
399 2922 436 2993 si,
453 2927 483 2984 tc
500 2921 725 2992 consenciente,
743 2920 799 2982 sub
815 2919 986 2983 huiusmodi
1003 2918 1143 3002 nequicia
1159 2919 1245 2980 lede-

59 3051 151 3093 remur
177 3032 209 3095 in
231 3030 345 3094 nostris
374 3049 410 3092 ac
426 3010 683 3111 persequeucinm
710 3028 860 3091 morsibus
888 3027 994 3108 pocius
1022 3027 1245 3108 preservandis,

57 3140 206 3219 presertim
231 3158 301 3202 cnm
318 3138 408 3200 iidem
433 3135 600 3218 cappellani
622 3155 676 3218 pro
693 3137 756 3198 suis
772 3135 905 3206 meritis,
934 3139 1035 3197 nostro
1059 3154 1095 3196 ac
1113 3133 1244 3196 omnium

58 3247 172 3311 fratrum
194 3252 369 3312 nostrorum
390 3248 494 3308 favore
522 3243 647 3316 muniti,
678 3244 786 3307 adesse
814 3245 933 3325 possint
960 3242 1038 3306 omni
1055 3243 1093 3326 a)
1110 3247 1244 3324 tempore

57 3355 142 3436 regiis
158 3354 317 3437 obsequiis
340 3353 503 3424 fructuosi,
532 3357 563 3416 et
579 3372 653 3423 nos,
671 3352 721 3434 qui
738 3351 942 3433 predictorum
959 3350 1096 3412 iniuriam
1113 3356 1246 3412 nostram

55 3465 150 3542 procul
168 3462 262 3527 dubio
279 3467 451 3543 reputamus
469 3459 626 3532 offensam»,
647 3479 702 3541 pro
720 3460 764 3521 eis
782 3479 817 3521 eo
834 3458 1056 3539 interpellemus
1074 3455 1194 3527 ellectu,
1212 3462 1247 3521 ut

56 3570 89 3631 ad
114 3572 249 3652 graciam
280 3567 484 3631 exaudicionis
512 3567 636 3629 admissi
660 3571 706 3639 et,
736 3571 878 3647 suscepto
905 3565 943 3626 de
966 3571 1017 3627 tua
1034 3563 1244 3626 benivolencia

56 3697 181 3750 munere,
200 3677 430 3761 quodpetimus,
448 3675 486 3738 ad
503 3675 636 3756 graciam
648 3673 703 3738 tibi
716 3680 871 3737 teneamur
883 3692 943 3734 nou
955 3673 1103 3734 immerito
1116 3670 1247 3734 retribu„

56 3784 143 3848 cionis
160 3785 297 3866 graciam
314 3789 335 3845 d
329 3790 356 3870 J
373 3804 433 3847 non
448 3782 569 3864 ingrati.

137 3947 172 4015 c)
192 3944 333 4016 religionis
355 3961 396 4000 am
419 3942 510 3998 Raude
529 3942 559 3997 V.
579 3972 606 3982 -
626 3943 659 4008 b)
684 3946 710 3996 te
735 3941 784 3994 anf
803 3942 890 3995 Rasur
908 3940 939 3994 V.
956 3970 986 3982 -
1001 3941 1031 4008 c)
1047 3940 1115 3993 omni
1128 3939 1246 4010 viberge-

55 4035 187 4090 sebrieben
198 4037 229 4091 V.
246 4065 273 4074 -
291 4035 326 4103 ct)
341 4033 456 4104 graciam
470 4048 542 4087 muse
555 4033 695 4103 wegtallen
710 4032 763 4086 und
776 4030 961 4084 retribucionis
976 4031 1023 4088 aut
1035 4029 1084 4084 das
1096 4030 1244 4100 vorborga·

56 4141 168 4192 gangano
181 4127 216 4179 ad
233 4124 350 4194 greciam
364 4126 483 4192 benogen
497 4121 612 4176 werden.
