3112 5118
1185 310 1260 382 223

63 487 164 544 nostre
181 481 288 563 sigillo
305 479 551 550 transmittimus,
580 499 654 562 quas
670 499 725 561 per
742 480 892 562 quoslibet
907 479 1011 543 fideles
1028 485 1148 544 nostros
1165 483 1264 545 invio-

61 587 189 652 labiliter
202 590 398 652 decernimus
413 586 628 659 observandas,
641 586 798 649 devocioni
810 591 910 649 vestre
922 585 1047 650 firmiter
1059 587 1262 670 iniungentes,

61 700 207 778 quatenus
239 696 323 780 ipsas
352 716 407 777 per
433 715 487 757 vos
516 694 688 776 specialiter
716 693 890 756 enecucioni
918 693 1020 756 debite
1043 695 1263 777 mancipantes,

61 806 242 865 statutorum
271 809 439 866 vestrorum
462 821 585 864 numero
609 800 650 886 e)
671 799 837 863 liberaliter
858 806 888 864 et
909 799 1052 882 hylariter
1075 801 1262 883 aggregetis,

60 907 139 990 ipsas
168 929 242 973 cum
262 912 381 974 statutis
401 910 526 982 eisdem,
541 914 573 971 ut
596 909 675 972 nulla
703 907 796 972 sitin
819 907 999 985 execucione
1029 908 1205 981 diversitas,
1233 909 1264 972 in

58 1035 147 1077 unum
170 1037 289 1100 eorpus
317 1018 415 1099 redigi
437 1017 603 1088 facientes,
632 1036 706 1098 quas
735 1015 826 1079 etiam
849 1019 984 1097 potestas
1013 1015 1145 1079 civitatis
1161 1021 1263 1079 vestre

58 1125 177 1188 iuturus
206 1145 266 1208 pro
294 1132 429 1207 tempore
456 1125 536 1188 inter
563 1124 621 1186 alia
646 1128 746 1187 vestra
764 1122 802 1208 b)
828 1128 940 1186 statuta
968 1143 1001 1184 se
1029 1123 1109 1186 iuret
1135 1122 1261 1187 tirmiter

59 1238 251 1295 servaturum
269 1233 328 1318 β),
351 1237 384 1295 ut
398 1230 531 1312 benigna
547 1236 651 1293 nostre
669 1229 766 1312 gratie
783 1229 931 1311 provisio,
957 1248 1045 1310 quam
1062 1227 1117 1292 sub
1133 1231 1263 1292 humane

59 1341 189 1422 quodam
219 1340 391 1404 dilectionis
415 1340 560 1422 applausu
589 1343 619 1401 et
645 1337 781 1419 amplexu
809 1356 934 1400 cesaree
961 1337 1080 1400 fortune
1107 1337 1262 1419 fastigium

59 1447 227 1510 clementer
244 1447 446 1530 amplectitur,
471 1445 704 1509 atsubditorum
722 1445 856 1508 comodis
871 1443 1018 1506 libencius
1036 1444 1263 1517 condescendit,

60 1562 143 1619 tanto
165 1555 321 1618 libencius
346 1561 376 1616 et
398 1553 551 1616 liberalius
575 1553 612 1615 ad
635 1552 738 1615 fideles
762 1559 882 1616 nostros
910 1552 1099 1634 regnicolas,
1126 1551 1262 1616 laborum

59 1670 234 1728 nostrorum
251 1662 414 1744 participes
427 1662 598 1724 indefessos
614 1681 646 1722 se
660 1661 787 1724 naturali
801 1661 929 1743 quadam
942 1660 1125 1724 necessitate
1139 1666 1266 1742 cogatur

61 1771 247 1840 extendere,
274 1775 384 1852 quanto
410 1775 441 1832 et
464 1769 495 1831 in
517 1768 713 1850 regnancium
737 1767 924 1850 protectione
940 1766 1100 1850 precipuos
1118 1769 1195 1832 etin
1212 1782 1264 1830 ex-

60 1876 215 1940 hibicione
234 1877 448 1961 obsequiorum
466 1877 542 1938 divis
558 1875 829 1958 predecessoribus
852 1876 961 1938 nostris
979 1879 1011 1937 et
1026 1875 1112 1938 nobis
1130 1875 1264 1939 exhibuit

61 1990 90 2048 et
103 1984 250 2066 probavit
265 1984 395 2047 varietas
411 1989 580 2066 temporum
597 1982 753 2045 firmiores.

150 2183 347 2250 Erganaungeu
361 2197 408 2234 aus
418 2179 592 2235 libili-Brdb.
606 2177 649 2242 Vl,
663 2177 806 2233 aba-aba
817 2178 968 2236 Fridericus
983 2182 1035 2235 etc.
1047 2180 1185 2249 potestati,
1198 2196 1264 2234 con·

67 2272 125 2326 silio
144 2278 173 2326 et
192 2271 326 2326 communi
347 2308 354 2323 .
383 2308 390 2325 .
419 2309 427 2326 .
448 2275 499 2324 ete.
521 2269 554 2341 a]
573 2271 608 2323 llr
621 2271 690 2324 habe
704 2271 729 2324 in
743 2272 837 2324 Parma
851 2271 897 2323 mit
910 2271 1000 2325 diesen
1013 2269 1201 2340 Abgesandten
1214 2271 1264 2324 der

65 2362 161 2416 Sttdte
184 2360 361 2422 verbanden,
383 2360 507 2414 schreibe
530 2361 609 2413 ibneu
633 2361 697 2414 aber
719 2360 843 2413 dennoch
866 2359 1060 2414 diesenBrief:
1084 2377 1143 2414 cum
1165 2360 1263 2430 qulbus

65 2451 159 2505 Parme
173 2482 210 2491 —
228 2450 404 2504 describimus
422 2450 503 2520 quod,
524 2456 552 2503 ut
570 2450 716 2504 maiestatis
735 2455 786 2503 etc.
800 2481 835 2489 -
848 2448 884 2522 β)
898 2452 945 2504 Die
963 2450 1108 2518 folgenden
1121 2451 1260 2519 allgemei·

63 2557 112 2594 usn
134 2541 323 2594 ltedsnsarteu
351 2539 456 2602 feblen,
484 2539 562 2592 daftir
589 2539 717 2606 folgenda
746 2539 870 2609 wicbtige
901 2539 1105 2594 Scblusssttne:
1136 2541 1262 2594 Volumus

65 2631 142 2684 etiam
161 2634 191 2682 et
208 2631 375 2689 mandamus,
393 2635 424 2682 ut
442 2627 505 2682 fidei
525 2631 614 2682 vestre
634 2630 815 2682 constanciam
836 2631 909 2684 circa
929 2634 1020 2684 nostra
1039 2630 1161 2695 servitia,
1184 2633 1266 2700 prout

66 2721 197 2788 temperis
222 2721 339 2793 qualitas
358 2719 441 2786 exigit
460 2722 487 2770 et
508 2719 654 2788 imperialis
677 2719 800 2789 exposcit
822 2723 981 2783 auctoritas,
1004 2721 1166 2784 excitantes,
1189 2721 1262 2775 circa

64 2812 218 2864 noscenda
230 2809 366 2862 fidelitatis
381 2808 472 2862 debite
492 2811 660 2862 sacramenta
673 2809 749 2861 nobis
763 2814 790 2862 ct
804 2809 941 2864 carissimo
955 2811 1008 2863 tilio
1022 2813 1115 2864 nostro
1129 2803 1262 2873 Conrado,

66 2901 107 2954 cui
120 2901 188 2954 iuris
209 2901 285 2970 rigor
303 2899 408 2969 imperis
422 2898 529 2952 Romani
541 2898 677 2969 fastigium
690 2915 739 2968 per
751 2899 885 2966 legitimos
898 2901 1016 2955 tramites
1029 2905 1139 2970 paterne
1152 2915 1264 2952 succes-

64 2989 143 3043 sionis
157 2989 281 3044 attribuit
294 2994 321 3044 et
343 2989 575 3042 universorum
602 2989 732 3058 imperii
755 2990 947 3060 principum
966 2990 1003 3044 ad
1022 3006 1105 3060 quos
1125 2981 1264 3059 imperii

66 3079 105 3134 ds
123 3082 197 3134 iure
220 3082 356 3149 spectat
375 3079 517 3143 electio,
541 3079 701 3148 singulorum
716 3081 885 3133 concorditer
897 3081 994 3134 munita
1008 3079 1167 3148 signaculis,
1180 3084 1263 3150 prout

66 3170 236 3223 inconcione
249 3173 341 3222 nostra
354 3169 460 3237 publice
479 3169 697 3222 ambasiatoribus
718 3170 812 3223 vestris
826 3171 997 3240 presentibus
1011 3169 1065 3241 legi
1079 3168 1265 3232 mandavimus,

67 3259 231 3314 munimenta
254 3259 360 3328 publica
380 3259 510 3312 roborant
533 3257 695 3328 dignitatem.
728 3259 773 3312 Sic
788 3276 837 3312 vos
859 3260 940 3328 igitur
962 3264 1047 3314 mater
1068 3259 1127 3330 ipsa
1149 3258 1266 3312 fidelitas

68 3353 211 3419 promptos
230 3352 258 3400 et
275 3352 385 3419 paratos
399 3348 533 3410 ostendat,
550 3358 580 3400 ut
594 3348 619 3399 in
641 3348 806 3402 celsitudinis
825 3359 917 3403 nostre
930 3350 1063 3421 presentia
1083 3363 1135 3418 que
1148 3347 1263 3402 fidelium

71 3438 240 3506 gratificatur
253 3437 416 3508 aspectibus,
430 3437 515 3506 ipsius
534 3439 623 3507 operis
642 3436 761 3492 efficacia
778 3454 824 3491 vos
843 3439 1065 3493 commendabiles
1084 3441 1262 3506 representet.

69 3527 155 3598 Super
169 3528 270 3598 quibus
284 3511 413 3598 quiequid
426 3528 562 3581 lohannes
577 3527 610 3580 de
624 3529 749 3586 Materio‚
772 3528 930 3598 capitaneus
949 3535 1054 3590 vester,
1076 3527 1149 3580 robis
1168 3525 1266 3581 dixerit

70 3621 96 3669 el
108 3616 281 3680 mandaverit,
294 3617 412 3671 credatis
426 3615 534 3670 tirmiter
549 3620 576 3670 et
588 3617 735 3671 efficaciter
748 3617 890 3687 impleatis.

156 3798 190 3864 a)
206 3812 315 3848 numero
331 3813 371 3848 am
385 3795 474 3849 Rande
487 3795 516 3849 v.
535 3825 562 3836 -
580 3796 611 3865 b)
626 3801 713 3848 vestra
727 3813 768 3848 am
782 3797 872 3848 Raude
887 3797 916 3849 V.
