3108 5118
880 771 944 842 80.

642 949 835 1014 Romanorum
852 968 904 1014 rer
920 950 1108 1030 procuratori
1119 967 1188 1015 sur.

860 1105 954 1162 1281?

310 1252 397 1325 Kdoiy
409 1251 513 1324 liudolf
521 1253 618 1308 creole
634 1253 718 1309 ciuem
731 1255 854 1308 dicende
868 1253 943 1309 seiae
955 1255 1061 1314 dbeude
1079 1253 1144 1308 ttder
1157 1253 1201 1310 die
1219 1251 1299 1307 Wulrl
1312 1251 1385 1308 einer
1396 1251 1498 1324 Papae

438 1361 488 1400 uuo
499 1346 557 1400 uod
567 1352 678 1399 meant
689 1343 735 1400 ion
748 1363 780 1400 cu
793 1345 893 1401 ceinem
907 1344 1159 1416 Bevollmdcbtr'pten
1173 1343 1217 1400 oei
1228 1341 1386 1399 demeelden.

406 1491 486 1548 Gerb.
501 1490 527 1551 3,
540 1489 584 1544 26.

399 1636 553 1700 Exultator
579 1636 733 1701 humilium
749 1638 843 1708 Deus,
872 1643 941 1700 vota
969 1642 1072 1701 nostra
1100 1635 1139 1700 ab
1162 1636 1281 1699 excelso
1304 1634 1497 1720 prospiciens,

309 1746 507 1811 disideratum
530 1748 619 1809 immo
643 1747 740 1811 virum
757 1747 989 1811 desiderabilem
1013 1747 1144 1811 ecclesie
1167 1767 1222 1810 sue
1239 1752 1346 1809 sancte
1364 1762 1498 1828 sponsum

310 1855 440 1939 previdit
453 1856 613 1939 ydoneum,
626 1861 667 1926 et,
685 1857 795 1940 siquid,
809 1857 835 1920 si
848 1857 993 1921 audemus
1007 1857 1121 1929 dicere,
1138 1855 1169 1918 in
1183 1856 1246 1920 suis
1260 1853 1498 1919 antecessoribus
1545 1939 1547 1944 Α

310 1965 423 2029 exstitit
446 1965 663 2049 inperfectum,
689 1967 775 2049 quasi
800 1987 855 2051 per
878 1967 1002 2029 formam
1020 1965 1250 2048 compleciorem
1266 1965 1298 2028 iu
1315 1963 1498 2028 sanctissimo

309 2093 389 2138 nuuc
419 2080 505 2156 petre
529 2079 649 2146 nostro,
681 2075 800 2137 domiuo
824 2096 920 2160 papa,
949 2074 1097 2157 perlicere
1121 2074 1360 2139 misericorditer
1389 2078 1435 2136 est
1460 2071 1500 2134 di·

309 2187 430 2264 gnatus.

403 2292 484 2356 Saue
500 2293 532 2354 iu
548 2293 614 2374 ipso
632 2300 736 2355 noster
751 2293 919 2377 requiescit
936 2293 1069 2365 animus,
1093 2293 1124 2355 in
1149 2295 1215 2375 ipso
1239 2293 1380 2377 ponimus
1398 2290 1501 2354 ancho-

312 2421 376 2465 rum
402 2402 467 2485 spei
486 2406 599 2472 nostre,
625 2408 657 2465 ut
682 2383 757 2486 ipse·
772 2402 931 2466 nobiscum
948 2423 1075 2485 reguum
1099 2407 1197 2484 regat,
1221 2402 1347 2486 imperio
1375 2401 1501 2484 imperet,

310 2511 428 2574 ordinet
459 2516 490 2572 et
520 2511 742 2594 disponatque
768 2513 927 2595 utriusque
955 2513 1084 2574 hominis
1114 2511 1175 2574 sint
1204 2512 1320 2574 salutis.
1367 2511 1499 2574 Preterea

309 2618 472 2689 credimus,
503 2620 592 2682 immo
625 2625 742 2683 certum
773 2621 918 2702 gerimus,
951 2621 1033 2704 quod
1065 2621 1145 2705 apud
1177 2620 1275 2702 ipsum
1307 2625 1414 2683 noster
1441 2637 1500 2681 esse

309 2727 424 2790 debeas
442 2729 547 2790 oculus
564 2747 624 2790 nou
649 2728 830 2800 dormitans,
862 2730 944 2792 auris
968 2735 1093 2814 patens,
1125 2729 1399 2800 manusuetus,
1431 2729 1500 2790 lacta

310 2843 415 2900 mostra
444 2837 579 2920 dirigens
611 2845 642 2901 et
674 2838 865 2920 gubernares,
899 2839 979 2902 sicut
1012 2844 1115 2902 nostra
1148 2839 1275 2902 directio
1302 2843 1333 2901 et
1362 2837 1393 2900 in
1422 2853 1499 2899 sacro

309 2947 443 3012 Romano
467 2947 593 3028 imperio
617 2948 772 3032 provectio
796 2947 852 3011 tibi
868 2948 928 3011 tuis
947 2969 965 3011 a
981 2948 1127 3030 progenie
1143 2947 1174 3010 in
1189 2947 1354 3032 progenies
1372 2945 1410 3009 ad
1428 2943 1500 3008 exul-

309 3056 459 3120 tacionem
488 3056 597 3120 cedere
630 3056 741 3119 debeat
772 3057 901 3120 nominis
934 3061 965 3118 et
997 3057 1128 3119 honoris.
1170 3057 1263 3120 Porro
1296 3055 1379 3138 apud
1410 3054 1498 3138 ipsum

310 3164 462 3229 dominum
495 3165 692 3250 apostolicum
724 3171 754 3229 te
786 3172 922 3229 nostrum
953 3171 1179 3247 procuratorem
1220 3165 1434 3229 constituimus
1469 3159 1499 3222 ad

311 3274 570 3344 constituendum,
594 3274 741 3338 allectivis
765 3273 1022 3358 persuasionibus
1047 3274 1258 3359 impetrandum
1281 3274 1383 3336 omnia
1407 3288 1499 3335 sacro·

310 3388 416 3447 sancto
433 3385 565 3447 Romano
582 3384 707 3466 imperio
724 3385 897 3467 profutura,
923 3384 986 3446 suis
1010 3384 1089 3447 votis
1114 3403 1173 3446 uon
1190 3381 1361 3453 contraria,
1386 3380 1440 3444 sed
1455 3397 1499 3462 per

310 3494 409 3556 omnia
427 3492 485 3555 sibi
502 3497 715 3556 consentanea.
751 3494 845 3558 Suum
871 3493 949 3555 enim
973 3492 1069 3562 velle,
1095 3512 1182 3555 suum
1199 3492 1279 3555 nolle
1295 3511 1314 3555 a
1331 3495 1435 3554 nostra
1450 3505 1498 3551 nou

310 3602 498 3688 discrepabit
526 3602 585 3666 ullo
614 3606 749 3686 tempore
776 3602 941 3664 voluntate.
976 3602 1033 3665 Pro
1062 3600 1149 3664 nobis
1177 3600 1280 3683 vigila,
1309 3597 1499 3663 ministerium

237 3707 248 3726 '⁴
309 3717 394 3775 tuum
418 3711 525 3796 imple,
554 3730 630 3795 opus
653 3709 750 3774 tidelis
774 3710 832 3774 uiri
855 3709 985 3792 perfice,
1016 3711 1052 3773 de
1077 3709 1194 3794 reliquo
1220 3730 1236 3773 a
1262 3708 1352 3773 nobis
1370 3722 1499 3773 eoronam

308 3821 431 3889 iusticie
446 3821 624 3906 prestolare.

401 4023 518 4078 Gerbert
536 4021 679 4077 retutden
699 4019 776 4076 brief
791 4019 818 4072 in
837 4018 885 4073 das
906 4019 974 4072 taur
994 4015 1063 4071 1281
1079 4017 1146 4072 uaelr
1160 4017 1211 4071 der
1224 4016 1302 4072 Wahl
1323 4016 1444 4072 uerunt
1456 4011 1499 4074 lv,

312 4131 366 4168 was
384 4114 441 4168 siob
458 4113 561 4184 judoch
581 4112 628 4166 mit
641 4111 796 4166 Siolrerlreit
813 4109 888 4164 rricbt
902 4109 1054 4180 behaupteu
1067 4109 1143 4164 ldsst.
1169 4109 1218 4162 Die
1232 4109 1343 4164 Formel
1357 4109 1429 4163 steht
1442 4103 1498 4158 mel

308 4204 404 4259 Philol.
418 4203 482 4268 383,
495 4204 553 4259 Fol.
567 4202 611 4257 ld.
939 4223 941 4228 ·
