3100 5116
852 682 915 757 35.

618 861 786 925 dardlnalls
802 861 833 926 ll.
849 861 1046 926 hunnorum
1063 865 1136 941 regi.

279 1019 331 1072 ltin
356 1019 486 1075 cardinal
506 1020 589 1075 daudet
610 1020 697 1075 ciuem
718 1018 823 1091 Koaige
845 1020 938 1091 dasdr,
960 1021 1026 1076 daec
1048 1039 1079 1074 er
1100 1022 1174 1077 edne
1196 1023 1252 1076 und
1274 1024 1324 1075 der
1349 1021 1477 1094 Sciniqen

276 1109 389 1182 persepe
401 1111 510 1165 Dienete
522 1129 552 1166 eo
565 1110 634 1165 doch
647 1109 803 1178 anechloqe,
826 1112 884 1166 nod
894 1112 966 1164 etellt
977 1110 1036 1166 ricla
1049 1113 1108 1167 aad
1119 1111 1164 1167 dic
1177 1113 1305 1187 Seinz'gen
1318 1111 1374 1169 ihm
1380 1113 1476 1182 jeder·

732 1201 783 1256 zrit
794 1220 842 1255 zur
863 1201 1023 1273 Verfrtqunp.

370 1349 583 1430 llagnitudiuis
600 1353 700 1411 vestre
717 1348 832 1430 apices,
851 1347 937 1411 nobis
961 1349 1122 1411 novissime
1146 1368 1201 1430 per
1223 1349 1328 1412 harum
1352 1351 1478 1414 latorem

278 1464 481 1540 presentatos,
510 1458 677 1522 dulcedinis
706 1458 796 1522 multe
830 1457 986 1522 suavitate
1016 1458 1164 1530 refertoS,
1196 1459 1342 1542 multique
1373 1461 1479 1542 plenos

280 1569 493 1632 dulcorositate
519 1569 651 1650 leporis,
678 1573 814 1650 prompta
842 1589 931 1631 manu
960 1569 1147 1651 recepimus,
1176 1569 1271 1632 aridis
1293 1568 1480 1651 perlegimus

280 1678 373 1740 oculis
403 1685 432 1741 et
455 1678 515 1741 leto
538 1677 637 1741 animo
661 1697 719 1761 que
743 1677 972 1741 continebantur
994 1678 1025 1740 iu
1048 1677 1161 1740 eisdem
1178 1678 1265 1759 pleno
1285 1679 1479 1760 concepimus

279 1785 442 1850 intellectu.
475 1785 623 1870 Equidem
652 1787 682 1848 in
711 1787 784 1869 ipsis
813 1792 913 1850 vestre
931 1787 1071 1867 dignacio
1096 1787 1333 1868 gratuititudinis
1358 1788 1398 1850 ad
1428 1808 1480 1851 nos

279 1914 388 1978 magne
411 1895 519 1959 fiducie
542 1896 652 1959 indicia
676 1896 852 1977 proferens,
882 1895 951 1958 dum
967 1900 1028 1957 tam
1047 1895 1172 1959 devotas
1190 1915 1281 1979 quam
1296 1896 1481 1979 multiplices

278 2005 410 2071 reddidit
425 2006 544 2087 gracias
561 2025 615 2087 pro
629 2005 763 2088 inpensis
788 2004 874 2067 nobis
892 2012 922 2068 et
938 2005 1049 2067 nostris
1069 2011 1168 2068 vestre
1189 2006 1372 2069 excellencie
1386 2009 1480 2088 gratis

279 2114 450 2197 obsequiis,
481 2121 614 2178 nostrum
646 2109 794 2178 internum
818 2116 929 2179 excitat
946 2115 1100 2186 intuitum,
1130 2115 1240 2178 clarius
1268 2114 1373 2178 innato
1397 2116 1481 2179 vohis

278 2223 422 2287 bonitatis
440 2223 595 2305 fastigium
613 2225 883 2305 contemplandum.
917 2224 962 2286 Eo
980 2224 1059 2286 euim
1076 2224 1195 2287 virtutis
1219 2223 1392 2287 sublimitas
1411 2245 1482 2288 cou-

279 2353 405 2416 surgere
422 2332 617 2416 probatorio
639 2333 749 2405 altum,
779 2333 858 2416 quod
882 2352 938 2414 per
959 2333 1136 2397 humilitatis
1154 2333 1263 2396 donum
1280 2333 1319 2395 ad
1336 2332 1482 2397 inferiora

278 2442 479 2515 descendens,
496 2441 624 2505 servicia
648 2441 846 2524 gratificando
862 2443 1058 2523 recognoscit
1073 2442 1215 2516 exhibita,
1233 2449 1265 2507 et
1287 2443 1480 2506 exuberando

276 2551 437 2624 interdum,
456 2558 597 2635 quantum
614 2551 697 2621 licet,
720 2571 780 2615 non
802 2552 897 2614 solum
919 2571 1015 2633 pauca
1032 2552 1219 2634 multiplicat,
1237 2552 1325 2614 exilia
1343 2552 1478 2623 roborat,

278 2659 451 2742 magnificat
477 2660 613 2732 modica,
643 2661 695 2723 sed
720 2662 815 2723 eciam
839 2681 873 2722 se
897 2659 1051 2742 recepisse
1075 2666 1161 2742 putat
1183 2660 1331 2744 obsequia
1355 2681 1419 2724 non
1435 2662 1479 2722 in·
1538 2723 1539 2748 ξ

277 2789 382 2853 pensa.
396 2770 460 2832 Hoc
472 2769 503 2831 in
515 2769 624 2832 vestris
641 2769 823 2832 advertimus
839 2768 946 2840 literis,
959 2769 1028 2831 dum
1045 2790 1061 2831 a
1078 2769 1261 2853 tantoa)tot
1275 2769 1314 2855 b)
1333 2776 1364 2834 et
1381 2775 1480 2834 tantas
1537 2819 1539 2850 q

279 2884 382 2962 grates
400 2879 575 2960 accepimus
596 2897 652 2959 pro
676 2878 819 2950 modieis,
849 2898 907 2961 que
935 2898 990 2940 nos
1013 2883 1044 2942 et
1066 2879 1162 2943 nostri
1177 2898 1232 2960 pro
1248 2878 1335 2942 vohis
1353 2879 1480 2942 lecimus
1538 2859 1539 2888 ³

279 2987 368 3049 velud
396 2986 493 3050 nullis.
526 2987 624 3068 Digne
653 2985 745 3067 igitur
766 3005 821 3068 pro
844 2990 926 3050 tante
949 2985 1186 3069 gratificacionis
1209 2985 1360 3050 beneficio
1379 2993 1479 3050 vestre

280 3095 451 3160 celsitudini
463 3096 501 3158 ad
519 3101 638 3177 grateS,
656 3115 731 3178 quas
748 3101 849 3176 polest
864 3096 994 3159 reddere
1012 3101 1116 3160 nostra
1132 3096 1309 3168 modicitas,
1332 3095 1478 3178 promptis

280 3205 439 3269 affectibus
456 3206 665 3286 insurgentes,
693 3203 922 3286 magnificencie
945 3211 1046 3268 vestre
1070 3206 1178 3268 merito
1197 3205 1334 3268 duximus
1353 3205 1479 3269 offeren-

281 3316 362 3387 dum,
380 3319 423 3386 ut,
440 3314 527 3378 nobis
545 3320 575 3376 et
591 3315 702 3377 nostris
720 3319 838 3377 utentes
855 3313 1038 3378 fiducialiter
1053 3320 1192 3398 tanquam
1211 3314 1334 3386 vestris,
1358 3320 1403 3377 sic
1426 3333 1476 3376 uos

282 3431 313 3489 et
335 3425 401 3488 illos
424 3424 555 3487 excitare
578 3424 609 3485 in
633 3423 805 3486 serenitatis
831 3429 930 3486 vestre
953 3424 1051 3486 velitis
1074 3424 1273 3506 beneplacitis
1295 3422 1478 3487 confidenter

280 3537 376 3599 literis
394 3540 424 3599 et
439 3535 556 3598 nunciis
574 3534 612 3596 ad
628 3539 728 3598 vestra
744 3534 956 3620 prosequenda
973 3533 1101 3614 negocia
1119 3534 1361 3617 quandocunque
1378 3534 1476 3597 volue-

282 3646 347 3709 ritis
366 3644 539 3716 evocando,
564 3643 654 3727 quod,
678 3645 703 3705 si
720 3643 798 3705 nulla
816 3648 917 3705 nostra
934 3644 980 3706 rel
997 3650 1169 3707 nostrorum
1186 3664 1239 3706 ros
1256 3643 1474 3725 precessissent

163 3773 208 3813 ru·
217 3773 271 3812 sou·
284 3755 445 3838 obsequia,
475 3755 619 3835 deinceps
636 3753 674 3838 e)
697 3752 901 3834 producantur
928 3753 1047 3825 inesse,
1072 3759 1121 3826 ut,
1145 3754 1172 3815 si
1196 3753 1344 3816 hactenus
1372 3752 1476 3816 suerint

283 3865 412 3938 modica,
429 3866 460 3927 in
476 3869 642 3947 posterum,
660 3857 758 3926 divina
776 3863 896 3926 favente
914 3862 1092 3933 clemencia,
1108 3881 1218 3944 magna
1234 3861 1315 3924 fiant.

374 4065 407 4133 o)
423 4068 527 4118 atarto
541 4065 588 4116 aul
599 4064 685 4117 Rasur
697 4063 726 4117 V.
744 4093 777 4101 -
792 4063 823 4132 b)
838 4063 907 4116 tales
920 4063 947 4116 Z.
963 4092 996 4102 -
1012 4062 1043 4130 c)
1058 4078 1088 4116 ea
1104 4062 1131 4114 Z.
