3108 5118
1199 333 1276 404 313

164 506 228 571 Vos
245 507 347 592 itaque
363 527 539 591 quesumus,
565 515 652 594 pater
668 515 785 581 sancte,
809 507 955 589 suscipite
972 506 1064 569 lilium
1083 505 1278 588 singularem,

70 634 164 698 quem
186 617 294 697 procul
317 615 407 680 dubio
432 618 576 682 sencietis
600 617 781 700 intrepidum
805 615 909 680 matris
931 615 1066 689 ecclesie
1090 615 1222 697 pugilem
1248 619 1279 677 et

71 723 221 788 invictum
244 722 316 787 fidei
333 723 484 790 katholico
510 726 709 790 defensorem.
743 727 923 789 Processum
945 743 1017 786 vcro
1041 729 1102 786 tam
1125 723 1193 793 rite,
1217 731 1278 786 tam

69 831 220 912 provide,
248 837 310 896 tam
326 837 442 896 mature
472 834 509 896 de
538 833 604 916 ipso
633 833 678 896 sic
702 833 854 906 habitum,
883 833 1022 913 graciose
1046 828 1278 913 approbacionis

70 939 224 1022 applausu
251 939 390 1004 benivolo
418 948 655 1026 prosequentes,
684 961 720 1005 ac
750 963 785 1004 ex
813 939 947 1004 attinenti
976 944 1101 1022 paterne
1119 938 1278 1002 dulcedine

71 1049 201 1132 pietatis
218 1069 292 1132 opus
309 1050 502 1132 perficientes
519 1053 575 1116 Dei
592 1053 624 1115 in
646 1052 729 1134 ipso,
754 1052 899 1124 cundem,
925 1070 992 1114 cum
1008 1054 1108 1113 vestre
1125 1047 1278 1112 sanctitati

69 1157 226 1238 placuerit
249 1165 280 1222 et
303 1159 400 1223 visum
424 1161 514 1224 fuerit
531 1167 741 1243 opportunum,
766 1160 803 1223 ad
826 1159 990 1242 imperialis
1008 1157 1123 1239 fastigii
1141 1156 1279 1220 diadema

71 1267 243 1350 dignemini
270 1267 508 1332 misericorditer
535 1288 680 1342 evocare,
710 1274 742 1332 ut
765 1269 863 1331 sciant
887 1272 918 1331 et
945 1266 1114 1348 intelligant
1137 1263 1280 1336 universi,

72 1375 159 1459 qnod
179 1377 327 1458 posuerit
357 1396 411 1441 ros
443 1379 474 1440 in
506 1377 604 1442 lucem
636 1377 778 1460 gencium
815 1376 978 1448 Dominus,
1023 1380 1055 1438 ut
1091 1394 1147 1458 per
1177 1379 1279 1437 vestre
1333 1445 1336 1448 ,

72 1485 278 1550 discrecionis
313 1487 468 1551 arbitrium
502 1494 583 1552 terre
616 1487 657 1572 a)
687 1493 756 1570 post
790 1486 924 1551 nubilum
959 1491 1098 1568 exoptata
1130 1484 1279 1548 serenitas

73 1595 247 1660 illucescat.

97 1735 105 1752 ·
167 1721 217 1776 llin
240 1721 368 1778 ldrueres
387 1723 538 1778 Schreiben
558 1721 680 1792 gleichen
701 1722 803 1776 lnhalts
828 1738 879 1774 von
900 1720 984 1774 ciuem
1004 1721 1104 1774 andern
1122 1719 1280 1774 llnridrsten

72 1812 136 1884 (die
155 1811 262 1882 dortige
282 1802 450 1870 llbereehritl
469 1813 648 1886 Engclbertus
668 1812 789 1883 archiep.
810 1811 903 1867 Colca.
923 1818 975 1864 etc.
996 1811 1041 1874 ist,
1064 1811 1114 1865 wie
1135 1809 1182 1864 der
1195 1811 1281 1864 lnbalt

73 1904 194 1976 ergiebt,
208 1903 311 1974 faloch)
324 1903 407 1960 tindet
420 1906 477 1961 sich
493 1904 535 1959 bei
550 1904 684 1960 liodmann
698 1922 723 1976 p.
739 1902 765 1958 6.

661 2057 723 2128 ll.

381 2199 488 2264 luctus
505 2198 676 2263 montellum
691 2199 728 2261 dc
745 2197 899 2262 sbbstissa
918 2217 984 2262 sus.

204 2319 365 2392 Klaqelrief
373 2337 421 2376 ooo
435 2320 703 2377 Ktosterecbweetero
716 2321 782 2376 atter
795 2321 848 2376 dec
864 2321 920 2376 Tod
932 2318 1009 2377 rbrer
1022 2310 1150 2377 doctoris.

165 2430 320 2513 Lugubris
329 2437 510 2514 exsurgente
523 2431 649 2496 meroris
662 2432 767 2496 aculeo
782 2453 840 2496 non
854 2431 1170 2520 sinetletutlercmb)‚
1184 2436 1280 2495 meste

70 2541 298 2606 consolacionis
315 2542 511 2625 aggredimur
527 2547 558 2606 et
575 2542 787 2627 questionibus
803 2542 949 2607 luctuosis
967 2541 1006 2628 c)
1023 2542 1136 2606 funesti
1152 2541 1280 2604 rumoris

71 2652 297 2733 prorumpimus
321 2651 361 2714 ad
385 2656 534 2724 narratus,
559 2650 640 2735 quod
667 2651 812 2714 videlicet
836 2651 971 2714 matutini
989 2651 1098 2715 sideris
1116 2650 1281 2733 speculum,

73 2760 163 2826 cuius
195 2761 227 2824 in
259 2759 362 2842 specie
394 2780 465 2824 vere
495 2761 571 2825 lucis
604 2761 775 2844 ymaginem
807 2759 1001 2831 mirabamur,
1024 2759 1138 2824 risibus
1168 2758 1280 2823 nostris

76 2869 221 2943 evanuit,
252 2870 378 2934 baculus
406 2870 561 2954 religionis
589 2870 719 2942 interiit,
752 2869 951 2952 professionis
979 2874 1082 2934 nostre
1110 2870 1281 2934 uehiculum

74 2979 175 3062 procli
188 2979 289 3044 dolor!
305 2980 434 3044 stadium
446 2979 535 3044 huius
548 2979 813 3063 peregrinacionis
826 2979 929 3052 exivit,
946 2979 1016 3044 dum
1033 2979 1153 3043 domina
1167 2986 1280 3053 nostra,

75 3089 137 3154 dux
154 3093 259 3152 nostra
274 3089 455 3153 venerabilis
473 3094 504 3153 et
519 3090 682 3170 magistra,
707 3109 763 3172 per
779 3087 1011 3153 disiunctionem
1029 3089 1157 3152 carnalis
1175 3089 1281 3172 copule

78 3198 120 3261 ad
132 3197 240 3260 mortis
251 3197 405 3261 interitum
418 3202 553 3269 evocata,
567 3217 664 3280 nuper
675 3197 714 3260 ad
730 3198 834 3279 sponsi
851 3198 964 3280 syderii
980 3197 1021 3278 d)
1039 3197 1200 3262 thalamum
1211 3199 1282 3263 letis

79 3304 229 3388 auspiciis
247 3305 383 3370 evolavit.
412 3307 535 3371 Volatus
553 3306 639 3369 cuius
656 3308 755 3369 festus
773 3312 804 3369 et
820 3306 959 3379 celebris,
978 3311 1081 3389 utpote
1099 3308 1136 3371 de
1153 3307 1282 3376 terrenis

79 3415 206 3480 habitus
219 3415 257 3476 ad
270 3434 421 3496 suprema,
438 3415 475 3478 ab
493 3414 596 3478 umbra
614 3414 754 3495 caliginis
771 3415 810 3477 ad
827 3435 964 3487 corusca,
989 3416 1061 3479 licet
1077 3416 1283 3499 spiritualibus

80 3522 225 3587 sensibus
243 3530 388 3606 suggerat
405 3526 532 3606 gaudia,
556 3524 762 3608 temporaliter
784 3529 885 3589 tamen
902 3524 1039 3589 eluvione
1055 3526 1155 3590 luctus
1171 3526 1283 3590 lumina

79 3633 305 3717 preconlundit.
337 3635 476 3717 Dumque
501 3634 645 3716 voluptati
670 3654 796 3716 gressus
821 3633 931 3715 eripuit
955 3639 985 3698 et
1009 3633 1114 3699 salutis
1131 3635 1239 3700 direxit
1254 3633 1285 3700 iu

81 3743 240 3815 semitam,
269 3742 344 3806 heu!
368 3749 439 3805 tune
461 3747 581 3807 nostros
605 3743 765 3826 dereliquit
782 3748 942 3825 aspectus,
970 3764 1030 3807 uon
1045 3744 1285 3826 promerentibus

79 3854 160 3917 forte
178 3857 282 3916 nostre
297 3851 686 3936 imperfectionisflrcatibus.
715 3852 832 3916 Placuit
847 3852 975 3916 Domino
991 3855 1098 3934 pocius
1116 3873 1181 3917 eam
1199 3851 1283 3917 soliis

81 3961 230 4028 claruisse
264 3963 426 4028 celestibus
458 3964 619 4047 gloriosam
647 3983 737 4048 quam
765 3963 935 4046 graciosam
961 3963 1117 4029 sororibus
1149 3963 1282 4028 terrenis

82 4073 162 4138 ultra
177 4070 302 4136 sedibus
318 4073 493 4154 possedisse
509 4072 558 4161 e).

176 4235 242 4292 coo.
256 4236 367 4291 Wilber.
385 4238 413 4292 B.
429 4235 489 4301 122,
512 4236 560 4291 mit
581 4235 722 4292 derselben
745 4223 923 4294 llbersebrilt
946 4236 994 4292 uie
1018 4237 1083 4293 bier.
1105 4238 1182 4293 Perta
1200 4237 1283 4295 doch.

82 4329 109 4394 7,
123 4327 187 4383 908.
1165 4349 1172 4363 ·

173 4479 209 4548 a)
232 4479 288 4532 orbi
309 4483 381 4534 terre
399 4479 427 4533 Z.
443 4509 473 4519 -
489 4478 520 4549 b)
539 4479 629 4536 fierem
648 4477 675 4532 Z.
693 4509 721 4518 -
738 4481 769 4549 c)
787 4479 934 4534 luctisonis
954 4477 982 4533 Z.
997 4509 1030 4520 -
1044 4479 1081 4547 d)
1095 4478 1191 4534 siderei
1206 4479 1235 4531 z.
1249 4506 1286 4520 -

85 4571 116 4640 e)
131 4569 288 4642 presedisse
301 4571 330 4624 Ζ.
