3108 5118
284 330 361 402 310

281 506 392 570 involvi
408 504 449 592 a)
471 505 612 570 fluctibus
641 505 748 569 bellice
775 505 974 587 tempestatis.
1014 504 1098 566 buna
1131 502 1268 584 quidem,
1302 499 1353 562 diu
1386 497 1475 580 quasi

282 615 399 680 sublata
415 614 452 676 de
469 615 551 688 celo,
575 615 759 678 condensata
780 613 974 678 tenebrarum
996 611 1138 676 umbrosa
1155 608 1301 691 caligine,
1318 609 1401 670 facta
1418 606 1477 670 fuit

281 743 338 786 nox
354 723 454 804 gravis
472 730 502 786 et
517 722 605 805 plena
621 723 783 805 periculis,
812 723 843 784 in
866 741 924 805 qua
952 720 1138 785 transierunt
1160 719 1234 782 silve
1256 717 1356 780 bestie
1373 721 1477 778 cater-

280 834 381 906 vatim,
397 832 516 898 leonum
538 833 628 898 catuli
652 833 806 916 rugientes
827 831 866 919 ¹),
882 837 915 894 ut
937 836 1080 912 raperent
1096 831 1281 893 innocentes.
1323 827 1357 890 ln
1373 825 1475 888 medio

280 950 380 1008 autem
391 944 512 1027 Egypti
525 945 631 1026 spiritu
644 944 733 1008 mixto
746 942 902 1024 vertiginis
913 940 954 1029 2),
971 943 1003 1005 in
1016 941 1194 1005 oblivionem
1210 940 1320 1003 veritas
1338 942 1475 1007 venerat,

279 1052 378 1116 claves
395 1054 475 1117 Petri
504 1053 723 1136 quodammodo
752 1055 854 1135 lapsae
878 1050 1045 1115 lucrantia
1068 1055 1289 1132 contemptum,
1317 1047 1476 1112 libertates

280 1161 409 1224 ecclesie
425 1167 674 1243 contorpuerant,
703 1160 864 1224 furibunda
886 1159 1044 1242 tyrannide
1061 1159 1247 1222 conculcate.
1283 1155 1346 1221 Sed
1362 1155 1420 1218 Dei
1444 1161 1477 1218 et

279 1269 429 1334 bominum
446 1271 593 1334 mediator
609 1271 780 1342 altissimus,
806 1269 856 1353 qui
873 1270 903 1332 in
920 1269 965 1332 ira
980 1269 1135 1332 continere
1152 1265 1392 1330 misericordiam
1416 1286 1476 1328 non

278 1381 444 1452 consuevit,
467 1385 536 1462 post
552 1379 734 1462 multiplices
752 1379 815 1442 dire
832 1379 1058 1464 persecucionis
1077 1377 1245 1460 angustias,
1263 1375 1373 1460 quibus
1390 1374 1475 1437 orbis

278 1489 397 1553 attritus
420 1493 581 1562 emarcuit,
610 1489 718 1573 quibus
741 1489 904 1553 christiane
928 1488 1114 1570 compaginis
1138 1494 1185 1551 est
1206 1487 1305 1550 soluta
1322 1486 1476 1556 iunctura,

278 1597 411 1689 scissure
428 1598 593 1680 dispendiis
611 1599 735 1679 agitata,
749 1598 793 1660 sic
806 1599 985 1662 afflictorum
998 1597 1168 1660 miserande
1186 1596 1307 1659 miserie
1320 1595 1476 1666 misertus,

208 1695 211 1703 ’
277 1707 337 1770 iam
352 1707 434 1771 visus
452 1713 499 1771 est
514 1706 643 1770 fidelium
660 1707 798 1770 lacrimas
817 1707 940 1770 dextera
956 1708 1095 1788 graciose
1113 1705 1335 1769 consolacionis
1354 1705 1477 1768 abster-
1530 1699 1532 1702 ’

277 1833 362 1897 gere,
381 1822 412 1878 et
424 1816 678 1897 singultuosorum
693 1817 822 1879 lamenta
838 1815 977 1898 lugubria
994 1815 1146 1879 cohibere.
1170 1815 1327 1896 Disposuit
1345 1813 1474 1877 enimin

277 1923 472 2007 apostolicam
488 1924 590 1987 sedem
609 1924 648 2010 β)
667 1925 761 1989 virum
778 1926 944 1988 secundum
961 1945 1128 1996 corsuum,
1153 1923 1241 1986 velud
1259 1923 1474 2005 splendidissi-

278 2053 357 2098 mum
375 2033 471 2098 solare
488 2035 582 2105 sidus,
599 2033 800 2116 precellencia
814 2036 941 2108 virtutis,
961 2035 1128 2098 sanctitatis
1145 2033 1287 2115 operibus
1306 2040 1336 2096 et
1354 2032 1476 2096 iusticie

277 2143 369 2206 radiis
397 2144 626 2228 prefulgentem.
672 2145 705 2206 ln
733 2150 836 2208 nostra
853 2145 892 2228 b)
920 2144 1015 2207 eciam
1033 2143 1071 2230 c)
1100 2143 1317 2207 sublimacione
1345 2142 1476 2206 mirabili

276 2250 416 2315 arbitrari
433 2251 560 2335 quilibet
575 2252 651 2316 fidus
669 2259 699 2316 et
716 2273 811 2336 equus
834 2254 982 2336 interpres
1007 2259 1124 2334 potest,
1154 2253 1233 2336 qnod
1262 2258 1340 2316 nutu
1364 2252 1476 2322 divino,

273 2361 385 2424 lunaris
413 2361 495 2443 globi
523 2363 633 2425 lumine
665 2369 820 2445 reparato,
853 2363 1005 2444 fluctivagi
1034 2362 1180 2428 hactenus
1208 2362 1328 2444 imperii
1363 2366 1474 2431 status,

272 2469 381 2533 nebula
404 2471 541 2535 nubilosa
565 2473 700 2544 detersa,
723 2472 884 2534 universali
908 2473 1131 2562 exspectaoioni
1156 2471 1287 2535 fidelium
1312 2472 1473 2553 utriusque

270 2578 424 2643 luminaris
445 2581 574 2646 iocunda
595 2582 743 2646 serenitas
767 2582 874 2645 amodo
898 2582 1007 2645 olarios
1033 2589 1063 2645 et
1086 2581 1285 2644 irradiancius
1310 2581 1472 2652 illucescit,

272 2694 304 2752 ut
319 2689 495 2754 restituatur
510 2691 687 2763 Jerusalem,
705 2691 785 2755 sicut
800 2692 899 2755 tuerat
920 2693 949 2755 in
973 2691 1079 2755 diebus
1097 2691 1247 2775 antiquis,
1271 2696 1302 2754 et
1318 2697 1470 2774 ponantur

270 2798 366 2879 ipsius
384 2798 503 2863 deserta
520 2801 607 2881 qnasi
623 2800 742 2870 delicie,
756 2805 786 2863 et
803 2799 1067 2863 solitudinis-invia
1085 2801 1164 2864 sicut
1180 2800 1287 2864 hortus
1309 2799 1350 2884 ³).

363 2963 443 3016 Diese
467 2962 616 3034 Einleitung
642 2963 737 3033 gcbdrt
763 2983 795 3018 nu
821 2965 869 3018 det·
895 2965 962 3018 oben
988 2983 1014 3035 p.
1041 2963 1103 3024 262,
1135 2979 1177 3018 no.
1204 2960 1239 3014 to
1265 2963 1462 3033 mitgctboilten

271 3050 383 3105 Formol.
398 3082 431 3092 -
446 3053 561 3108 Gerbert
576 3054 601 3117 l,
616 3055 632 3108 b
646 3069 700 3108 war
713 3055 756 3108 die
770 3073 819 3109 von
832 3055 990 3110 Franciscus
1005 3054 1132 3126 Plppinus
1147 3053 1325 3124 mitgetbcilte
1340 3053 1466 3108 Urlmndc

270 3142 428 3204 unbekannt,
442 3160 471 3197 er
484 3144 577 3198 deutot
590 3143 631 3198 die
645 3145 749 3200 Formel
763 3145 847 3200 daber
861 3145 955 3200 salsoh.

361 3253 554 3322 Ergtncungen
579 3271 626 3306 aus
652 3255 711 3307 dem
737 3253 833 3309 Obron.
859 3255 994 3309 Francisci
1019 3253 1137 3326 Pippiai:
1163 3254 1289 3308 llluratori
1313 3251 1465 3326 Scriptores

270 3341 296 3402 9,
313 3341 375 3396 720.
400 3342 434 3413 α)
451 3343 608 3415 Rodnlphus
627 3345 675 3398 Dei
693 3347 780 3416 gratia
799 3347 974 3400 Rornanorum
995 3362 1042 3400 rex
1054 3361 1161 3416 semper
1174 3351 1317 3417 augustus,
1338 3345 1463 3400 Vicarius

269 3436 338 3490 sacri
355 3433 464 3489 Romani
481 3433 591 3506 imperii.
618 3435 751 3491 Fidelibus
771 3453 820 3508 per
838 3437 938 3492 ltaliam
957 3436 1125 3500 constitutis,
1148 3435 1181 3491 ad
1201 3453 1316 3507 quorum
1330 3437 1452 3492 noticiam

268 3530 423 3605 praesentes
448 3525 540 3580 literas
564 3526 654 3580 venire
685 3527 860 3597 contingerit,
895 3527 1008 3596 gratiam
1041 3545 1115 3582 suam
1141 3531 1169 3582 et
1199 3518 1274 3582 omne
1301 3529 1406 3582 bonum.
1431 3555 1462 3564 -

269 3613 304 3686 β)
319 3616 486 3686 Gregorium.

360 3762 393 3830 a)
407 3761 476 3816 volvi
490 3761 517 3814 Ζ.
532 3793 565 3801 -
579 3763 610 3832 d)
624 3767 713 3817 vestra
726 3764 747 3816 V
761 3763 812 3814 ond
827 3765 853 3816 Z.
881 3795 908 3805 —
925 3766 956 3834 r)
974 3765 1041 3820 enim
1056 3765 1083 3818 Z.

271 3937 596 3950 ...s—m...-

296 4054 320 4111 1)
338 4055 385 4098 tar.
399 4053 470 4110 lsajtae
482 4053 506 4109 b,
517 4054 556 4099 29.
570 4055 609 4099 30.

291 4133 316 4193 ²)
335 4135 406 4190 lsajac
418 4137 458 4191 te,
472 4136 509 4184 ll.

291 4217 314 4274 ³)
331 4215 403 4272 lsajae
420 4219 460 4271 tl,
478 4220 502 4264 3.
