3116 5124
1182 327 1232 404 99

135 504 220 569 ltem.
254 503 413 567 Constituti
429 503 467 566 ad
483 502 641 568 multarum
662 502 809 584 regimina
825 503 964 584 gencium
991 507 1022 566 et
1045 501 1233 566 diversorum

14 603 15 612 Ξ
60 594 245 675 moderamina
260 611 447 693 populorum,
464 610 626 691 gloriosum
642 615 816 691 reputamus
832 609 864 672 in
879 610 1013 692 principe
1036 630 1072 673 ac
1088 610 1231 673 victorio-

14 751 16 786 ι
63 739 121 782 sum
135 719 263 782 vindicte
279 738 375 800 genus
398 717 586 780 decernimus
603 717 634 780 in
657 722 819 798 regnante,
847 717 873 779 si
895 737 962 779 oum
979 717 1106 780 subditis
1123 718 1233 781 uostris

59 830 208 892 elementer
233 828 371 910 agimus,
399 833 429 890 ct
456 827 575 910 eisqui
603 826 723 889 obnoxii
747 832 817 890 sunt
843 826 973 898 offense,
1000 827 1234 892 misericordiam

58 937 299 1020 superexaltantes
316 937 437 1008 iudicio,
453 934 587 1017 graciam
603 941 734 999 nostram
749 935 913 1002 liberaliter
928 936 1103 1019 impertimur
1119 937 1169 1022 a).

539 1297 665 1342 bistiuctio
682 1298 739 1343 xvt.

14 1109 19 1304 Ξ
454 1157 496 1221 lle
513 1158 672 1221 concordla
687 1162 717 1220 et
732 1175 815 1240 pace.

14 1453 17 1554 Ξ

132 1432 280 1496 bicett
233 1435 280 1496 mt
282 1453 315 1495 er
332 1438 434 1496 cetera
451 1431 551 1495 cordis
568 1431 662 1495 nostri
686 1431 811 1494 consilia
832 1431 890 1495 hoc
913 1431 1022 1496 debeat
1043 1455 1111 1497 esse
1133 1434 1234 1517 preci-

14 1545 142 1662 {paam
158 1545 191 1602 ut
205 1541 294 1604 inter
303 1540 510 1604 discordantes
526 1540 611 1622 pacis
629 1540 819 1603 concordiam
834 1560 1039 1622 procuremus,
1053 1542 1122 1625 quia
1132 1547 1234 1605 tamen

14 1641 249 1738 lnonnuuquam
267 1649 344 1711 mala
358 1649 503 1712 bonorum
519 1649 652 1731 speciem
667 1649 860 1721 mentiuntur,
877 1650 993 1712 cautius
1009 1654 1055 1712 est
1071 1651 1231 1732 agendum,

14 1731 19 1850 Ξ
57 1776 86 1818 ne
105 1757 238 1820 odiorum
254 1758 380 1821 vulnera
396 1778 431 1819 ex
446 1756 598 1829 remediis,
616 1755 724 1839 quihus
742 1777 777 1819 ea
795 1777 906 1820 curare
917 1756 1093 1840 satagimus,
1108 1757 1231 1822 insana-

14 1925 16 1970 t
61 1863 148 1927 hiliora
163 1864 229 1965 liqui
248 1871 280 1928 et
298 1865 435 1928 amittere
451 1865 569 1928 valeant
586 1885 669 1947 spem
686 1865 801 1929 salutis.
1192 1850 1197 1859 ⁵

14 1983 16 2010 ³
128 1975 218 2039 Item.
256 1973 330 2037 Cum
345 1973 430 2055 leges
448 1978 477 2034 et
493 1974 558 2036 iura
576 1973 637 2036 siut
653 1972 690 2035 de
708 1993 759 2035 ore
776 1972 944 2059 principum
961 1974 1135 2038 confirmata
1158 1975 1234 2038 divi-

15 2067 16 2126 Ῑ
61 2079 137 2154 ritus,
152 2083 192 2144 ad
207 2081 422 2162 hoc-scilicet,
438 2086 472 2144 ut
488 2081 616 2144 humana
638 2081 837 2144 coherceatur
857 2081 983 2144 audacia
1006 2088 1036 2146 et
1056 2083 1234 2147 innocencia

54 2194 105 2253 tuta
129 2191 282 2261 resideat,
309 2209 366 2271 pax
392 2189 424 2251 in
451 2189 581 2251 medium
602 2190 738 2271 prodeat,
761 2189 911 2253 discordia
927 2190 1087 2263 limitetur,
1111 2193 1233 2274 dignum

15 2289 16 2356 l
55 2297 244 2371 decernimus,
274 2304 307 2362 ut
334 2298 412 2381 quod
429 2297 573 2360 arcteris
590 2297 669 2380 viuris
692 2298 824 2360 remedio
841 2303 876 2380 b)
895 2298 1056 2361 salubriter
1078 2305 1125 2362 est
1149 2300 1232 2363 deci-

58 2426 123 2478 sum,
134 2408 213 2470 nulla
225 2406 397 2471 temeritate
409 2405 440 2468 in
451 2405 578 2477 irritum,
590 2405 637 2468 vel
650 2406 859 2488 presumcionc
869 2405 1000 2487 qualibet
1009 2407 1175 2472 deducatur
1182 2403 1232 2490 0)ss

15 2591 16 2650 Ξ
132 2568 1232 2642 ffbstmaffimmffimfflfflfflmmmmfflssmmmffimmmffime

15 2651 16 2714 }
55 2659 161 2731 mitigato
185 2662 281 2728 rigore
302 2659 423 2726 iusticie,
460 2660 621 2714 liberalitate
643 2661 728 2714 utitur
747 2660 774 2712 in
796 2660 937 2725 subiectis;
977 2661 1123 2730 imperialis
1147 2663 1231 2717 eciam

15 2719 20 2806 l
54 2753 183 2805 clemencia
206 2756 286 2805 tanto
313 2751 457 2820 gloriosior
481 2749 614 2818 ereditur,
637 2755 737 2820 quanto
762 2750 906 2820 gloriosius
928 2756 1078 2805 exercetur.
1104 2755 1234 2808 Preterea

14 2823 16 2904 Ξ
56 2841 166 2894 sublimat
189 2841 396 2896 mansuetudine
421 2841 584 2910 principem,
614 2841 686 2910 qnod
708 2840 732 2893 in
752 2827 907 2894 sublimibus
933 2843 1036 2908 agitur,
1065 2843 1126 2894 dum
1153 2845 1234 2898 velud

14 2921 16 2976 l
56 2949 112 3002 opus
124 2933 268 3002 egregium
282 2931 385 2984 videtur
398 2932 430 2985 ab
444 2932 575 2994 omnibus,
600 2932 672 3002 quod
687 2931 713 2984 in
728 2934 837 3002 specula
851 2933 1008 2986 collocatur.
1035 2934 1131 2986 Dolore
1145 2936 1232 2986 tamen

57 3021 177 3077 interdum
196 3040 253 3078 non
267 3023 392 3076 immerito
406 3023 539 3092 cogimur,
557 3021 619 3074 dum
637 3020 670 3073 ad
690 3023 742 3076 hoe
759 3039 807 3076 nos
829 3026 978 3075 nostrorum
1001 3023 1119 3076 fidelium
1144 3027 1235 3077 traus-

57 3116 149 3182 grcssio
169 3115 320 3186 provocat,
340 3119 368 3166 ut
386 3129 544 3183 quamquam
562 3113 694 3164 vindicem
713 3113 739 3164 in
759 3129 805 3165 eos
824 3115 934 3166 nolimus
953 3113 1079 3168 iudicium
1098 3131 1235 3178 exercerc,

61 3203 91 3256 eis
114 3208 201 3258 brnen
230 3201 365 3258 beneficii
384 3203 468 3256 nostri
499 3203 617 3272 graciam
648 3202 904 3256 subtrahamus-
928 3202 960 3271 d)
987 3204 1184 3260 intermedisz.
1202 3233 1233 3246 -—

14 3305 18 3372 Ξ
57 3294 298 3362 c)ltemcds’dem
323 3295 352 3346 ln
366 3295 417 3346 hoe
431 3295 516 3362 gloria
530 3291 630 3364 regales
646 3292 847 3362 magnificencie
861 3295 994 3348 extollitur
1008 3301 1035 3348 et
1048 3299 1182 3358 servatur
1207 3300 1238 3348 ut

56 3380 77 3433 ir
87 3387 173 3453 quiete
187 3385 265 3457 pacis
279 3385 405 3456 populum
420 3383 559 3452 dirigatet
569 3383 595 3435 in
605 3385 696 3451 vigore
710 3383 814 3437 iusticie
829 3384 1021 3453 quodammodo
1033 3393 1235 3455 preconserret,

57 3474 84 3526 ad
109 3493 221 3546 quorum
249 3493 344 3546 pacem
371 3491 424 3527 non
446 3475 504 3526 sine
525 3474 609 3528 multo
637 3474 809 3544 regnaaeium
834 3475 930 3527 salutis
953 3479 981 3528 et
1006 3476 1058 3528 rite
1084 3477 1236 3531 discrimine

56 3564 189 3620 laboratur.
215 3567 339 3636 Legimus
362 3568 431 3619 enim
454 3565 624 3636 quamplures
647 3581 696 3635 pro
720 3565 810 3634 quiete
833 3566 940 3636 publiea
963 3566 1108 3635 preliorum
1129 3569 1237 3622 labores

57 3655 157 3710 eximios
171 3654 358 3726 assumpsisse,
374 3660 401 3708 et
414 3672 572 3726 quamquam
585 3655 650 3708 tanti
663 3655 816 3708 sollicitudo
830 3655 968 3710 ministerii
986 3657 1149 3726 quibuslibet
1161 3662 1237 3710 terre

56 3746 213 3817 principibus
234 3747 376 3809 debeatur,
407 3745 517 3798 Romani
535 3749 624 3798 tamen
644 3728 747 3814 imperii
766 3746 916 3800 veneranda
939 3747 1103 3808 sublimitas,
1127 3747 1189 3817 quia
1212 3747 1238 3800 iu

55 3835 159 3891 omnium
182 3837 382 3908 presideueium
405 3838 491 3890 oeulis
515 3837 592 3890 velud
615 3838 641 3889 in
665 3837 775 3906 speculo
799 3839 961 3901 collocatur,
990 3841 1065 3892 tanto
1088 3839 1239 3910 perfectius

58 3929 135 3981 zelare
159 3945 274 3999 pacem,
299 3933 373 3982 tanto
392 3932 501 3981 tenetur
519 3928 664 3981 instaneius
686 3944 781 3980 vacare
799 3929 905 3982 iusticie
929 3929 1114 3995 subditorum,
1139 3932 1238 4000 quanto

58 4019 138 4072 tocius
152 4019 227 4073 orbis
241 4019 352 4072 ambitus
366 4017 460 4089 spiritu
475 4017 668 4088 quodammodo
687 4019 745 4071 unit
769 4019 797 4070 et
819 4018 921 4088 regitur
939 4018 1056 4090 imperii,
1076 4024 1105 4072 ut
1127 4034 1159 4070 eo
1182 4019 1241 4070 lan·

58 4111 148 4176 grente
161 4110 303 4178 langueat,
326 4110 425 4181 etipso
439 4115 614 4181 prosperante
628 4110 729 4181 pariter
753 4111 909 4171 colletetur,
933 4125 982 4161 nec
1003 4109 1028 4163 in
1050 4110 1240 4177 temporalibus

14 4223 17 4236 ·
58 4201 216 4254 solummodo
235 4199 378 4256 Christiani
397 4201 489 4273 populi
515 4202 640 4255 tenebras
659 4201 768 4255 Romani
792 4201 883 4267 fulgor
901 4200 1043 4261 illuminat,
1068 4201 1115 4252 sed
1139 4201 1240 4268 stipsi

58 4291 187 4346 katholico
205 4291 268 4344 fidei
287 4291 440 4346 fulcimenta
461 4309 511 4345 non
530 4293 599 4346 levia
618 4292 807 4346 subministrat.
833 4292 950 4362 Propter
969 4291 1039 4359 quod
1060 4291 1240 4362 gratissimum

60 4381 112 4435 Deo
133 4382 188 4435 rivo
211 4389 332 4453 putamus
355 4400 404 4436 uos
427 4384 552 4438 exhihere
573 4383 743 4454 obsequium,
766 4383 789 4437 si
803 4383 862 4436 zelo
885 4381 1025 4436 laudabilis
1048 4379 1181 4454 propositi
1206 4380 1242 4433 ad

60 4471 143 4526 tocius
164 4473 269 4546 imperii
288 4477 386 4528 statum
407 4473 550 4546 pacificum
572 4479 645 4526 tanto
667 4473 796 4526 libencius
821 4473 984 4544 aspiramus,
1009 4474 1109 4542 quauto
1132 4469 1240 4525 clariori

62 4565 183 4633 presagio
196 4563 225 4617 id
238 4563 270 4619 ds
282 4565 375 4619 celesti
389 4569 417 4619 et
430 4563 545 4636 superba
559 4564 707 4634 colligimus
721 4564 865 4619 voluntate.
881 4563 910 4619 Ζ.

986 4651 1027 4703 7·
