3116 5124
1168 269 1238 343 121

62 449 87 507 et
105 445 244 508 favorem.
280 446 379 527 Super
400 465 436 508 eo
459 449 575 518 autem,
604 445 682 531 quod
706 445 779 511 dicti
801 447 902 511 nuncii
924 468 1037 513 moram
1059 465 1198 531 magnam
1214 445 1245 508 in

61 553 133 617 ouria
148 558 251 618 nostra
267 553 397 618 traxisse
418 552 573 627 videntur,
602 560 653 618 tua
676 555 824 619 serenitas
841 577 900 620 non
922 557 1061 629 miretur,
1091 556 1160 641 quia
1184 561 1245 618 tam

64 663 145 728 ardua
161 671 284 748 tamque
302 665 476 747 sollempnia
493 663 621 746 negocia
638 685 697 728 non
711 670 839 748 possunt
854 686 911 730 nec
929 666 1040 731 debent
1056 665 1245 737 festinanter,

67 773 135 837 sicut
161 793 178 836 a
206 773 309 838 multis
336 775 415 838 forte
443 773 592 846 creditur,
622 773 773 858 expediri,
800 775 960 859 presertim
989 775 1103 840 cumin
1135 773 1246 838 talibus

21 919 22 962 5
63 881 196 967 expediat,
213 882 297 948 sicut
309 883 399 957 nosti,
412 889 445 948 ut
456 903 525 948 oum
536 884 629 948 multa
644 883 850 968 providencia,
863 883 1085 949 deliberacione
1099 891 1130 948 et
1141 884 1243 968 gravi-

61 998 111 1057 tate
138 992 265 1058 maxima
297 992 487 1076 procedatur.
546 993 676 1078 Ideoque
717 993 926 1058 celsitudinem
963 1000 1044 1059 tuam
1082 993 1247 1077 rogandam

64 1096 183 1167 duximus
200 1102 355 1166 aetentius
373 1103 425 1190 a),
443 1107 589 1187 quatenus
605 1101 742 1185 predicto
758 1102 976 1186 penitenciario
993 1109 1113 1176 nostro,
1136 1101 1186 1186 qui
1209 1101 1247 1166 ad

21 1235 23 1294 3
63 1212 108 1275 boe
123 1211 158 1274 de
175 1211 305 1295 speciali
322 1219 424 1276 nostro
442 1211 580 1275 mandato
603 1217 684 1276 tuam
708 1213 828 1276 accedit
843 1213 1045 1295 presenciam,
1068 1213 1146 1277 utin
1163 1233 1246 1277 com·

21 1305 24 1384 i
61 1320 137 1384 misso
152 1320 210 1384 sibi
227 1322 360 1404 negocio
376 1327 427 1386 tuo
446 1321 571 1386 consilio
584 1321 731 1405 dirigatur
742 1323 793 1410 b),
812 1321 842 1385 in
864 1323 940 1396 biis,
959 1343 1017 1407 que
1033 1323 1089 1387 tibi
1107 1331 1245 1408 exparte
1289 1337 1291 1343 ’

64 1437 149 1495 nostra
179 1430 309 1504 dixerit,
342 1429 488 1494 adhibeas
517 1451 662 1494 summam
689 1430 789 1505 fidem,
817 1432 866 1496 illa
895 1453 953 1517 que
976 1452 1031 1517 pro
1055 1437 1086 1496 te
1108 1432 1247 1506 fecimus,

66 1541 207 1624 diligenter
223 1542 389 1606 attendens
405 1540 461 1628 e),
478 1540 592 1605 habeas
609 1541 764 1624 predictos
782 1542 911 1620 nuncios
931 1540 1022 1627 super
1042 1562 1126 1606 mora
1142 1543 1248 1608 huius-

21 1701 22 1704 ,
68 1650 131 1715 nodi
145 1657 206 1716 tam
222 1652 385 1715 fructuosa
401 1655 432 1714 et
448 1649 512 1715 utili
529 1657 699 1714 excusatos.
1178 1658 1179 1662 ’

21 1743 22 1748 ¹
136 1739 318 1824 Conferta‘re
335 1759 427 1842 igitur
441 1759 473 1821 in
488 1759 616 1824 Domino
633 1760 825 1844 studiumque
841 1766 924 1825 tuum
941 1760 1023 1824 cirea
1039 1761 1199 1842 magnilica
1216 1766 1247 1825 et

21 1885 22 1902 ³
77 1870 159 1934 erinia
170 1869 304 1954 probate
321 1870 497 1960 constanoie
513 1876 564 1936 tue
582 1889 685 1954 opera,
701 1891 784 1934 more
800 1870 888 1935 solito
906 1870 944 1934 de
961 1869 1061 1936 divirro
1077 1877 1110 1936 et
1124 1879 1249 1956 aposto·

21 2029 23 2032 .
73 1980 113 2044 lieo
126 1982 228 2046 lavore
245 1978 393 2052 confisus,
410 2002 470 2045 non
486 1999 592 2044 cesses
609 1982 647 2055 ad
669 1981 787 2045 laudem
808 1979 865 2044 Dei
883 1985 914 2046 et
930 1981 1147 2046 exaltacionem
1164 1982 1246 2046 sedis

71 2089 215 2171 apostolice
233 2108 382 2153 exercere
399 2091 449 2177 ζ).
467 2090 530 2154 Nos
547 2096 659 2162 autern,
676 2090 726 2174 qui
743 2091 781 2154 ad
796 2108 957 2173 personam
973 2095 1054 2154 tuam
1071 2091 1247 2175 precipuum

21 2237 23 2258 ι
69 2205 92 2262 et
104 2198 231 2263 intimum
255 2197 405 2262 habemus
422 2198 582 2272 affectum,
611 2199 723 2284 quique
739 2197 911 2264 vehementi
929 2197 1080 2264 desiderio
1099 2200 1246 2283 cupimus,

21 2333 25 2396 p
67 2314 91 2372 ut
113 2315 202 2375 statam
232 2315 307 2374 tuus
335 2308 485 2374 continuis
514 2315 636 2374 auctore
664 2290 791 2374 Domino
819 2309 1018 2393 amplificetur
1041 2317 1072 2375 et
1093 2311 1246 2394 oportunis

21 2399 23 2480 i
65 2425 165 2484 crescat
190 2418 384 2503 augmentis,
408 2419 487 2502 apud
519 2439 624 2501 regern
658 2439 764 2502 regum
786 2440 840 2503 pro
869 2425 900 2482 te
929 2419 1046 2484 devotis
1074 2439 1110 2484 ae
1135 2419 1248 2484 sedulis

64 2521 325 2612 supplicacionibus
356 2528 541 2602 insistimus,
580 2535 612 2593 ut
648 2550 703 2613 per
742 2549 827 2593 suam
858 2530 1053 2594 clemenciam
1085 2549 1247 2614 processus

21 2629 23 2704 i
64 2644 117 2704 tuus
140 2639 250 2724 dirigat
278 2646 370 2723 atque
392 2645 496 2723 regat,
526 2640 637 2724 detque
654 2639 708 2704 tibi
737 2661 772 2704 ex
796 2642 856 2705 alto
880 2640 1020 2705 virtutem
1043 2640 1247 2724 prosequendi

65 2747 233 2814 laudabiliter
265 2749 441 2813 inchoatum
468 2747 627 2829 negocium
659 2749 790 2833 illudque
822 2747 952 2814 feliciter
984 2749 1244 2836 consumendis).

139 2915 171 2982 a)
184 2912 324 2969 adtentius
336 2917 363 2968 Z.
380 2945 413 2955 -
427 2913 459 2986 b)
474 2913 604 2986 dirigatur
619 2918 647 2968 et
660 2915 688 2968 Z.
704 2943 737 2953 -
751 2913 783 2981 c)
797 2913 947 2969 adtendens
962 2915 989 2969 Z.

21 3109 23 3154 i
138 3077 330 3152 Erganaungen
344 3095 392 3150 aus
405 3079 500 3153 rayner
512 3068 631 3134 Foedera
644 3078 670 3142 1,
684 3077 747 3134 38⁵1.
761 3077 913 3134 Alexander
927 3079 1071 3152 episeopus
1085 3080 1178 3135 sersus
1192 3085 1244 3135 ete.

21 3157 23 3182 i
70 3166 185 3224 entissime
202 3171 229 3224 in
243 3169 356 3226 Christo
374 3170 430 3226 filio
444 3170 558 3226 Ricardo
579 3170 604 3224 in
618 3170 692 3224 uon.
712 3185 803 3240 regam
825 3170 913 3227 eleeto
933 3177 959 3226 et
979 3176 1107 3226 coronato
1128 3172 1244 3228 salutem

72 3259 89 3308 el
106 3263 271 3329 apostolicam
286 3261 499 3318 benedictionem
521 3260 565 3332 α).
587 3263 652 3316 Ara.
675 3278 735 3334 cap.
750 3279 774 3315 n.
798 3262 1042 3332 prothonotarium,
1066 3265 1093 3315 et
1126 3264 1237 3316 tratrem

74 3346 227 3416 wilielmum,
250 3352 354 3408 ordinis
376 3352 503 3408 trinitatis
525 3360 552 3407 et
573 3352 739 3422 captivorum
761 3353 920 3409 familiarem
943 3356 972 3407 et
984 3351 1018 3425 β)
1034 3369 1066 3407 ae
1085 3353 1243 3408 venerabilis

21 3431 24 3514 j
72 3436 140 3497 irater
161 3450 253 3504 noster
276 3444 420 3517 episeopus
444 3453 472 3500 et
495 3443 587 3499 dilecti
611 3443 657 3498 lilii
680 3442 886 3500 archidiaconus
910 3443 1034 3499 Rofensis
1053 3461 1086 3499 ac
1108 3444 1242 3499 liebertus

21 3515 24 3598 ξ
72 3530 98 3584 de
112 3532 173 3589 llaro
190 3536 229 3592 tui
241 3535 276 3610 γ)
291 3535 325 3591 de
338 3532 434 3605 Rogat’
452 3535 608 3591 familiarem
628 3539 657 3590 et
670 3533 701 3607 d)
721 3533 882 3592 favorabiles
896 3536 924 3608 s)
945 3537 972 3590 at
991 3552 1041 3608 per
1061 3535 1149 3607 ipsum
1161 3533 1196 3608 ζ)
1210 3551 1242 3588 ae

21 3599 25 3704 i
73 3617 124 3687 ills,
142 3643 192 3698 que
201 3645 255 3697 pro
268 3632 298 3683 ta
311 3645 360 3697 par
373 3644 422 3682 nos
435 3627 461 3680 io
475 3627 525 3682 bae
539 3630 616 3698 purte
628 3628 703 3682 sacta
716 3633 743 3681 et
755 3625 876 3682 ordinata
889 3628 1046 3682 consistunt.
1072 3622 1114 3680 dd
1128 3625 1193 3694 boc,
1217 3629 1247 3678 ut
1271 3624 1273 3629 ’

71 3715 158 3771 rmtius
168 3721 197 3772 et
205 3717 298 3773 melius
307 3717 340 3772 ad
354 3722 472 3790 optatum
482 3719 663 3791 perducantur
672 3719 793 3773 affectam
804 3717 897 3790 (siet),
909 3720 1014 3774 secreta
1025 3716 1095 3788 apud
1106 3720 1134 3770 te
1148 3715 1246 3772 nemini

21 3847 25 3874 r
75 3806 212 3872 revelando,
235 3813 330 3864 teneas
349 3808 402 3873 illa,
422 3810 483 3880 quia
502 3795 623 3864 si‘secus
641 3809 732 3874 fieret,
746 3809 882 3883 plurimum
904 3808 1011 3877 negotio
1032 3807 1177 3879 deperiret,
1200 3806 1246 3880 a).

21 3875 24 3974 ξ
71 3889 124 3948 [lata
136 3897 266 3970 Anagniae
278 3901 306 3954 2.
319 3901 377 3957 Kal.
391 3903 460 3966 ldaii,
475 3901 645 3974 pontificatus
659 3901 743 3956 nostri
758 3917 825 3955 anno
843 3901 944 3972 quinto.
