3168 5124
302 335 354 406 24

301 508 493 574 inveniuntur
502 511 600 585 litere,
614 532 673 597 que
686 535 722 578 ex
740 515 785 578 sni
804 522 909 580 natura
924 513 1151 579 commissiones
1165 513 1388 598 quodammodo
1402 508 1503 575 vocari

294 625 430 698 possunt,
448 625 481 683 ut
502 626 586 685 sunt:
611 622 839 705 inquisiciones,
852 625 1023 688 executorie
1046 630 1076 687 et
1097 624 1310 695 visitaciones,
1341 621 1382 684 ad
1400 638 1502 683 earum

297 726 502 792 differenciam
529 730 698 795 habendam
726 732 879 796 sciendum
903 733 953 819 a),
983 732 1063 816 quod
1091 738 1206 797 tantum
1237 733 1288 795 hic
1322 729 1439 793 dicitur
1471 727 1505 789 de

295 837 568 911 commissionibus,
585 839 740 923 inquibus
758 840 796 926 b)
813 862 970 906 cansarum
987 841 1127 924 cognicio
1140 862 1158 905 a
1171 839 1327 923 superiore
1345 836 1504 901 inferiori-

294 943 351 1006 bus
370 945 591 1034 delegatore).

386 1054 548 1118 Videamus
576 1055 670 1136 igitur
696 1056 728 1118 in
755 1057 875 1138 primis:
912 1058 979 1141 quis
1012 1058 1060 1120 cui
1091 1057 1190 1142 possit
1221 1056 1416 1120 committere
1449 1052 1506 1123 vel,

293 1158 548 1226 secundum'iuris
564 1163 753 1236 vocabulum,
771 1165 921 1246 delegare.
955 1166 988 1228 ln
1004 1165 1225 1248 spiritualibus:
1251 1165 1394 1228 dominus
1414 1181 1503 1244 papa,

291 1271 524 1354 archiepiscopi,
543 1271 678 1353 episcopi
692 1273 855 1344 alemanie,
869 1273 919 1356 qni
931 1280 1057 1356 utroque
1074 1274 1174 1355 gladio
1188 1280 1258 1337 sunt
1271 1273 1431 1354 insignes,
1446 1276 1507 1332 tarn

291 1379 458 1461 spiritualia
473 1400 563 1463 quam
575 1381 751 1461 temporalia
764 1382 951 1468 committere
963 1389 1101 1463 possunt,
1114 1383 1156 1445 ita
1173 1387 1274 1444 tamen
1287 1379 1370 1463 qnod
1386 1379 1506 1442 directe

291 1507 393 1551 eorum
410 1488 582 1552 commissio
600 1508 722 1551 causam
739 1489 894 1569 sanguinis
912 1490 1021 1572 nond)
1038 1490 1177 1571 attingat.
1201 1490 1234 1552 ln
1252 1488 1290 1574 e)
1309 1485 1505 1550 secularibus

288 1616 360 1661 vero
377 1603 407 1661 et
422 1595 653 1678 temporalibus:
677 1596 822 1660 Dominus
839 1598 1016 1679 imperator,
1033 1617 1141 1678 reges,
1159 1597 1271 1668 duces,
1287 1595 1501 1667 marchiones,

289 1708 415 1770 comites
438 1706 539 1769 etalii
567 1705 683 1767 iudices
712 1724 801 1787 quarn
827 1706 928 1787 plnres
958 1707 1146 1769 committunt
1168 1724 1277 1768 causas
1308 1703 1449 1766 subditis
1473 1709 1504 1766 et

289 1814 446 1896 delegant,
476 1814 530 1876 sed
558 1813 637 1876 nullo
666 1833 794 1896 unquam
823 1834 897 1877 ausu
925 1807 964 1877 ad
992 1813 1157 1896 spiritualia
1179 1818 1308 1896 possunt
1332 1813 1505 1876 extendere

287 1943 393 1986 manus
424 1943 505 1986 suas.
538 1921 583 1984 lit
615 1926 674 1984 est
710 1920 879 1984 libertas
918 1922 1201 1986 ecclesiastiea
1239 1920 1505 2003 prestancior

248 2065 252 2076 ·
288 2032 477 2104 seculari,
510 2029 686 2113 quoniam
717 2027 872 2109 plurimi
906 2030 1110 2111 principes
1144 2029 1433 2093 ecclesiastici
1467 2029 1504 2090 in

289 2140 461 2203 subditis
484 2138 564 2201 suis
588 2157 719 2200 manus
743 2156 831 2199 suas
860 2143 1025 2218 possunt
1049 2139 1258 2201 extendere
1283 2136 1329 2200 ad
1354 2137 1503 2200 utrius-

286 2267 354 2331 que
410 2249 548 2312 iudicii
596 2251 842 2329 potestatem.
894 2247 997 2309 Omnis
1026 2253 1126 2312 autem
1155 2248 1332 2311 commissio
1351 2246 1502 2310 facienda
1554 2313 1559 2334 ⁸

287 2363 334 2421 est
366 2378 384 2421 a
416 2378 471 2420 suo
503 2356 603 2420 iudice
636 2353 784 2426 subditis,
813 2355 893 2437 quod
921 2355 1103 2436 generaliter
1128 2362 1189 2420 tam
1223 2357 1255 2417 in
1284 2355 1502 2438 spiritualibus

290 2484 378 2548 quam
406 2453 621 2548 temporalibus
643 2463 742 2525 locum
770 2461 877 2534 habet,
906 2463 1077 2526 commissio
1100 2464 1189 2536 enim,
1207 2485 1269 2528 non
1287 2485 1304 2527 a
1322 2485 1380 2528 suo
1399 2464 1506 2527 iudice

287 2577 379 2648 facta,
408 2575 516 2638 nullam
544 2571 830 2636 habetdrmitatem.
846 2609 892 2620 -
917 2571 1012 2636 Omne
1036 2593 1107 2637 vero
1136 2574 1281 2636 iudicium
1312 2580 1444 2638 constat
1473 2594 1507 2636 ex

285 2683 400 2746 tribus:
425 2682 525 2745 iudice
553 2680 713 2751 videlieet,
741 2685 845 2742 actore
873 2686 903 2742 et
918 2701 988 2751 reo,
1018 2687 1048 2744 ct
1070 2682 1277 2744 necessarium
1303 2682 1412 2745 estad
1435 2682 1507 2754 boc,

286 2793 367 2876 quod
384 2790 557 2855 commissio
574 2789 655 2852 facta
672 2808 689 2851 a
707 2788 862 2869 superiore
879 2788 985 2861 valeat,
1002 2795 1034 2852 ut
1051 2789 1109 2851 due
1124 2809 1255 2871 persone
1279 2789 1342 2853 sint
1366 2791 1408 2853 de
1433 2810 1506 2873 pro-

283 2887 387 2964 vincia
405 2900 468 2962 sive
486 2898 523 2961 de
541 2896 665 2978 dyocesi
682 2915 811 2978 persone
829 2896 1059 2968 committentis,
1081 2897 1170 2960 iudex
1187 2899 1319 2970 scilicet,
1337 2899 1390 2962 cui
1409 2919 1506 2963 causa

288 3009 502 3078 committitur,
524 3010 614 3096 atque
627 3025 713 3076 reus;
743 3003 780 3066 de
797 3010 899 3067 actore
916 3010 1015 3068 autem
1031 3025 1091 3067 non
1107 3007 1289 3089 requiritur,
1307 3007 1360 3090 qui
1379 3028 1508 3091 semper

290 3124 321 3183 et
353 3117 464 3200 ubique
495 3119 617 3197 paratos
651 3111 742 3176 debet
773 3112 907 3174 inuenire
940 3111 1055 3174 iudices
1088 3118 1119 3176 et
1150 3114 1331 3178 defensores
1366 3118 1504 3181 iusticie.

380 3221 606 3288 Commissionis
624 3222 720 3284 lorma
734 3220 797 3282 sive
810 3225 897 3283 tenor
909 3219 976 3283 talis
994 3225 1056 3282 est:
1074 3222 1147 3284 Post
1159 3221 1384 3287 salutacionem
1399 3225 1506 3289 statim

283 3340 414 3418 ponatur
430 3329 616 3416 querimonia
632 3327 771 3390 iniuriam
787 3327 952 3408 pacientis,
977 3327 1086 3391 deinde
1109 3330 1300 3404 mandatum,
1332 3334 1420 3415 quod
1439 3335 1505 3417 ipsa

283 3442 393 3506 iniuria
410 3443 626 3522 cognoscatur,
638 3436 678 3499 ita
692 3434 773 3518 quod
784 3455 875 3516 passo
892 3435 1031 3499 iniuriam
1048 3437 1177 3501 satisfiat
1193 3445 1224 3502 et
1239 3445 1315 3504 tunc
1328 3450 1507 3525 apponetur

285 3549 473 3621 cohortans,
502 3567 561 3630 qua
578 3550 659 3608 stare
675 3542 796 3606 iusticie
825 3548 982 3606 contumax
1003 3545 1216 3625 compellatur,
1246 3548 1329 3613 nulla
1353 3557 1405 3614 est
1423 3553 1506 3616 enim

281 3656 470 3727 iurisdictio,
492 3674 551 3738 que
575 3651 821 3715 cohortacionem
834 3670 977 3713 annexam
994 3671 1054 3714 non
1070 3652 1192 3726 habeat,
1211 3655 1298 3721 etita
1316 3659 1504 3725 cohortacio

281 3763 482 3830 iurisdictioni
502 3761 541 3846 f)
558 3764 744 3830 annectatur,
762 3757 831 3840 quia
848 3758 917 3822 data
933 3758 1152 3833 iurisdictione,
1170 3763 1268 3827 eciam
1292 3766 1320 3828 si
1337 3767 1506 3833 literaliter

282 3896 343 3941 non
360 3874 487 3943 dicatur,
505 3868 679 3932 cohortaeio
696 3865 904 3928 nichilominus
920 3872 968 3931 est
980 3887 1102 3932 annexa.
1116 3909 1161 3920 —
1173 3871 1213 3935 Et
1227 3875 1401 3940 notandum
1420 3879 1503 3962 quod

283 3980 529 4048 commissionum
552 3975 610 4039 alie
632 3980 702 4038 sunt
723 3975 898 4062 simplices,
924 3975 981 4038 alie
1006 3998 1183 4045 communes
1205 4001 1242 4043 ac
1263 3982 1326 4045 alie
1351 3988 1502 4074 leqende.

281 4093 321 4156 lit
338 4090 478 4153 dicuntur
493 4084 658 4170 simplices
672 4104 730 4148 aec
745 4104 922 4149 communes
938 4105 973 4148 eo
992 4084 1072 4168 quod
1089 4085 1155 4150 sine
1175 4088 1361 4156 difficultate
1376 4095 1503 4169 dentur,

282 4219 352 4265 cum
362 4194 540 4280 simpliciter
553 4190 590 4253 de
603 4190 669 4254 inre
681 4191 829 4254 communi
843 4212 944 4255 earum
957 4193 1029 4257 ordo
1045 4193 1215 4277 dependeat
1228 4206 1259 4263 et
1271 4220 1447 4284 processus
1457 4243 1503 4256 ·-

374 4376 531 4446 o)s.antcm
541 4371 572 4426 V.
584 4399 613 4411 -
625 4369 657 4440 d)
671 4369 824 4439 quibusdam
839 4369 866 4427 V.
876 4373 947 4442 —c)
962 4373 987 4428 d.
999 4373 1054 4427 aliis
1068 4374 1155 4431 locum
1169 4395 1246 4433 snum
1261 4381 1390 4442 debitum
1406 4403 1501 4442 reser-

281 4474 375 4526 vantes
402 4465 429 4522 Z.
445 4497 472 4508 —
490 4464 526 4534 d)
560 4479 611 4515 non
639 4459 760 4515 admittat
788 4462 828 4515 vol
856 4462 882 4517 z.
908 4493 935 4506 -
962 4466 993 4536 e)
1023 4468 1068 4534 „ln
1096 4471 1289 4529 secularibus*
1318 4475 1363 4533 bia
1393 4477 1503 4548 „indicii

289 4559 469 4638 potestator&
485 4555 555 4610 tenu
569 4549 598 4608 V.
616 4581 646 4592 -
659 4550 691 4624 Ι)
704 4549 910 4608 iurisdietionem
922 4555 953 4613 V.
