3096 5128
270 334 348 407 462

354 505 388 569 Si
405 506 569 570 naturalem
586 508 760 570 instinctum
776 508 877 588 placet
894 505 1046 579 exaudire,
1060 505 1101 569 nil
1115 506 1289 578 naturalius,
1303 505 1345 568 nil
1358 502 1461 570 liuma-

200 653 205 664 ·
263 613 330 677 nius
347 633 435 698 quam
450 613 612 677 humanam
634 613 839 694 indigenciam
861 615 992 677 humana
1015 613 1161 694 dignitate
1190 612 1359 676 sublevare.
1394 615 1459 695 Ego
1542 591 1544 624 '

263 727 364 785 autem
380 727 482 785 vester
504 726 534 784 et
557 725 725 784 vestrorum
749 721 892 792 devotus,
916 720 1128 784 miserabiliter
1143 719 1284 801 indigens
1302 725 1333 782 et
1351 721 1460 785 ceteris

264 827 469 911 indigentibus
486 827 687 910 indigcncior,
704 848 900 912 superquam
916 847 1026 910 graves
1042 827 1173 900 labores,
1190 826 1332 909 graviora
1349 828 1462 902 debita,

266 937 442 1018 gravissime
458 937 583 1018 penurie
599 939 760 999 irruerunt.
779 936 928 1018 Quocirca
941 940 1010 997 ante
1024 933 1167 997 naturalis
1181 933 1347 998 clemencie
1360 942 1460 1000 vestre
1542 969 1544 1004 r

265 1049 460 1126 conspectum
477 1043 602 1126 procido
621 1049 651 1106 et
673 1042 849 1125 procumbo,
871 1061 980 1124 preces
995 1041 1135 1125 precibus
1152 1042 1362 1116 accumulans,
1386 1063 1463 1128 qua-

267 1157 356 1216 tenus
379 1150 486 1222 michi‚
510 1149 675 1214 miserabili
698 1149 809 1213 clerico
833 1155 950 1222 vestro,
973 1151 1117 1214 naturalis
1140 1148 1266 1213 allectus
1290 1150 1462 1215 efficaciam

265 1280 320 1343 pro
343 1258 476 1324 subsidio
499 1256 679 1330 declaretis,
702 1263 734 1320 ut
757 1257 890 1322 liberalis
911 1259 1080 1322 humanitas
1102 1262 1219 1330 vestra,
1243 1277 1336 1340 quam
1358 1265 1462 1323 natura

261 1367 443 1452 preparavit,
462 1366 515 1428 sed
532 1365 717 1430 consuetudo
736 1367 874 1448 perfecit,
891 1367 990 1430 luceat
1006 1388 1062 1450 per
1077 1365 1226 1430 effectum.

850 1660 876 1700 Y.

641 1806 662 1865 l
678 1804 858 1886 probacloue
874 1804 1079 1903 testimoniali.

352 1963 489 2046 Sapienti
510 1964 573 2026 viro
597 1968 628 2025 et
649 1965 817 2046 sapientum
838 1961 965 2045 vestigia
987 1963 1180 2047 prosequenti
1203 1962 1235 2026 G.
1262 1969 1320 2027 etc.
1339 1965 1377 2028 Η.
1397 1971 1458 2030 etc.

258 2071 392 2136 salutem
407 2077 439 2135 et
453 2073 575 2135 honoris
593 2072 728 2134 continui
744 2073 972 2135 incrementum.

349 2178 521 2243 Secundum
533 2178 704 2242 memoriale
720 2178 922 2242 testimonium
934 2178 1114 2242 venerabilis
1129 2178 1263 2242 Seneca:
1277 2178 1460 2244 beneficium
1542 2165 1543 2170 ἵ

264 2295 295 2351 et
309 2286 515 2350 benivolencia
538 2279 628 2358 actio,
652 2287 796 2369 gaudium
818 2285 952 2350 tribuens
976 2286 1196 2368 tribuendoque
1219 2286 1354 2368 capiens.
1382 2289 1464 2372 Quid
1542 2331 1543 2340 κ

263 2399 363 2461 autem
392 2394 566 2465 iocundius,
594 2395 666 2477 quid
689 2393 882 2476 appetibilius
904 2414 995 2477 quam
1015 2393 1127 2476 gaudia
1150 2399 1353 2477 comparare?
1384 2397 1457 2461 Cum
1542 2449 1544 2476 2

257 2506 350 2587 igitur
373 2508 474 2568 vester
498 2507 528 2565 et
550 2508 716 2566 vestrorum
740 2503 980 2586 promptissimus
1004 2521 1107 2565 servus
1130 2500 1303 2574 laboribus,
1333 2504 1458 2580 debitis,
1542 2491 1544 2528 ³

258 2611 430 2677 cottidianis
452 2609 633 2693 indigenciis
657 2609 825 2674 diutissime
843 2611 1020 2693 perplexus,
1044 2610 1110 2673 sine
1126 2615 1227 2673 vestra
1244 2611 1457 2678 consolacione
1542 2613 1544 2666 l

257 2719 394 2785 letificari
423 2737 481 2782 non
509 2718 639 2800 possim:
664 2718 743 2782 unde
769 2721 890 2804 requiro
918 2717 1157 2783 benivolenciam
1185 2723 1317 2783 vestram
1347 2729 1459 2804 quanto

257 2849 380 2912 possum
399 2827 571 2892 devocionis
592 2824 720 2899 affectu,
745 2831 891 2912 quatenus
910 2827 1064 2892 illustretis
1083 2827 1191 2890 faciem
1214 2832 1348 2890 vestram
1368 2851 1458 2914 super

257 2956 377 3001 servum
400 2940 549 3006 vestmm,
573 2933 699 2997 manime
723 2933 906 2998 desolacioni
927 2954 995 2998 mee
1017 2934 1177 2998 maximum
1200 2934 1346 3017 gaudium
1370 2938 1459 3001 mini·

257 3047 369 3109 stratis.

845 3244 870 3283 8.

613 3389 634 3448 l
650 3387 833 3468 probantque
850 3389 1099 3453 consuetudinali.

350 3547 553 3611 Dilectissimo
571 3547 690 3610 domino
716 3567 771 3609 suo
795 3552 826 3610 et
848 3547 986 3630 antiquas
1009 3549 1243 3612 consuetudines
1272 3549 1402 3614 imitanti
1425 3550 1454 3612 C.
1542 3557 1544 3622 g

261 3645 372 3722 ethH.
391 3662 448 3720 etc.
468 3656 595 3719 salutem
613 3675 680 3718 cum
698 3655 870 3718 devocionis
888 3657 1007 3720 affectu.

348 3766 429 3829 luter
445 3771 546 3828 cetera
563 3762 743 3828 maturitatis
761 3770 862 3828 vestre
878 3764 1000 3836 indicia,
1018 3785 1076 3848 que
1092 3765 1268 3848 frequenter
1284 3771 1392 3831 notare
1403 3785 1455 3849 po·

255 3875 300 3939 tui
318 3879 349 3937 et
365 3874 524 3945 nominavi,
542 3893 601 3935 non
617 3891 742 3956 parvum
760 3872 875 3936 obtinet
897 3875 1005 3944 locum,
1030 3874 1109 3957 quod
1130 3877 1262 3938 maturas
1288 3881 1455 3939 consuetu·

257 3983 355 4053 dines,
368 4001 386 4044 a
398 3981 522 4045 maturis
534 3981 740 4062 promulgatas
752 3979 1008 4062 progenitoribus,
1021 3981 1183 4064 adimplere
1195 3981 1336 4045 studetis.
1345 3984 1455 4048 Verum
1543 3963 1544 3966 Ἴ

258 4089 480 4154 discrecionem
502 4087 709 4151 misericordie
731 4089 873 4170 ignorare
895 4088 998 4161 credo,
1021 4094 1131 4171 quanta
1155 4089 1322 4154 devocione
1345 4092 1457 4173 prede-

257 4219 396 4262 cessores
410 4203 441 4261 et
452 4202 595 4279 parentes
609 4203 834 4260 consueverunt
845 4199 1045 4282 pauperculos
1059 4202 1204 4280 cognatos
1218 4201 1343 4272 suos,in
1357 4202 1457 4266 studio
1542 4181 1544 4220 ³

259 4308 418 4390 degentes,
435 4306 672 4369 misericorditer
687 4306 809 4377 intueri,
827 4303 935 4387 quibus
950 4325 1006 4387 ego
1019 4311 1101 4369 tanto
1114 4305 1341 4371 misericordius
1358 4311 1458 4392 respi-

260 4417 387 4480 ciendus
411 4435 488 4486 sum,
512 4419 623 4497 quanto
652 4413 853 4477 miserabilius
879 4413 999 4485 debitis,
1029 4413 1194 4486 laboribus,
1223 4417 1362 4499 penuriis
1392 4437 1456 4482 sum

260 4524 400 4586 aldictus.
428 4521 523 4603 Quam
546 4521 584 4584 ob
607 4541 671 4584 rem
694 4521 802 4585 advos
820 4521 972 4605 coniugio,
989 4541 1100 4604 rogans
1117 4521 1270 4600 humiliter
1287 4530 1320 4587 et
1336 4524 1454 4597 devote,
