3112 5118
1143 307 1217 378 175

52 488 216 556 detinentur,
239 485 351 548 utinam
376 504 453 547 nunc
477 482 573 546 saltim
591 484 676 548 nobis
695 483 897 546 exaudicionis
914 481 1002 544 ianua
1017 479 1216 562 panderetur!

49 594 158 674 Rogavit
183 593 260 654 enim
289 591 400 674 pluries
435 591 591 654 nobiscum
618 590 797 653 universitas
828 588 1038 659 cardinalium,
1070 592 1103 650 ut
1130 589 1217 649 matri

49 701 160 764 ecclesie
175 699 225 762 filii
241 699 451 769 redderentur,
472 699 620 780 flagitavit
643 718 774 782 quoqne,
792 702 825 760 ut
840 701 1042 759 tractarentur
1057 695 1218 776 benignius

48 815 72 871 et
95 808 229 889 precipue
263 807 399 870 dominus
430 806 624 870 Prenestinus
657 807 712 892 c),
753 813 822 874 tue,
860 810 892 867 ut
924 805 1048 876 dicitur,
1081 804 1218 867 custodie

48 915 197 996 deputatus.
229 917 317 979 Nunc
334 922 444 987 autem,
468 919 499 977 ut
515 914 634 987 dicitur,
650 915 731 978 idem
748 919 862 978 artatur
876 913 942 993 plus
960 913 1058 984 solito,
1081 911 1217 977 strictius

47 1023 187 1096 clauditur,
209 1029 356 1087 tractatur
373 1023 475 1086 durius
493 1029 524 1086 et
539 1023 675 1104 asperius
692 1043 709 1085 a
727 1021 941 1085 collocucionis
957 1021 1087 1083 humane
1104 1021 1218 1083 solacio

44 1137 193 1194 removetur
215 1131 270 1214 d),
298 1151 366 1194 nam
393 1131 523 1213 propriis
547 1130 664 1193 famulis
688 1135 718 1192 et
741 1130 832 1192 sociis
856 1129 1034 1199 destitutus,
1074 1129 1219 1209 affligitur

46 1239 231 1303 vehementer.
265 1240 357 1302 Porro
386 1241 451 1322 quis
474 1241 560 1302 favor
576 1260 611 1301 ex
628 1239 686 1301 hoc
704 1238 822 1302 accedit
848 1237 998 1319 principi?
1027 1239 1072 1299 dn
1094 1223 1218 1320 propter

42 1345 89 1408 hoc
113 1347 187 1407 lama
214 1345 365 1409 celebrior
392 1346 429 1408 de
458 1367 512 1409 sua
540 1346 705 1408 clemencia
733 1346 886 1426 spargitur
908 1343 1015 1406 votivis
1037 1364 1091 1426 per
1113 1344 1217 1406 orbem

43 1453 144 1534 gaudiis
154 1452 353 1516 celebranda?
368 1454 449 1516 Ecce
457 1451 511 1516 riri
518 1453 664 1533 religiosi,
677 1452 804 1515 ministri
813 1452 925 1515 Christi
938 1453 968 1515 in
981 1451 1044 1514 eius
1058 1450 1218 1538 sortemc)

39 1563 183 1643 assumpti,
221 1580 278 1623 nec
310 1581 368 1623 non
401 1567 432 1623 et
468 1559 626 1643 pontifices
665 1580 752 1623 sacro
785 1560 925 1622 crismate
957 1558 1100 1628 delibuti,
1137 1560 1216 1622 same

39 1669 211 1740 cruciantur,
246 1670 468 1732 confunduntur
484 1667 644 1750 obprobrio
677 1667 840 1737 nuditatis,
870 1667 1016 1749 protracti
1049 1667 1166 1730 diucius
1199 1687 1217 1730 a

41 1777 170 1839 carcerali
185 1776 269 1840 tedio
286 1775 407 1839 nimium
423 1775 465 1861 d)
482 1775 655 1857 affliguntur
677 1780 707 1837 et
728 1774 914 1856 longioribus
937 1775 1056 1857 quidem
1079 1775 1216 1839 distracti
1228 1782 1330 1829 totth·

38 1885 168 1966 angustiis
195 1905 274 1967 pene
309 1882 451 1948 deficiunt
478 1887 508 1946 et
537 1883 687 1946 continuis
721 1883 831 1966 pulsati
863 1882 1016 1946 doloribus
1048 1883 1217 1947 subsanna-

37 1992 156 2056 oionibus
185 1998 216 2056 et
244 1991 412 2075 obprobriis
440 1991 575 2054 lacessiti
603 2010 700 2073 usque
723 1992 761 2054 ad
784 1991 961 2054 sacietatem
988 1991 1113 2054 visionis
1137 1993 1217 2054 omni

38 2101 107 2162 carni
129 2107 157 2164 ot
177 2101 296 2183 populis
319 2101 483 2170 universis,
505 2100 564 2162 iam
579 2119 634 2180 pro
656 2099 790 2162 remedio
812 2099 998 2162 cruciatuum
1019 2100 1109 2162 vitam
1127 2099 1216 2162 fasti-

36 2207 107 2271 diunt
119 2213 148 2272 et
164 2208 339 2271 desiderare
353 2208 457 2271 mortis
472 2207 649 2289 compendia
667 2207 892 2289 compelluntur.
910 2205 968 2272 Ubi
986 2211 1032 2269 est
1048 2207 1216 2272 humanitas

34 2315 95 2380 tanti
109 2316 254 2398 principis
277 2322 307 2379 et
327 2293 380 2380 uhi
403 2315 568 2378 clemencia
589 2315 779 2397 imperatoris
797 2314 853 2377 suh
876 2316 940 2379 celo
963 2321 1024 2378 tam
1046 2315 1215 2381 hominihus

34 2443 108 2506 quam
122 2424 285 2488 iumentis?
299 2424 450 2507 Numquid
465 2424 591 2486 virtutes
606 2423 797 2505 multiplices,
815 2443 889 2506 quas
907 2423 1006 2486 divina
1022 2425 1126 2506 gracia
1143 2445 1217 2489 con·

34 2532 116 2595 cessit
130 2533 161 2595 in
178 2553 214 2595 eo
233 2537 264 2594 et
280 2531 388 2614 quibus
405 2531 576 2612 l'ulgencius
593 2531 752 2594 illustravit
767 2529 935 2613 principem
950 2532 1142 2613 singularem,
1159 2535 1215 2601 suh

33 2638 135 2702 duricie
155 2641 290 2704 claustro
306 2640 494 2710 claudentur,
510 2639 566 2702 snb
580 2641 674 2710 clave,
695 2639 774 2721 quod
789 2639 879 2712 absit,
893 2640 1080 2705 crudelitatis
1099 2643 1215 2708 foribus

34 2745 307 2811 obseratis‘tNonne
320 2746 443 2811 intrabit
454 2746 564 2828 pietas,
572 2765 630 2830 que
644 2747 753 2809 clamat
765 2747 804 2809 ad
816 2747 934 2810 ianuam
948 2754 978 2812 ct
990 2753 1023 2811 ut
1036 2750 1215 2814 misereatur

30 2859 118 2918 tantus
143 2856 287 2938 princeps
307 2854 445 2917 ululantis
471 2854 593 2916 miserie
613 2854 792 2917 miserorum
811 2874 870 2917 non
895 2855 1005 2919 desinit
1023 2858 1216 2939 supplicare?

31 2963 114 3026 'luam
130 2965 226 3046 igitur
244 2963 439 3044 prudenciam
457 2963 606 3026 atteneius
626 2961 834 3032 exhortamur,
855 2970 1002 3046 quatenus
1024 2967 1119 3029 instes
1136 2968 1215 3048 apud

30 3070 196 3152 principem,
209 3073 244 3133 ut
252 3069 391 3132 restituat
403 3067 546 3132 iratribus
559 3069 668 3131 iratres
681 3088 761 3131 snos,
771 3069 809 3155 α)
818 3070 899 3132 Sane
911 3071 1063 3152 permittat
1074 3078 1215 3138 setantus

30 3179 159 3261 princeps
167 3179 206 3241 ad
219 3177 315 3240 instar
322 3176 485 3241 salvatoris
500 3195 517 3238 a
530 3176 642 3258 pietate
655 3175 820 3239 clemencie
832 3179 979 3259 superari,
991 3184 1024 3245 ut
1035 3182 1115 3244 iuxta
1129 3181 1216 3246 Sale·

30 3304 135 3351 monem
156 3287 294 3350 firmetur
316 3285 481 3348 clemencia
497 3286 622 3347 thronus
645 3285 719 3347 eius.
751 3285 851 3348 Nichil
868 3287 947 3348 enim
963 3287 993 3349 in
1009 3287 1116 3351 throno
1132 3288 1215 3370 regis

30 3393 275 3459 honorificencius
293 3394 473 3462 dominatur,
489 3392 580 3455 nichil
597 3398 658 3455 tam
674 3393 770 3474 ampla
795 3395 1000 3475 magnitudine
1019 3397 1145 3476 imperat
1168 3398 1215 3459 di-

30 3504 118 3583 gnius,
129 3503 226 3566 nichil
243 3502 380 3585 splendet
387 3501 424 3587 e)
441 3503 472 3562 in
489 3501 666 3563 celsitudine
684 3501 783 3562 cordis
800 3501 862 3571 alti,
880 3502 970 3564 nichil
987 3503 1214 3586 triumphalibus

29 3612 119 3691 tytulis
147 3611 248 3692 fulget
274 3609 449 3671 luminosius
478 3609 577 3670 aureis
605 3607 700 3670 literis
724 3606 993 3680 conscribendum,
1021 3631 1109 3694 quam
1132 3611 1214 3697 f)si

29 3719 184 3782 clemencia
200 3722 312 3799 regnat
327 3718 358 3779 in
374 3722 498 3798 pectore
515 3715 659 3797 principis
689 3719 720 3778 et
740 3715 847 3777 solium
870 3721 971 3779 teneat
987 3738 1213 3802 usquequaque.

28 3823 84 3889 lloc
99 3832 201 3890 autem
212 3825 257 3911 p)
269 3845 323 3907 pro
337 3829 421 3886 certo
433 3823 498 3886 fieri
511 3827 653 3888 censetur
666 3823 783 3905 quando
797 3823 986 3886 victoriosius
999 3845 1016 3887 a
1033 3827 1137 3889 celesti
1149 3828 1215 3909 pie·

27 3939 80 3996 tate
95 3935 228 3997 vincitur
245 3937 276 3994 et
292 3937 443 4012 sceptrum
458 3930 564 4012 regni,
579 3930 766 4011 palmamque
782 3930 908 3992 victorie
928 3930 1020 3994 tradit
1035 3934 1085 3996 illi.
1116 3935 1214 4015 Super

27 4042 137 4106 afflictis
154 4061 286 4124 namque
301 4041 350 4120 pia
367 4044 489 4121 gestans
505 4038 646 4120 princeps
657 4039 785 4108 viscera,
801 4039 944 4102 famosius
961 4040 1072 4123 ubique
1083 4043 1214 4105 clemen-

109 4298 140 4362 α)
156 4315 199 4350 am
214 4261 306 4349 llandc
325 4295 358 4347 al,
379 4293 559 4347 Penestrinus.
575 4323 611 4333 -
624 4291 655 4362 d)
671 4293 719 4346 sol.
740 4310 804 4346 rem.
824 4293 874 4346 aul
890 4294 984 4346 Rasur.
1009 4323 1036 4332 -
1058 4294 1090 4362 c)
1106 4296 1212 4358 fortem,
1276 4309 1280 4316 ·

27 4402 62 4438 am
80 4389 169 4440 Raude
189 4387 272 4439 alius:
293 4386 401 4438 sortem.
419 4413 448 4420 -
464 4382 499 4452 d)
515 4382 636 4436 nimirum
650 4384 731 4436 ll-l3r.
746 4400 800 4436 was
814 4383 909 4437 hcinen
928 4383 1037 4436 rechten
1051 4385 1115 4437 Sinn
1131 4385 1212 4452 giebt.

28 4507 53 4518 ·-
69 4477 97 4542 e)
113 4477 238 4530 subtilius
253 4474 366 4528 H-Breh.
391 4502 424 4512 -
446 4472 476 4542 f)
501 4478 624 4543 quantum
647 4473 818 4526 uuili-arou.
846 4503 874 4513 -
900 4474 933 4542 p)
954 4477 1039 4527 autem
1061 4470 1213 4528 am'Raudo.
