3108 5118
1167 314 1242 383 277

39 499 193 561 sicienter
211 498 253 584 a)
276 498 443 580 expostulet
471 518 523 559 suc
554 498 674 560 salutari
702 496 847 577 regimine
872 495 960 575 dirigi
991 499 1021 555 et
1048 491 1166 554 amabili
1191 509 1245 552 soa

39 608 208 688 presencia
239 607 409 675 confoveri,
439 606 566 668 eundem
596 606 724 671 electum
752 604 791 666 ad
818 605 913 684 ipsam
942 601 1102 663 ecelesiam
1130 598 1364 680 guber-rouo

39 702 175 777 mandam
205 719 317 796 quanto
350 715 437 777 citius
455 715 494 798 b)
527 713 677 776 destinare
711 711 890 793 dignemini,
922 731 958 771 ex
988 709 1089 771 innata
1121 711 1249 788 paterne·

39 822 215 884 clemencie
239 823 448 902 compassione
471 821 612 884 celeriter
643 820 831 902 expeditum,
863 817 922 880 nisi
954 818 1057 879 forsan
1088 815 1185 896 ipsum
1207 813 1245 896 c)

39 929 233 992 sublimioris
256 930 314 990 loci
336 929 508 1010 regiminis,
532 930 570 992 ad
588 929 667 1011 quod
684 929 788 1009 procul
812 926 902 989 dubio
924 928 1081 1005 reputatur
1101 923 1249 1004 ydoneus,

39 1045 148 1102 vestra
170 1039 223 1118 pia
247 1015 453 1100 consideracie
477 1058 530 1100 sue
552 1037 724 1099 multimode
746 1034 889 1098 bonitatis
911 1032 1054 1096 instinctu
1077 1037 1108 1093 ct
1124 1029 1249 1093 obtentu

40 1145 221 1210 decreverit
250 1146 462 1226 deputandum.
496 1146 644 1226 Sperator
671 1143 835 1225 siquidem,
865 1141 944 1222 quod
972 1159 1028 1222 per
1056 1159 1139 1209 eum,
1168 1138 1249 1200 velut

38 1274 97 1334 per
123 1253 317 1333 columpnam
344 1252 538 1324 immobilem,
566 1253 708 1315 fulcietur
735 1252 891 1332 imperium
920 1255 950 1312 et
972 1250 1002 1312 in
1025 1250 1111 1311 domo
1128 1246 1248 1310 Domini

38 1361 126 1424 idem
161 1360 278 1423 electus
316 1360 526 1426 nichilominus
564 1361 652 1422 velud
691 1360 768 1422 oliva
807 1359 963 1421 fructifera
1001 1358 1079 1420 omni
1109 1361 1246 1438 tempore

39 1467 234 1551 germinabit
254 1467 290 1554 ¹).
870 1465 872 1468 ’

105 1695 107 1697 g
138 1631 169 1682 ln
193 1645 307 1682 unserer
325 1629 427 1682 Formel
449 1628 559 1683 handelt
581 1647 610 1682 es
633 1631 690 1682 sich
710 1629 854 1699 allerdings
873 1627 944 1681 nicht
966 1645 1007 1680 um
1021 1627 1069 1680 das
1082 1626 1249 1681 Erebisthum

41 1719 126 1782 coln,
150 1719 270 1772 sondern
289 1737 333 1771 um
355 1720 398 1773 die
420 1720 545 1772 Prtlator
567 1719 662 1789 irgend
685 1721 759 1772 eines
783 1719 914 1772 lllosters.
941 1715 1104 1788 Angesirhte
1125 1718 1173 1769 der
1186 1733 1249 1769 aus-

41 1811 223 1864 drv'ichlichen
248 1808 436 1879 Bezeichnuog
467 1808 514 1862 der
540 1809 637 1863 Cdlner
662 1810 760 1863 llirche
792 1809 818 1860 in
845 1807 892 1860 der
919 1807 1035 1860 Gerberl
1060 1806 1251 1876 vorliegenden

40 1899 236 1960 llandsebrilt,
264 1899 324 1952 darl
344 1915 403 1952 man
426 1901 489 1952 eber
510 1900 579 1953 wohl
603 1901 763 1960 annehmen,
790 1899 838 1952 der
859 1898 977 1951 Dictator
998 1898 1066 1949 habe
1090 1897 1249 1949 willkiirlich

42 1988 235 2054 „Coloniensis
255 1989 387 2042 ecclesia“
413 1990 439 2042 in
466 1990 636 2056 „monasterii
656 1990 788 2045 ecclesia“
814 1987 977 2042 verwandelt
996 1987 1049 2038 und
1074 1984 1246 2055 lotgerichtig

42 2080 112 2134 auch
133 2084 231 2150 spdter
243 2081 394 2132 monasterii
414 2080 515 2133 electus
533 2083 646 2150 gesetzt.
670 2081 720 2133 Die
741 2077 923 2150 Mdgliehheit,
945 2079 1007 2130 dass
1027 2076 1076 2129 der
1088 2074 1174 2142 Kdnig
1187 2074 1246 2126 sich
1343 2133 1348 2152 ἢ

41 2170 84 2223 fur
104 2170 186 2222 einen
205 2169 258 2221 ΑΜ
283 2169 328 2221 mit
347 2168 491 2222 denselben
513 2172 622 2224 Worten
642 2169 792 2224 verwendet
810 2169 876 2222 habe
895 2167 943 2222 wie
963 2166 1004 2220 fiir
1019 2165 1068 2218 den
1082 2164 1248 2224 Erzbischef,

41 2260 76 2312 iet
91 2258 201 2312 lreilicb
220 2259 295 2310 nicht
310 2249 540 2329 ausgesehlossen.

624 2450 686 2517 cc.

490 2591 654 2672 lmperater
668 2608 746 2671 pape
757 2585 808 2670 d).

610 2712 688 2766 1275.

45 2823 76 2874 K.
90 2820 201 2890 lludolf
211 2827 352 2874 antwertct
364 2821 422 2874 dero
436 2822 520 2892 Popel
536 2823 637 2892 Greqor
651 2821 681 2873 X.
696 2821 749 2892 auf
758 2821 853 2876 deaeen
866 2821 953 2892 Brief
964 2838 1021 2874 vem
1034 2822 1083 2874 27.
1098 2821 1247 2876 Juni1275

120 2911 179 2963 und
191 2908 307 2963 lebetes
321 2909 362 2974 ab,
376 2910 426 2963 dac
439 2909 613 2981 Hercoptbum
627 2909 772 2965 Sebrooben
785 2928 819 2964 en
832 2913 863 2966 K.
878 2910 973 2981 Alfene
987 2910 1176 2993 curzuliefern.

141 3019 269 3076 Gerbert,
283 3017 311 3083 2,
329 3017 369 3069 12.

134 3127 338 3190 Beatitudinis
355 3127 392 3214 e]
414 3134 531 3201 vestre,
560 3135 647 3210 pater
669 3130 876 3202 sanctissime,
904 3131 1020 3194 litteras
1045 3150 1136 3212 super
1159 3131 1244 3212 pacis

44 3241 75 3298 et
93 3235 261 3298 concordie
277 3235 404 3307 unione,
428 3255 495 3297 cum
510 3256 585 3316 rege
604 3238 733 3301 Castelle
750 3238 852 3300 inclite
870 3239 1016 3310 ineunda,
1041 3257 1096 3319 per
1117 3257 1245 3300 venera-

40 3343 134 3406 bilem
164 3343 201 3404 N.
233 3341 372 3405 abbatem
402 3350 502 3406 nostre
532 3344 651 3407 culmini
687 3350 892 3427 presentalas,
925 3366 960 3407 ee
991 3347 1185 3408 revereneius
1215 3351 1245 3408 et

41 3453 189 3514 devocius
208 3453 391 3532 accepimus,
417 3472 475 3533 que
494 3453 599 3514 eedem
615 3453 721 3516 eximie
739 3453 859 3534 pietatis
878 3454 960 3516 cirea
977 3475 1031 3516 nos
1050 3455 1244 3516 clemenciam

40 3559 266 3622 exuberancius
296 3558 501 3639 exprimebant
518 3560 556 3645 2).
579 3599 615 3608 —
636 3560 747 3622 Earum
775 3561 868 3641 igitur
894 3561 1114 3640 respondentes
1146 3562 1243 3623 tenori

41 3668 190 3738 dicimus,
209 3671 238 3729 et
265 3686 319 3747 pre
342 3667 575 3729 incommutabili
598 3671 788 3731 sanctitatem
811 3674 941 3732 vestram
958 3669 1070 3731 habere
1098 3671 1244 3742 volumus,

41 3775 141 3858 quod,
180 3774 206 3835 si
238 3774 318 3837 iuxta
351 3774 481 3837 salubria
513 3776 710 3857 benignitatis
743 3783 841 3840 vestre
872 3778 1001 3849 monita,
1043 3799 1078 3839 ex
1109 3778 1243 3866 piissime

39 3882 235 3965 paternitatis
260 3881 369 3946 affectu
392 3885 567 3955 manancia‚
595 3904 701 3965 pacem
725 3906 792 3947 cum
821 3885 956 3948 omnibus
986 3886 1150 3950 christiane
1172 3888 1243 3949 reli-

41 3992 139 4074 gionis
164 3990 349 4059 cultoribus,
376 3997 517 4073 tanquam
544 3992 630 4073 pacis
658 3993 807 4055 verissimi
836 3999 1023 4064 sectatoreS,
1051 3995 1242 4075 quantumin

132 4153 166 4221 a)
183 4152 302 4205 scienter
317 4151 396 4205 Gerb.
417 4152 595 4206 indesinenter
617 4156 645 4206 Z.
666 4185 696 4196 -
717 4155 748 4225 d)
774 4155 930 4226 quantocius
948 4157 975 4211 Z.
997 4189 1025 4197 -
1047 4157 1078 4224 c)
1094 4156 1144 4226 ipsi
1159 4155 1186 4210 v.
1209 4186 1238 4195 -

40 4241 75 4310 d)
92 4259 162 4313 pape
177 4239 311 4295 ansredirl
327 4241 355 4294 V.
379 4271 408 4280 -
426 4243 456 4308 e)
472 4242 662 4298 Sanctitudinis
676 4246 704 4299 Z.

65 4457 87 4514 1)
105 4459 180 4501 Pealm
194 4456 234 4508 51,
252 4455 287 4498 lo.

64 4534 87 4596 ²)
105 4539 128 4584 S.
141 4539 187 4582 den
200 4535 265 4580 Briel
280 4538 394 4594 Gregor's
407 4537 433 4582 x.
448 4538 509 4582 oben
522 4553 545 4595 p.
560 4539 603 4583 112
618 4539 639 4582 tl.
