3112 5118
629 705 691 773 36.

390 891 468 971 Papo
482 890 575 956 telem
592 894 712 953 revocat
729 889 765 952 ad
783 889 922 970 groolsm.

459 1049 538 1104 1230.
553 1051 658 1119 August
670 1049 714 1102 28.
729 1048 856 1118 Anagnis.

73 1209 162 1278 (ἕτερον
178 1209 223 1260 ΙΧ.
240 1207 363 1277 bcprlleet
380 1206 446 1261 boob
465 1208 567 1279 ‹rr-frent
585 1206 727 1261 Friedrich
745 1208 779 1260 ll.
803 1205 872 1260 nocb
892 1207 988 1261 descen
1006 1205 1183 1278 Aueeobnanp
1203 1208 1250 1262 mit

69 1297 111 1349 der
122 1296 215 1351 Kircbe
226 1297 283 1352 und
294 1297 367 1351 bittet
381 1297 455 1357 Gott,
478 1315 509 1351 er
525 1305 601 1368 mo'pe
619 1299 678 1350 dem
692 1295 789 1350 Kaisar
801 1295 1016 1351 Bebcrrlicblcee't
1029 1297 1057 1352 in
1070 1297 1120 1350 der
1135 1296 1250 1368 Tupend

578 1385 720 1440 verleibcn.

144 1528 280 1590 boehmer,
293 1529 360 1601 neg.
374 1529 455 1598 Greg.
469 1528 524 1593 lx,
539 1547 582 1582 no.
596 1529 640 1583 30.

145 1670 177 1734 Si
190 1672 277 1734 rinna
293 1671 462 1735 discessum
478 1670 583 1753 Tobye
599 1670 650 1733 filii
667 1670 714 1734 sui
730 1690 790 1733 non
806 1671 976 1743 sustinens,
998 1671 1147 1753 pacientis
1164 1691 1247 1735 more

68 1775 184 1840 lacrimis
216 1777 379 1850 affluebat,
410 1778 436 1840 si
464 1798 547 1841 more
578 1778 766 1859 impacientis
799 1778 922 1841 exiliens
951 1779 1099 1842 circuibat
1125 1779 1247 1844 cottidie

69 1883 124 1946 vias
152 1905 222 1949 suas
249 1906 308 1968 per
322 1887 363 1971 a)
380 1905 455 1968 quas
483 1885 638 1949 remeandi
664 1884 775 1949 fiducia
802 1886 931 1950 reditum
958 1888 1045 1951 anxia
1068 1883 1247 1968 expectabat
1256 1907 1364 1951 rorem.

66 1993 219 2056 ellandem
241 1995 274 2056 in
295 1995 456 2075 supercilio
485 1993 594 2056 montis
622 1993 749 2080 sedens,
776 1994 841 2057 viso
864 1993 923 2056 filio
947 1994 984 2056 de
1007 1995 1171 2076 longinquo
1195 1994 1245 2078 b),

64 2097 251 2182 inexplicabili
268 2101 381 2183 gaudio
400 2101 565 2165 exultabat:
593 2091 704 2183 quanto
726 2100 819 2182 igitur
834 2121 914 2166 nunc
937 2103 1066 2184 tripudio
1084 2101 1247 2184 hylarescit

63 2213 147 2270 mater
169 2209 317 2281 ecclesia,
349 2229 407 2292 que
436 2208 529 2272 filium
557 2209 708 2271 excelsum
734 2195 789 2290 pre
817 2208 941 2292 regibus
963 2216 1044 2273 terre
1067 2208 1105 2271 de
1120 2210 1245 2290 regione

63 2313 302 2379 dissimilitudinis
334 2317 443 2399 recipit
473 2318 672 2381 redeuntem?
709 2317 775 2398 quis
807 2317 906 2381 valeat
936 2317 1037 2381 verbis
1068 2324 1120 2382 aut
1149 2317 1245 2381 literis

63 2424 212 2504 explicare,
230 2444 300 2488 cum
316 2444 376 2487 non
392 2425 432 2488 sit
447 2424 587 2494 bominis,
602 2424 658 2486 sed
675 2442 766 2505 supra
782 2423 862 2487 vires
876 2425 1093 2507 quodammodo
1107 2424 1247 2498 bominis,

63 2529 193 2596 affectum
209 2534 347 2615 perfecte
363 2553 454 2614 posse
472 2531 639 2613 exprimere
655 2551 711 2613 per
726 2531 888 2596 effectum?
908 2532 1082 2615 Magnificat
1098 2533 1247 2616 siquidem

61 2640 149 2703 anima
176 2646 283 2706 nostre
305 2640 466 2704 Dominum
494 2645 526 2703 et
553 2639 664 2702 exultet
695 2639 819 2720 spiritus
850 2646 954 2704 noster
981 2642 1013 2704 in
1028 2642 1093 2706 Deo
1125 2642 1247 2706 salutari

60 2753 169 2820 nostro,
198 2749 250 2831 qui
273 2754 304 2812 et
326 2747 579 2829 deprecacionem
601 2752 736 2809 nostram
752 2752 783 2810 et
797 2747 1020 2812 misericordias
1039 2769 1109 2814 suas
1126 2769 1144 2812 a
1160 2749 1246 2814 nobis

60 2873 113 2917 non
128 2855 164 2937 c)
180 2875 344 2926 amovens,
372 2854 457 2917 cordi
481 2861 534 2918 tuo
559 2853 799 2917 misericorditer
818 2855 993 2937 inspiravit,
1022 2861 1056 2919 ut
1077 2855 1175 2918 anime
1196 2861 1247 2919 tue

60 2964 156 3036 saluti,
184 2963 343 3047 dignitatis
372 2962 478 3024 honori
496 2967 526 3024 et
543 2962 635 3044 quieti
663 2961 823 3024 multorum
851 2963 974 3044 provide
1003 2963 1181 3036 consulens,
1208 2963 1247 3027 ad

58 3071 101 3151 pie
126 3074 228 3134 matris
258 3069 405 3152 gremium
434 3068 541 3131 devote
568 3068 703 3139 redires,
747 3087 805 3150 que
834 3068 864 3130 in
893 3070 1105 3150 expectacione
1132 3070 1247 3136 reditus

60 3179 97 3240 tui
111 3181 252 3242 maternis
271 3175 429 3246 affectibus
447 3176 583 3264 cruciata
600 3194 672 3256 sepe
688 3193 743 3256 pro
760 3180 812 3237 tua
835 3176 1009 3239 reversione
1038 3196 1093 3240 seu
1121 3197 1248 3240 conver-

59 3286 134 3349 sione
164 3287 236 3349 thus
262 3284 412 3347 oracionis
434 3284 562 3346 Domino
579 3282 755 3364 suppliciter
771 3282 917 3352 adolevit,
945 3288 976 3346 et
991 3285 1132 3366 ymol'avit
1146 3306 1200 3366 pro
1216 3291 1247 3348 te

60 3391 277 3472 lacrimabiliter
303 3392 411 3454 vitulos
439 3389 602 3461 labiorum,
629 3389 787 3452 multorum
815 3388 943 3453 filiorum
967 3391 998 3454 in
1026 3396 1056 3454 te
1083 3393 1248 3474 periculum

58 3501 300 3580 perhorrescens.
333 3499 421 3562 Nunc
454 3502 554 3562 autem
587 3497 657 3578 quia
687 3495 783 3559 maius
814 3501 863 3558 est
894 3498 1034 3578 gaudium
1066 3518 1158 3580 super
1187 3520 1246 3562 uno

58 3613 213 3686 peccatore
241 3606 444 3689 penitenciam
472 3609 599 3686 agente,
628 3622 717 3686 quam
744 3621 835 3684 supra
863 3605 1025 3685 nonaginta
1054 3612 1122 3670 octo
1146 3607 1244 3678 iustis,

59 3717 103 3796 qui
124 3737 156 3778 se
173 3716 339 3779 annunciat
360 3711 530 3794 penitencia
552 3730 612 3775 non
634 3729 741 3791 egere:
770 3709 880 3772 exultat
901 3712 1030 3776 ecclesie
1046 3715 1194 3795 generalis
1211 3735 1247 3778 eo

57 3823 131 3904 quod
145 3822 329 3886 tenebrosus
344 3819 451 3890 turbo,
480 3819 530 3901 qui
546 3837 624 3900 pene
641 3817 807 3880 involverat
823 3837 941 3881 omnem
955 3824 1085 3893 terram,
1112 3822 1172 3884 luci
1188 3842 1248 3885 non

58 3932 132 3995 cedit
159 3936 283 4014 optate,
310 3929 474 4010 fragorque
502 3926 624 3990 horride
652 3927 857 4007 tempestatis,
887 3928 937 4009 qui
960 3930 1059 3994 multis
1080 3930 1249 3994 minabatur

59 4039 212 4110 excidium,
224 4037 380 4101 arridente
397 4035 568 4100 serenitatis
585 4034 696 4115 gaudio
713 4034 895 4098 subsilescit.
939 4036 1003 4100 Nos
1019 4037 1111 4118 igitur
1125 4039 1247 4104 honoris

58 4153 85 4208 et
99 4148 200 4211 salutis
214 4153 268 4210 tue
280 4144 422 4226 precipue
436 4144 603 4224 proiectum
616 4142 743 4206 sinceris
757 4141 915 4206 affectibus
929 4144 1096 4225 cupientes,
1112 4146 1247 4214 altissimi

58 4254 293 4319 misericordiam
314 4250 524 4332 imploramus,
553 4253 700 4331 quatenus
725 4250 775 4332 qui
791 4255 821 4311 te
838 4251 990 4314 revocavit
1006 4253 1044 4314 ad
1060 4253 1169 4328 vitam,
1197 4255 1248 4320 det

140 4471 172 4535 n)
188 4483 239 4538 pro
256 4466 326 4520 V.-
340 4465 372 4532 b)
388 4463 506 4533 loliuquo
519 4464 549 4517 V.
568 4493 596 4503 -
613 4463 645 4527 c)
667 4479 718 4516 non
750 4464 999 4534 obergesehrieben.
